{"host":"dwyzfvnzfcqffr30","time":1609892829,"event":{"mods":["2.2 Compatiblity","Act Like it!","BaseMod","Beaked The Cultist","Better Altar","Better Match","Better Note","Better Sensory Stone","Better Skull","Better Third Choice","Clockwork Mod","Colored Map","Colored Powertips","Conspire","Downfall","Elementarium","GifTheSpireLib","Halation","Hermit","Hubris","Infinite Spire","Ironclad Rager","Jedi Mod","Menagerie","Mimic Mod","Minty Spire (QoL Compilation)","Permanent Neow","Random Character Button","Replay The Spire","Spicy Shops","StSLib","Stuff the Spire","The Construct","The Disciple","The Druid","The Marked","TheFirefly","Trackpad","vexMod"],"gold_per_floor":[462,462,462,536,461,615,665,665,696,872,965,965,1041,1229,1229,1444,1444,1558,1682,1682,1682,1682,1908,1100,1100,1100,1200,1224,1329,1433,1655,1655,1898,1898,2046,1971,1971,1995,306,451,451,593,593,593,745,745,841,841,841,866,866,866,7,7,7],"floor_reached":54,"playtime":5604,"items_purged":["ReplayTheSpireMod:Compounding Headache","ReplayTheSpireMod:Splinters","sneckomod:Bewildered","hubris:Lust"],"score":1522,"play_id":"836f7a47-856a-44a9-908f-edf761f07988","local_time":"20210105162709","is_ascension_mode":true,"campfire_choices":[{"floor":12,"key":"RECALL"},{"data":"1","floor":15,"key":"LIFT"},{"data":"2","floor":32,"key":"LIFT"},{"data":"3","floor":41,"key":"LIFT"},{"data":"ReplayTheSpireMod:Faulty Equipment","floor":44,"key":"SMITH"},{"floor":49,"key":"REST"},{"floor":52,"key":"REST"}],"circlet_count":0,"master_deck":["AscendersBane","beaked:Defend_Y+1","beaked:Defend_Y+1","beaked:Defend_Y+1","beaked:Defend_Y+1","beaked:Ceremony+1","beaked:Ceremony+1","beaked:Ceremony+1","sneckomod:Strike+1","theDruid:BriarArmor+1","HandOfGreed+1","MasterReality+1","beaked:Cower+1","beaked:ScreechingChant+1","beaked:VolatileMisfortune+1","beaked:Foresight+1","Menagerie:BeastSpirit+1","beaked:MaddeningMurmurs+1","Hallucinations","beaked:DigDeep+1","jedi:thedog","Parasite","hubris:Greed","hubris:Compulsion","beaked:MachineEssence+1","Overencumbered","beaked:BraceForImpact+1","beaked:BraceForImpact+1","beaked:RitualOfBody+1","StuffTheSpire:CuriosityCurse","Bite+1","Bite+1","Bite+1","Bite+1","Bite+1","hubris:Despair","Decay","hubris:Disease","Clumsy","Decay","hubris:Wrath","Slimebound:Icky","beaked:CrazyRituals+1"],"relics":["beaked:BlessedCoat","hubris:EvacipatedBox","infinitespire:EvilPickle","Juzu Bracelet","Bottled Tornado","Quantum Egg","Frozen Egg 2","Molten Egg 2","Toxic Egg 2","StuffTheSpire:TintedRock","sneckomod:BlankCard","Replay:Wax Seal","ReplayTheSpireMod:Ring of Collecting","Ring of Greed","MealTicket","hubris:MobiusCoin","ReplayTheSpireMod:Ring of Exchange","Ornamental Fan","Girya","hubris:Towel","Ring of Peace","conspire:TopHat","Replay:Baseball","Replay:Towering Pillar of Hats","TheAbacus","Mirror","Pet Ghost","ReplayTheSpireMod:Ring of Addiction","Mummified Hand","White Beast Statue","SacredBark","Ring of Fury","infinitespire:Lucky Rock","Mercury Hourglass","Bag of Marbles","SlaversCollar","Replay:Kaleidoscope","Regal Pillow","Oddly Smooth Stone","Bronze Scales","CaptainsWheel","halation:LettersToHer","trackpad:RapidFire","trackpad:BottledShadow","trackpad:WondrousWand"],"acts_visited":["Menagerie:Menagerie","TheCity","TheBeyond","TheEnding"],"potions_floor_usage":[30,31,33,35,40,42,45,50],"damage_taken":[{"damage":11,"enemies":"Menagerie:2_RABBITS","floor":1,"turns":5},{"damage":1,"enemies":"Menagerie:MonstrousExperiment","floor":4,"turns":3},{"damage":27,"enemies":"Menagerie:MaskedSummoner","floor":6,"turns":9},{"damage":4,"enemies":"Menagerie:WhisperingWraith","floor":9,"turns":6},{"damage":18,"enemies":"Menagerie:VoidReaper","floor":10,"turns":6},{"damage":15,"enemies":"Menagerie:WhisperingWraith","floor":11,"turns":6},{"damage":13,"enemies":"Menagerie:RedMage","floor":13,"turns":5},{"damage":13,"enemies":"Menagerie:MaskedSummoner","floor":14,"turns":8},{"damage":23,"enemies":"Menagerie:AVATARS","floor":16,"turns":6},{"damage":55,"enemies":"conspire:FuzzyDice","floor":18,"turns":7},{"damage":8,"enemies":"Spheric Guardian","floor":19,"turns":4},{"damage":17,"enemies":"Replay:Snechameleon","floor":23,"turns":5},{"damage":20,"enemies":"Shelled Parasite and Fungi","floor":29,"turns":6},{"damage":0,"enemies":"Centurion and Healer","floor":30,"turns":4},{"damage":0,"enemies":"Book of Stabbing","floor":31,"turns":4},{"damage":23,"enemies":"hubris:MusketHawk","floor":33,"turns":7},{"damage":10,"enemies":"3 Darklings","floor":35,"turns":4},{"damage":32,"enemies":"R_Hoarder","floor":40,"turns":4},{"damage":22,"enemies":"beaked:SuperParasite","floor":42,"turns":5},{"damage":55,"enemies":"Nemesis","floor":45,"turns":5},{"damage":0,"enemies":"Orb Walker","floor":47,"turns":3},{"damage":63,"enemies":"Donu and Deca","floor":50,"turns":6},{"damage":27,"enemies":"Shield and Spear","floor":54,"turns":2}],"seed_played":"-6470436558742141158","potions_obtained":[{"floor":6,"key":"SteroidPotion"},{"floor":16,"key":"FearPotion"},{"floor":19,"key":"jedi:StrikingPotion"},{"floor":26,"key":"Strength Potion"},{"floor":30,"key":"SpeedPotion"},{"floor":31,"key":"Regen Potion"},{"floor":33,"key":"Adrenaline Potion"},{"floor":35,"key":"SkillPotion"},{"floor":40,"key":"FearPotion"},{"floor":42,"key":"beaked:MendingBrew"},{"floor":45,"key":"SkillPotion"}],"is_trial":false,"path_per_floor":["M","?","?","M","?","E","?","?","MIM","E","M","R","M","E","R","B",null,"M","M","?","T","?","E","$","?","T","?","T","M","M","E","R","B",null,"M","?","?","T","$","E","R","E","T","R","E","?","M","?","R","B",null,"R","$","E"],"character_chosen":"BEAKED_THE_CULTIST","items_purchased":["beaked:RitualOfBody+1","Replay:Towering Pillar of Hats","TheAbacus","Mirror","SlaversCollar","Replay:Kaleidoscope","Regal Pillow","trackpad:RapidFire","trackpad:BottledShadow","trackpad:WondrousWand","beaked:CrazyRituals+1"],"campfire_rested":2,"item_purchase_floors":[24,24,24,24,39,39,39,53,53,53,53],"current_hp_per_floor":[45,50,38,45,45,43,43,43,47,40,39,39,47,47,47,45,47,36,43,43,43,43,47,47,47,47,32,32,32,30,30,30,30,30,30,30,30,30,28,28,28,28,28,28,15,15,28,31,29,29,29,29,29,0,0],"gold":7,"neow_bonus":"RANDOM_COLORLESS_2","is_daily":false,"chose_seed":false,"campfire_upgraded":1,"win_rate":0.0,"timestamp":1609892829,"path_taken":["M","?","?","M","?","E","?","?","MIM","E","M","R","M","E","R","BOSS","M","M","?","?","?","E","$","?","T","?","?","M","M","E","R","BOSS","M","?","?","?","$","E","R","E","T","R","E","?","M","?","R","BOSS","R","$","E"],"items_purchased_type":["Card","Relic","Relic","Relic","Relic","Relic","Relic","Relic","Relic","Relic","Card"],"build_version":"2020-12-22","purchased_purges":4,"victory":false,"max_hp_per_floor":[50,50,50,50,50,50,50,47,47,47,47,47,47,47,47,47,47,47,47,47,47,47,47,47,47,47,32,32,32,30,30,30,30,30,30,30,30,30,28,28,28,28,28,28,28,28,28,31,29,29,29,29,29,27,27],"card_choices":[{"not_picked":["Master of Strategy","StuffTheSpire:Recharge"],"picked":"HandOfGreed","floor":0},{"not_picked":["beaked:DigDeep+1","beaked:FeelMyPain+1"],"picked":"beaked:Cower+1","floor":1},{"not_picked":["beaked:ShadowFade+1","beaked:BloodForTheGods+1","beaked:Windmill+1"],"picked":"SKIP","floor":4},{"not_picked":["beaked:FakeOut+1","beaked:CheekyTricks+1"],"picked":"beaked:ScreechingChant+1","floor":5},{"not_picked":["ReplayTheSpireMod:Owlgaze+1","beaked:FullHouse+1"],"picked":"beaked:VolatileMisfortune+1","floor":5},{"not_picked":["beaked:Devastation+1","ReplayTheSpireMod:Prepare the Ceremony+1"],"picked":"beaked:Foresight+1","floor":6},{"not_picked":["beaked:Mantra+1","beaked:Brace+1"],"picked":"beaked:MaddeningMurmurs+1","floor":9},{"not_picked":["beaked:Sacrifice+1","beaked:FeelMyPain+1"],"picked":"beaked:DigDeep+1","floor":10},{"not_picked":["beaked:SurvivalInstinct+1","beaked:FeelMyPain+1","beaked:MimicMachine+1"],"picked":"SKIP","floor":11},{"not_picked":["beaked:WarriorEssence+1","beaked:Evade+1","beaked:Tweet+1"],"picked":"SKIP","floor":13},{"not_picked":["beaked:DigDeep+1","beaked:WarriorSpirit+1","beaked:Overexert+1"],"picked":"SKIP","floor":14},{"not_picked":["beaked:FakeOut+1","ReplayTheSpireMod:Owlgaze+1"],"picked":"beaked:MachineEssence+1","floor":16},{"not_picked":["beaked:Replenish+1","beaked:Poke+1"],"picked":"beaked:BraceForImpact+1","floor":18},{"not_picked":["beaked:Redirect+1","beaked:Poke+1","beaked:Resilience+1"],"picked":"SKIP","floor":19},{"not_picked":["beaked:DarkTribute+1","beaked:RuinSticks+1","beaked:Windmill+1"],"picked":"SKIP","floor":23},{"not_picked":["beaked:MachineSpirit+1","beaked:Evade+1","beaked:WindBringer+1"],"picked":"SKIP","floor":29},{"not_picked":["beaked:Overexert+1","beaked:Brace+1","beaked:Recite+1"],"picked":"SKIP","floor":30},{"not_picked":["beaked:FullHouse+1","beaked:Tweet+1","beaked:DigDeeper+1"],"picked":"SKIP","floor":31},{"not_picked":["beaked:Brace+1","beaked:CursingBlood+1","beaked:Tradeoff+1"],"picked":"SKIP","floor":35},{"not_picked":["beaked:ShadowFade+1","beaked:CheekyTricks+1","beaked:BraceForImpact+1"],"picked":"SKIP","floor":40},{"not_picked":["beaked:HuntressSpirit+1","beaked:Replenish+1","beaked:BounceBack+1"],"picked":"SKIP","floor":42},{"not_picked":["beaked:Hexing+1","beaked:Poke+1","beaked:MaddeningMurmurs+1"],"picked":"SKIP","floor":45},{"not_picked":["beaked:StunningBlow+1","beaked:Cower+1","beaked:RitualOfBody+1"],"picked":"SKIP","floor":47}],"player_experience":2600415,"relics_obtained":[{"floor":6,"key":"Replay:Wax Seal"},{"floor":7,"key":"ReplayTheSpireMod:Ring of Collecting"},{"floor":7,"key":"Ring of Greed"},{"floor":7,"key":"MealTicket"},{"floor":7,"key":"hubris:MobiusCoin"},{"floor":9,"key":"ReplayTheSpireMod:Ring of Exchange"},{"floor":10,"key":"Ornamental Fan"},{"floor":14,"key":"Girya"},{"floor":21,"key":"Ring of Peace"},{"floor":21,"key":"conspire:TopHat"},{"floor":23,"key":"Replay:Baseball"},{"floor":26,"key":"ReplayTheSpireMod:Ring of Addiction"},{"floor":26,"key":"Mummified Hand"},{"floor":26,"key":"White Beast Statue"},{"floor":26,"key":"SacredBark"},{"floor":28,"key":"Ring of Fury"},{"floor":28,"key":"infinitespire:Lucky Rock"},{"floor":31,"key":"Mercury Hourglass"},{"floor":38,"key":"Bag of Marbles"},{"floor":40,"key":"Oddly Smooth Stone"},{"floor":42,"key":"Bronze Scales"},{"floor":43,"key":"CaptainsWheel"},{"floor":45,"key":"halation:LettersToHer"}],"event_choices":[{"damage_healed":0,"gold_gain":0,"player_choice":"Simplicity","damage_taken":0,"max_hp_gain":0,"max_hp_loss":11,"event_name":"betterThird:BetterWriting","floor":0,"gold_loss":0},{"damage_healed":12,"gold_gain":0,"player_choice":"Goat","damage_taken":0,"max_hp_gain":0,"max_hp_loss":0,"event_name":"Menagerie:ThreeAnimals","floor":2,"gold_loss":0},{"damage_healed":0,"gold_gain":0,"player_choice":"RE ","damage_taken":14,"relics_obtained":["sneckomod:BlankCard"],"max_hp_gain":0,"max_hp_loss":0,"event_name":"betterSkull:BetterSkull","floor":3,"gold_loss":0,"cards_upgraded":[]},{"damage_healed":0,"gold_gain":0,"player_choice":"3","damage_taken":0,"max_hp_gain":0,"max_hp_loss":0,"event_name":"betterMatch:BetterMatch","floor":5,"gold_loss":0,"cards_obtained":["betterMatch:RareCard"]},{"damage_healed":0,"gold_gain":0,"player_choice":"Knelt","damage_taken":0,"max_hp_gain":0,"max_hp_loss":3,"event_name":"Menagerie:BeastSpiritShrine","floor":8,"gold_loss":0,"cards_obtained":["Menagerie:BeastSpirit"]},{"damage_healed":0,"gold_gain":0,"player_choice":"Read","damage_taken":0,"max_hp_gain":0,"max_hp_loss":0,"event_name":"The Library","floor":22,"gold_loss":0,"cards_obtained":["beaked:BraceForImpact"]},{"damage_healed":0,"gold_gain":0,"player_choice":"Became a vampire","damage_taken":0,"max_hp_gain":0,"max_hp_loss":15,"event_name":"Vampires","floor":27,"gold_loss":0,"cards_obtained":["Bite","Bite","Bite","Bite","Bite"]},{"damage_healed":0,"gold_gain":0,"player_choice":"3","damage_taken":0,"max_hp_gain":0,"max_hp_loss":0,"event_name":"betterMatch:BetterMatch","floor":36,"gold_loss":0,"cards_obtained":[]},{"damage_healed":0,"gold_gain":0,"player_choice":"Leave","damage_taken":0,"max_hp_gain":0,"max_hp_loss":0,"event_name":"conspire:Investor","floor":37,"gold_loss":0},{"damage_healed":0,"gold_gain":0,"player_choice":"Ignored","damage_taken":0,"max_hp_gain":0,"max_hp_loss":0,"event_name":"Transmorgrifier","floor":46,"gold_loss":0}],"is_beta":false,"boss_relics":[{"not_picked":["halation:Jellyphish","halation:BottledHappiness","StuffTheSpire:HistoryBook","Replay:Wanted Poster"]},{"not_picked":["vexMod:RockOfEvil","Lee\u0027s Waffle","OrangePellets"],"picked":"beaked:BlessedCoat"}],"items_purged_floors":[24,24,39,39],"is_endless":false,"potions_floor_spawned":[1,6,14,16,19,29,30,31,33,35,40,42,45,47],"killed_by":"Shield and Spear","ascension_level":12}}