{"host":"6z83uzbynvfpq20b","time":1609972572,"event":{"mods":["2.2 Compatiblity","Act Like it!","Aspiration","BaseMod","Beaked The Cultist","Better Note","BetterRewards","Clawfect","Conjunction","Conspire","Downfall","Energized Spire","Friendly Minions","GifTheSpireLib","Googly Eyes","Halation","Hallownest","Highlight Path","HololiveMod","Hubris","Hyrulean Relics","Infinite Spire","Ironclad Rager","Jedi Mod","LagranYue(???·?)","Lobotomy","Marisa????????","Marked Mod","Minty Spire (QoL Compilation)","Permanent Neow","Quarter Circle Forward PUNCH!","Quick Restart","READ ME - Snecko Mod","Rare Cards Sparkle","RatMod","Replay The Spire","Shop Mod","Small Relic Pack","Somnambulant","Spikes Relics","Spire Birthday Party","StSLib","Stuff the Spire","The Animator","The Construct","The Cursed","The Disciple","The Factory","The Hierophant","The Jungle","The Runesmith","The Servant 0.9.4","TheBandit","Trackpad","Unceasing Turn Reminder","Yuri Mod","[JumpMod]????","everything is the same but u backflip on backflip","slay the spire mod where everything is the same but ironclad has a cowboy hat","vexMod"],"gold_per_floor":[119,135,154,165,165,165,180,180,180,198,198,209,223,251,251,356,356,376,376,387,405,155,155,186,197,197,197,225,225,225],"floor_reached":29,"playtime":2823,"items_purged":[],"score":319,"play_id":"525dfb77-8040-4470-9dca-e058a0b2abdf","local_time":"20210106233612","is_ascension_mode":false,"campfire_choices":[{"data":"Anger","floor":6.0,"key":"SMITH"},{"data":"infinitespire:OneForAll","floor":8.0,"key":"SMITH"},{"data":"Bash","floor":15.0,"key":"SMITH"},{"floor":23.0,"key":"REST"},{"floor":27.0,"key":"REST"}],"circlet_count":0,"master_deck":["conspire:GhostlyStrike","conspire:GhostlyStrike","conspire:GhostlyStrike","conspire:GhostlyStrike","conspire:GhostlyStrike","conspire:GhostlyDefend","conspire:GhostlyDefend","conspire:GhostlyDefend","conspire:GhostlyDefend","Bash+1","Anger+1","UniverseFragment","Clash","infinitespire:OneForAll+1","FairyFestival","Battle Trance","jedi:harder","Twin Strike","OSAHOGD","Twin Strike","RedShoes","GremboGang"],"relics":["Burning Blood","HowToJump","LagranYue:RandomDrawCardRelic","CogitoBucket","jedi:heavyjacket","relicPack:OneForAll","Regal Pillow","hubris:TerracottaHorce","halation:Trompette","jedi:archwizardhat","StuffTheSpire:Expresso"],"acts_visited":["Exordium","TheCity"],"potions_floor_usage":[29],"damage_taken":[{"damage":0.0,"enemies":"Small Slimes","floor":1.0,"turns":3.0},{"damage":0.0,"enemies":"conspire:RoseBush","floor":2.0,"turns":5.0},{"damage":2.0,"enemies":"2 Louse","floor":3.0,"turns":3.0},{"damage":17.0,"enemies":"Gremlin Gang","floor":4.0,"turns":5.0},{"damage":0.0,"enemies":"2 Fungi Beasts","floor":7.0,"turns":3.0},{"damage":18.0,"enemies":"Exordium Wildlife","floor":10.0,"turns":4.0},{"damage":5.0,"enemies":"Large Slime","floor":12.0,"turns":5.0},{"damage":2.0,"enemies":"Looter","floor":13.0,"turns":3.0},{"damage":19.0,"enemies":"Lagavulin","floor":14.0,"turns":6.0},{"damage":58.0,"enemies":"Slime Boss","floor":16.0,"turns":9.0},{"damage":32.0,"enemies":"Spheric Guardian","floor":18.0,"turns":6.0},{"damage":1.0,"enemies":"3 Byrds","floor":20.0,"turns":7.0},{"damage":41.0,"enemies":"Shelled Parasite and Fungi","floor":21.0,"turns":4.0},{"damage":30.0,"enemies":"conspire:SneckoGhost","floor":24.0,"turns":8.0},{"damage":18.0,"enemies":"3 Cultists","floor":25.0,"turns":6.0},{"damage":54.0,"enemies":"Gremlin Leader","floor":28.0,"turns":7.0},{"damage":33,"enemies":"Snake Plant","floor":29,"turns":8}],"seed_played":"3101584869725124646","potions_obtained":[{"floor":1.0,"key":"Energy Potion"},{"floor":2.0,"key":"Death Potion"},{"floor":13.0,"key":"sneckomod:MuddlingPotion"},{"floor":14.0,"key":"FearPotion"},{"floor":24.0,"key":"Conjunction:LightningMarble"},{"floor":28.0,"key":"SteroidPotion"}],"is_trial":false,"path_per_floor":["M","M","M","M","?","R","M","R","T","M","?","M","M","E","R","B",null,"M","?","M","M","?","R","E","M","T","R","E","M"],"character_chosen":"IRONCLAD","items_purchased":[],"campfire_rested":2,"item_purchase_floors":[],"current_hp_per_floor":[80,80,80,69,69,69,75,75,75,63,63,64,70,62,62,16,64,42,42,52,19,19,58,40,32,32,71,28,0,0],"gold":225,"neow_bonus":"","is_daily":false,"chose_seed":false,"campfire_upgraded":3,"win_rate":0.0,"timestamp":1609972572,"path_taken":["M","M","M","M","?","R","M","R","T","M","?","M","M","E","R","BOSS","M","?","M","M","?","R","E","?","T","R","E","M"],"items_purchased_type":[],"build_version":"2020-12-22","purchased_purges":0,"victory":false,"max_hp_per_floor":[80,80,80,80,80,80,80,80,80,80,80,80,80,80,80,80,80,80,80,80,80,80,80,80,80,80,80,80,80,80],"card_choices":[{"not_picked":["Havoc","jedi:fear"],"picked":"Anger","floor":1.0},{"not_picked":["Scarecrow","Bloodbath"],"picked":"UniverseFragment","floor":1.0},{"not_picked":["Flame Barrier","Warcry","Sword Boomerang"],"picked":"SKIP","floor":2.0},{"not_picked":["Heavy Blade","conspire:Charge","Brutality"],"picked":"SKIP","floor":3.0},{"not_picked":["Havoc","Uppercut"],"picked":"Clash","floor":4.0},{"not_picked":["MHz","BeautyBeast","NakedNest"],"picked":"Singing Bowl","floor":4.0},{"not_picked":["Sever Soul","Dark Embrace"],"picked":"infinitespire:OneForAll","floor":7.0},{"not_picked":["ReplayTheSpireMod:LeadingStrike","Wild Strike","StuffTheSpire:Slingshot"],"picked":"SKIP","floor":10.0},{"not_picked":["HappyTeddy","SingingMachine"],"picked":"FairyFestival","floor":12.0},{"not_picked":["ReplayTheSpireMod:Strike From Hell","Twin Strike"],"picked":"Battle Trance","floor":12.0},{"not_picked":["Thunderclap","jedi:strikingstrike","Iron Wave"],"picked":"SKIP","floor":13.0},{"not_picked":["True Grit","Iron Wave","jedi:fear"],"picked":"SKIP","floor":14.0},{"not_picked":["rat:Execute","Feed"],"picked":"jedi:harder","floor":16.0},{"not_picked":["Thunderclap","Warcry","Heavy Blade"],"picked":"SKIP","floor":18.0},{"not_picked":["Yin","GalaxyChild"],"picked":"OSAHOGD","floor":20.0},{"not_picked":["Barricade","Fire Breathing","Warcry"],"picked":"SKIP","floor":20.0},{"not_picked":["Barricade","Fire Breathing","Warcry"],"picked":"SKIP","floor":20.0},{"not_picked":["Clash","Bloodletting"],"picked":"Twin Strike","floor":21.0},{"not_picked":["GreedKing","FieryBird"],"picked":"RedShoes","floor":21.0},{"not_picked":["Dual Wield","Flex","Hemokinesis"],"picked":"SKIP","floor":24.0},{"not_picked":["Body Slam+1","Havoc+1","Headbutt"],"picked":"SKIP","floor":25.0},{"not_picked":["Ghostly Armor","Impervious","Thunderclap"],"picked":"SKIP","floor":28.0}],"player_experience":331516,"relics_obtained":[{"floor":9.0,"key":"jedi:heavyjacket"},{"floor":14.0,"key":"Regal Pillow"},{"floor":24.0,"key":"halation:Trompette"},{"floor":26.0,"key":"jedi:archwizardhat"},{"floor":28.0,"key":"StuffTheSpire:Expresso"}],"event_choices":[{"damage_healed":0.0,"max_hp_gain":0.0,"max_hp_loss":0.0,"gold_gain":0.0,"event_name":"conspire:LoneGhost","player_choice":"Agree","floor":5.0,"gold_loss":0.0,"damage_taken":0.0},{"cards_removed":["FairyFestival"],"damage_healed":0.0,"max_hp_gain":0.0,"max_hp_loss":0.0,"gold_gain":0.0,"event_name":"betterNote:BetterNote","player_choice":"Take \u0026 Give","floor":19.0,"gold_loss":0.0,"damage_taken":0.0,"cards_obtained":["Twin Strike"]}],"is_beta":false,"boss_relics":[{"not_picked":["Replay:Drink Me","hubris:BlackHole"],"picked":"hubris:TerracottaHorce"}],"items_purged_floors":[],"is_endless":false,"potions_floor_spawned":[1,2,13,14,24,28],"killed_by":"Snake Plant","ascension_level":0}}