{"host":"bxn2em57qlx5u4i0","time":1609975720,"event":{"mods":["BaseMod","Colored Map","Colored Powertips","Highlight Path","Minty Spire (QoL Compilation)","Random Character Button","Relic Sorter","Relic Stats","StSLib","SuperFastMode"],"gold_per_floor":[115,115,131,131,56,66,66,100,100,100,110,144,169,4,24,24,24,24],"floor_reached":17,"playtime":380,"items_purged":[],"score":230,"play_id":"5b7ab8f0-7b2b-443e-a692-16f57c14771e","local_time":"20210106182840","is_ascension_mode":true,"campfire_choices":[{"floor":7.0,"key":"REST"},{"floor":9.0,"key":"REST"},{"data":"Dagger Spray","floor":16.0,"key":"SMITH"}],"circlet_count":0,"master_deck":["AscendersBane","Strike_G","Strike_G","Strike_G","Strike_G","Strike_G","Defend_G","Defend_G","Defend_G","Defend_G","Defend_G","Survivor","Neutralize","Finesse","Quick Slash","Poisoned Stab","Dagger Spray+1","Slice","Endless Agony","PiercingWail","Backstab"],"relics":["Ring of the Snake","WarpedTongs","Ornamental Fan","Centennial Puzzle","Blood Vial","Torii","Vajra"],"acts_visited":["Exordium"],"potions_floor_usage":[17,17],"damage_taken":[{"damage":4.0,"enemies":"Jaw Worm","floor":1.0,"turns":4.0},{"damage":13.0,"enemies":"Cultist","floor":3.0,"turns":4.0},{"damage":0.0,"enemies":"2 Louse","floor":6.0,"turns":3.0},{"damage":16.0,"enemies":"Gremlin Nob","floor":8.0,"turns":4.0},{"damage":3.0,"enemies":"Large Slime","floor":11.0,"turns":6.0},{"damage":15.0,"enemies":"3 Sentries","floor":12.0,"turns":7.0},{"damage":0.0,"enemies":"Looter","floor":15.0,"turns":2.0},{"damage":41,"enemies":"Slime Boss","floor":17,"turns":7}],"seed_played":"6815758163520525414","potions_obtained":[{"floor":8.0,"key":"Poison Potion"},{"floor":12.0,"key":"SkillPotion"}],"is_trial":false,"path_per_floor":["M","?","M","?","?","M","R","E","R","T","M","E","T","$","M","R","B"],"character_chosen":"THE_SILENT","items_purchased":["Vajra"],"campfire_rested":2,"item_purchase_floors":[14],"current_hp_per_floor":[55,55,42,16,16,16,35,19,38,38,37,24,24,24,26,26,0,0],"gold":24,"neow_bonus":"RANDOM_COLORLESS","is_daily":false,"chose_seed":false,"campfire_upgraded":1,"win_rate":0.0,"timestamp":1609975720,"path_taken":["M","?","?","?","?","M","R","E","R","T","M","E","?","$","M","R","BOSS"],"items_purchased_type":["Relic"],"build_version":"2020-12-22","purchased_purges":0,"victory":false,"max_hp_per_floor":[66,66,66,66,66,66,66,66,66,66,66,66,66,66,66,66,66,66],"relic_stats":{"Blood Vial":8,"Centennial Puzzle":[9],"Torii":7,"counters":[8,37],"Ornamental Fan":[76],"obtain_stats":[{"Blood Vial":10,"Centennial Puzzle":8,"Torii":12,"Ornamental Fan":4,"Vajra":14,"Ring of the Snake":0,"WarpedTongs":2},{"Blood Vial":4,"Centennial Puzzle":4,"Torii":6,"Ornamental Fan":2,"Vajra":6,"Ring of the Snake":0,"WarpedTongs":1},{"Blood Vial":15,"Centennial Puzzle":15,"Torii":28,"Ornamental Fan":8,"Vajra":28,"Ring of the Snake":0,"WarpedTongs":4}],"Ring of the Snake":[16],"WarpedTongs":[33]},"card_choices":[{"not_picked":["Good Instincts","Enlightenment"],"picked":"Finesse","floor":0.0},{"not_picked":["Underhanded Strike","Cloak And Dagger"],"picked":"Quick Slash","floor":1.0},{"not_picked":["Choke","Masterful Stab"],"picked":"Poisoned Stab","floor":3.0},{"not_picked":["Bane","Caltrops"],"picked":"Dagger Spray","floor":6.0},{"not_picked":["Envenom","Predator"],"picked":"Slice","floor":8.0},{"not_picked":["Deadly Poison","Backflip"],"picked":"Endless Agony","floor":11.0},{"not_picked":["Sucker Punch","Poisoned Stab"],"picked":"PiercingWail","floor":12.0},{"not_picked":["Deflect","Sucker Punch"],"picked":"Backstab","floor":15.0}],"player_experience":2856143,"relics_obtained":[{"floor":8.0,"key":"Centennial Puzzle"},{"floor":10.0,"key":"Blood Vial"},{"floor":12.0,"key":"Torii"}],"event_choices":[{"damage_healed":0.0,"max_hp_gain":0.0,"max_hp_loss":0.0,"gold_gain":0.0,"event_name":"Accursed Blacksmith","player_choice":"Rummage","floor":2.0,"gold_loss":0.0,"damage_taken":0.0,"relics_obtained":["WarpedTongs"],"cards_obtained":["Pain"]},{"damage_healed":0.0,"max_hp_gain":0.0,"max_hp_loss":0.0,"gold_gain":0.0,"event_name":"Scrap Ooze","player_choice":"Success","floor":4.0,"gold_loss":0.0,"damage_taken":26.0,"relics_obtained":["Ornamental Fan"]},{"cards_removed":["Pain"],"damage_healed":0.0,"max_hp_gain":0.0,"max_hp_loss":0.0,"gold_gain":0.0,"event_name":"The Cleric","player_choice":"Card Removal","floor":5.0,"gold_loss":75.0,"damage_taken":0.0}],"is_beta":false,"boss_relics":[],"items_purged_floors":[],"is_endless":false,"potions_floor_spawned":[8,12],"killed_by":"Slime Boss","ascension_level":20}}