{"host":"w3q5ijqu8eoknil3","time":1609899025,"event":{"mods":["AchievementEnabler","BaseMod","Block Reminder","Colored Map","Colored Powertips","Curses Come First","Minty Spire (QoL Compilation)","Quick Restart","Relic Stats","StSLib","ojb\u0027s Better Paths Mod","ojb\u0027s Info Mod","slay the spire mod where everything is the same but ironclad has a cowboy hat"],"gold_per_floor":[116,136,136,136,136,136,175,193,193,193,212,246,83,104,104,195,195,218,218,268,268,229,229,263,287,287,305,345,99,112,125,125,125,125],"floor_reached":33,"playtime":1241,"items_purged":[],"score":546,"play_id":"f68a402d-2307-4a22-b597-4f1ff4fc79c3","local_time":"20210106021025","is_ascension_mode":true,"campfire_choices":[{"data":"Predator","floor":6,"key":"SMITH"},{"data":"Noxious Fumes","floor":15,"key":"SMITH"},{"data":"Venomology","floor":23,"key":"SMITH"},{"data":"Corpse Explosion","floor":32,"key":"SMITH"}],"circlet_count":0,"master_deck":["AscendersBane","Defend_G+1","Defend_G+1","Defend_G+1","Defend_G+1","Survivor","Neutralize","Backstab+1","Choke+1","A Thousand Cuts+1","Predator+1","All Out Attack","Dagger Spray","Blade Dance","Noxious Fumes+1","Venomology+1","Acrobatics+1","Cloak And Dagger","Quick Slash","Footwork","Calculated Gamble","Dash","Deadly Poison+1","Corpse Explosion+1","Footwork+1","Finisher"],"relics":["Astrolabe","Golden Idol","Pear","Ancient Tea Set","Chemical X","Coffee Dripper","Oddly Smooth Stone","Shuriken","Frozen Egg 2","Bronze Scales"],"acts_visited":["Exordium","TheCity"],"potions_floor_usage":[12,14,16,24,25,27,28,31,33,33,33],"damage_taken":[{"damage":0,"enemies":"Small Slimes","floor":1,"turns":3},{"damage":0,"enemies":"2 Louse","floor":2,"turns":2},{"damage":28,"enemies":"Gremlin Nob","floor":7,"turns":4},{"damage":0,"enemies":"Cultist","floor":8,"turns":3},{"damage":6,"enemies":"Looter","floor":11,"turns":2},{"damage":10,"enemies":"3 Sentries","floor":12,"turns":3},{"damage":4,"enemies":"Red Slaver","floor":14,"turns":4},{"damage":15,"enemies":"Hexaghost","floor":16,"turns":8},{"damage":20,"enemies":"2 Thieves","floor":18,"turns":3},{"damage":10,"enemies":"Slavers","floor":24,"turns":5},{"damage":0,"enemies":"Spheric Guardian","floor":25,"turns":5},{"damage":8,"enemies":"Snake Plant","floor":27,"turns":3},{"damage":21,"enemies":"Gremlin Leader","floor":28,"turns":5},{"damage":2,"enemies":"3 Cultists","floor":30,"turns":3},{"damage":0,"enemies":"Cultist and Chosen","floor":31,"turns":5},{"damage":22,"enemies":"Automaton","floor":33,"turns":6}],"seed_played":"5467251303264746294","potions_obtained":[{"floor":1,"key":"SpeedPotion"},{"floor":12,"key":"Regen Potion"},{"floor":14,"key":"CultistPotion"},{"floor":18,"key":"Swift Potion"},{"floor":30,"key":"CultistPotion"}],"is_trial":false,"path_per_floor":["M","M","?","?","?","R","E","M","T","?","M","E","$","M","R","B",null,"M","?","?","?","$","R","E","M","T","M","E","$","M","M","R","B"],"character_chosen":"THE_SILENT","items_purchased":["Chemical X","Footwork","Bronze Scales","Footwork+1"],"campfire_rested":0,"item_purchase_floors":[13,22,29,29],"current_hp_per_floor":[59,59,59,59,59,59,41,41,41,41,35,25,25,33,33,18,57,37,37,37,37,37,37,27,27,27,19,21,21,19,19,19,0,0],"gold":125,"neow_bonus":"BOSS_RELIC","is_daily":false,"chose_seed":false,"campfire_upgraded":4,"win_rate":0.0,"timestamp":1609899025,"path_taken":["M","M","?","?","?","R","E","?","T","?","M","E","$","M","R","BOSS","M","?","?","?","$","R","E","M","T","M","E","$","?","M","R","BOSS"],"items_purchased_type":["Relic","Card","Relic","Card"],"build_version":"2020-12-22","purchased_purges":0,"victory":false,"max_hp_per_floor":[66,66,66,60,60,60,70,70,70,70,70,70,70,70,70,70,70,70,70,70,70,70,70,70,70,70,70,70,70,70,70,70,70,70],"relic_stats":{"counters":[16,64],"Golden Idol":80,"Shuriken":[13],"Astrolabe":["Backstab","Choke","A Thousand Cuts"],"Bronze Scales":[33],"Chemical X":[1],"obtain_stats":[{"Pear":7,"Golden Idol":4,"Shuriken":26,"Astrolabe":0,"Bronze Scales":29,"Oddly Smooth Stone":24,"Coffee Dripper":17,"Chemical X":13,"Frozen Egg 2":28,"Ancient Tea Set":9,"Ring of the Snake":0},{"Pear":3,"Golden Idol":2,"Shuriken":11,"Astrolabe":0,"Bronze Scales":13,"Oddly Smooth Stone":10,"Coffee Dripper":8,"Chemical X":6,"Frozen Egg 2":13,"Ancient Tea Set":4,"Ring of the Snake":0},{"Pear":9,"Golden Idol":5,"Shuriken":42,"Astrolabe":0,"Bronze Scales":50,"Oddly Smooth Stone":37,"Coffee Dripper":29,"Chemical X":17,"Frozen Egg 2":50,"Ancient Tea Set":12,"Ring of the Snake":0}]},"card_choices":[{"not_picked":["Prepared","Backflip"],"picked":"Predator","floor":1},{"not_picked":["Cloak And Dagger","Prepared"],"picked":"All Out Attack","floor":2},{"not_picked":["Grand Finale","Outmaneuver"],"picked":"Dagger Spray","floor":7},{"not_picked":["Slice","PiercingWail"],"picked":"Blade Dance","floor":8},{"not_picked":["Slice","Tactician"],"picked":"Noxious Fumes","floor":11},{"not_picked":["Outmaneuver","Sucker Punch"],"picked":"Acrobatics","floor":12},{"not_picked":["Quick Slash","Distraction","Bane"],"picked":"SKIP","floor":14},{"not_picked":["Phantasmal Killer","Wraith Form v2"],"picked":"Venomology","floor":16},{"not_picked":["Quick Slash","Dagger Spray"],"picked":"Acrobatics+1","floor":18},{"not_picked":["Deflect","Dagger Throw"],"picked":"Calculated Gamble","floor":24},{"not_picked":["Finisher","Riddle With Holes"],"picked":"Dash","floor":25},{"not_picked":["Flying Knee","All Out Attack"],"picked":"Deadly Poison+1","floor":27},{"not_picked":["Deflect","Reflex"],"picked":"Corpse Explosion","floor":28},{"not_picked":["Backflip","Tactician+1"],"picked":"Finisher","floor":30},{"not_picked":["Quick Slash","Slice","Dodge and Roll"],"picked":"SKIP","floor":31}],"player_experience":946069,"relics_obtained":[{"floor":7,"key":"Pear"},{"floor":9,"key":"Ancient Tea Set"},{"floor":24,"key":"Oddly Smooth Stone"},{"floor":26,"key":"Shuriken"},{"floor":28,"key":"Frozen Egg 2"}],"event_choices":[{"damage_healed":0,"gold_gain":0,"player_choice":"Ignored","damage_taken":0,"max_hp_gain":0,"max_hp_loss":0,"event_name":"Liars Game","floor":3,"gold_loss":0},{"damage_healed":0,"gold_gain":0,"player_choice":"Lose Max HP","damage_taken":0,"relics_obtained":["Golden Idol"],"max_hp_gain":0,"max_hp_loss":6,"event_name":"Golden Idol","floor":4,"gold_loss":0},{"cards_removed":["Strike_G"],"damage_healed":0,"gold_gain":0,"player_choice":"Offered Basic","damage_taken":0,"max_hp_gain":0,"max_hp_loss":0,"event_name":"Bonfire Elementals","floor":5,"gold_loss":0},{"cards_removed":["Strike_G"],"damage_healed":0,"gold_gain":0,"player_choice":"Card Removal","damage_taken":0,"max_hp_gain":0,"max_hp_loss":0,"event_name":"Wheel of Change","floor":10,"gold_loss":0},{"damage_healed":0,"gold_gain":0,"player_choice":"Simplicity","damage_taken":0,"max_hp_gain":0,"max_hp_loss":0,"event_name":"Back to Basics","floor":19,"gold_loss":0,"cards_upgraded":["Defend_G","Defend_G","Defend_G","Defend_G","Defend_G"]},{"damage_healed":0,"gold_gain":50,"player_choice":"Stole From Cult","damage_taken":0,"max_hp_gain":0,"max_hp_loss":0,"event_name":"Nest","floor":20,"gold_loss":0},{"damage_healed":0,"gold_gain":0,"cards_transformed":["Acrobatics","Defend_G"],"player_choice":"Became Test Subject","damage_taken":0,"max_hp_gain":0,"max_hp_loss":0,"event_name":"Drug Dealer","floor":21,"gold_loss":0,"cards_obtained":["Cloak And Dagger","Quick Slash"]}],"is_beta":false,"boss_relics":[{"not_picked":["Empty Cage","Pandora\u0027s Box"],"picked":"Coffee Dripper"}],"items_purged_floors":[],"is_endless":false,"potions_floor_spawned":[1,12,14,18,24,30],"killed_by":"Automaton","ascension_level":17}}