{"host":"bxn2em57qlx5u4i0","time":1609973315,"event":{"mods":["BaseMod","Colored Map","Colored Powertips","Highlight Path","Minty Spire (QoL Compilation)","Random Character Button","Relic Sorter","Relic Stats","StSLib","SuperFastMode"],"gold_per_floor":[10,10,30,44,44,44,77,2,2,2,18,18,36,50,50,50,50],"floor_reached":16,"playtime":427,"items_purged":["Strike_G"],"score":204,"play_id":"3dd6cfd7-3e18-4863-a59c-879aaa7c93b7","local_time":"20210106174835","is_ascension_mode":true,"campfire_choices":[{"data":"Burst","floor":6.0,"key":"SMITH"},{"floor":10.0,"key":"REST"},{"data":"Caltrops","floor":15,"key":"SMITH"}],"circlet_count":0,"master_deck":["AscendersBane","Strike_G","Strike_G","Strike_G","Defend_G","Defend_G","Defend_G","Survivor","Neutralize","Burst+1","Adrenaline","Calculated Gamble","Die Die Die","Dagger Throw","Backflip","Caltrops+1"],"relics":["Ring of the Snake","Golden Idol","Singing Bowl","Centennial Puzzle","Sundial"],"acts_visited":["Exordium"],"potions_floor_usage":[16],"damage_taken":[{"damage":0.0,"enemies":"2 Louse","floor":1.0,"turns":3.0},{"damage":0.0,"enemies":"Small Slimes","floor":3.0,"turns":3.0},{"damage":1.0,"enemies":"Cultist","floor":4.0,"turns":5.0},{"damage":49.0,"enemies":"3 Sentries","floor":7.0,"turns":12.0},{"damage":0.0,"enemies":"2 Fungi Beasts","floor":11.0,"turns":3.0},{"damage":12.0,"enemies":"Large Slime","floor":13.0,"turns":5.0},{"damage":0.0,"enemies":"Gremlin Gang","floor":14.0,"turns":2.0},{"damage":9,"enemies":"Hexaghost","floor":16,"turns":9}],"seed_played":"9222371644069831675","potions_obtained":[{"floor":3.0,"key":"AttackPotion"},{"floor":7.0,"key":"Dexterity Potion"},{"floor":14,"key":"DistilledChaos"}],"is_trial":false,"path_per_floor":["M","?","M","M","?","R","E","$","T","R","M","?","M","M","R","B"],"character_chosen":"THE_SILENT","items_purchased":[],"campfire_rested":1,"item_purchase_floors":[],"current_hp_per_floor":[59,59,59,58,51,51,2,2,2,20,20,20,8,8,8,0,0],"gold":50,"neow_bonus":"TRANSFORM_TWO_CARDS","is_daily":false,"chose_seed":false,"campfire_upgraded":2,"win_rate":0.0,"timestamp":1609973315,"path_taken":["M","?","M","M","?","R","E","$","T","R","M","?","M","M","R","BOSS"],"items_purchased_type":[],"build_version":"2020-12-22","purchased_purges":1,"victory":false,"max_hp_per_floor":[66,60,60,60,60,60,60,60,60,60,60,60,60,60,60,60,60],"relic_stats":{"Centennial Puzzle":[6],"Singing Bowl":0,"counters":[8,42],"Golden Idol":27,"Sundial":[6],"obtain_stats":[{"Centennial Puzzle":9,"Singing Bowl":7,"Golden Idol":2,"Sundial":12,"Ring of the Snake":0},{"Centennial Puzzle":4,"Singing Bowl":4,"Golden Idol":1,"Sundial":5,"Ring of the Snake":0},{"Centennial Puzzle":23,"Singing Bowl":23,"Golden Idol":3,"Sundial":26,"Ring of the Snake":0}],"Ring of the Snake":[16]},"card_choices":[{"not_picked":["Slice","Dagger Throw"],"picked":"Calculated Gamble","floor":1.0},{"not_picked":["Bane","Concentrate","Underhanded Strike"],"picked":"SKIP","floor":3.0},{"not_picked":["Outmaneuver","Concentrate","Dodge and Roll"],"picked":"SKIP","floor":4.0},{"not_picked":["Tactician","Dagger Spray"],"picked":"Die Die Die","floor":7.0},{"not_picked":["Outmaneuver","Bane"],"picked":"Dagger Throw","floor":11.0},{"not_picked":["PiercingWail","Prepared"],"picked":"Backflip","floor":13.0},{"not_picked":["Catalyst","Prepared"],"picked":"Caltrops","floor":14}],"player_experience":2854001,"relics_obtained":[{"floor":7.0,"key":"Singing Bowl"},{"floor":9.0,"key":"Centennial Puzzle"}],"event_choices":[{"damage_healed":0.0,"max_hp_gain":0.0,"max_hp_loss":6.0,"gold_gain":0.0,"event_name":"Golden Idol","player_choice":"Lose Max HP","floor":2.0,"gold_loss":0.0,"damage_taken":0.0,"relics_obtained":["Golden Idol"]},{"cards_removed":["Defend_G"],"damage_healed":0.0,"max_hp_gain":0.0,"max_hp_loss":0.0,"gold_gain":0.0,"event_name":"Golden Wing","player_choice":"Card Removal","floor":5.0,"gold_loss":0.0,"damage_taken":7.0},{"damage_healed":0.0,"max_hp_gain":0.0,"max_hp_loss":0.0,"gold_gain":0.0,"event_name":"WeMeetAgain","player_choice":"Gave Potion","floor":12.0,"gold_loss":0.0,"damage_taken":0.0,"relics_obtained":["Sundial"]}],"is_beta":false,"boss_relics":[],"items_purged_floors":[8],"is_endless":false,"potions_floor_spawned":[3,7,14],"killed_by":"Hexaghost","ascension_level":20}}