{"host":"k4et7hlhlqy8fuoz","time":1609933177,"event":{"mods":["2.2 Compatiblity","AchievementEnabler","BaseMod","Colored Map","DeckTracker","Highlight Path","Minty Spire (QoL Compilation)","Random Character Button","Rare Cards Sparkle"],"gold_per_floor":[115,115,190,202,68,97,111,122,146,146,159,169,169,181,181,281,281,294,63,63,36,36,36,49,49,49,75,92,92,92],"floor_reached":29,"playtime":1535,"items_purged":[],"score":245,"play_id":"b7b3e03c-9c06-4f46-88db-3ae6a6454511","local_time":"20210106123937","is_ascension_mode":false,"campfire_choices":[{"floor":10,"key":"REST"},{"floor":13,"key":"REST"},{"floor":15,"key":"REST"},{"data":"Crippling Poison","floor":23,"key":"SMITH"},{"floor":25,"key":"REST"}],"circlet_count":0,"master_deck":["Strike_G","Strike_G","Strike_G","Strike_G","Strike_G","Defend_G","Defend_G","Defend_G","Defend_G","Defend_G","Survivor","Neutralize","Deflect","Flying Knee","Finisher","Slice","Backflip","Endless Agony","Crippling Poison+1","Flechettes","Caltrops","Outmaneuver","Bane","Die Die Die","Acrobatics+1","Flash of Steel","Bouncing Flask","Choke","Underhanded Strike","Deadly Poison","Sucker Punch","Deadly Poison"],"relics":["Ring of the Snake","Bag of Preparation","Snake Skull","WristBlade","Boot","Ornamental Fan","StoneCalendar"],"acts_visited":["Exordium","TheCity"],"potions_floor_usage":[16,28],"damage_taken":[{"damage":5,"enemies":"Jaw Worm","floor":1,"turns":6},{"damage":5,"enemies":"2 Louse","floor":4,"turns":5},{"damage":33,"enemies":"Gremlin Nob","floor":6,"turns":5},{"damage":0,"enemies":"Small Slimes","floor":7,"turns":2},{"damage":8,"enemies":"Red Slaver","floor":8,"turns":2},{"damage":2,"enemies":"Looter","floor":11,"turns":2},{"damage":8,"enemies":"Exordium Thugs","floor":12,"turns":4},{"damage":11,"enemies":"3 Louse","floor":14,"turns":2},{"damage":61,"enemies":"Slime Boss","floor":16,"turns":13},{"damage":13,"enemies":"3 Byrds","floor":18,"turns":3},{"damage":10,"enemies":"Spheric Guardian","floor":24,"turns":3},{"damage":42,"enemies":"Book of Stabbing","floor":27,"turns":5},{"damage":29,"enemies":"3 Cultists","floor":28,"turns":4},{"damage":6,"enemies":"Snake Plant","floor":29,"turns":2}],"seed_played":"8070628164573261685","potions_obtained":[{"floor":1,"key":"Dexterity Potion"},{"floor":6,"key":"FearPotion"},{"floor":11,"key":"CunningPotion"},{"floor":14,"key":"Poison Potion"},{"floor":16,"key":"SteroidPotion"}],"is_trial":false,"path_per_floor":["M","?","?","M","$","E","M","M","T","R","M","M","R","M","R","B",null,"M","$","?","$","?","R","M","R","T","E","M","M"],"character_chosen":"THE_SILENT","items_purchased":["Finisher","Slice","Backflip","Flash of Steel","Bouncing Flask","Choke","Underhanded Strike"],"campfire_rested":4,"item_purchase_floors":[5,5,5,19,19,19,21],"current_hp_per_floor":[72,72,61,56,56,23,23,15,15,38,36,28,51,40,63,2,77,64,64,64,64,64,64,54,77,77,35,6,0,0],"gold":92,"neow_bonus":"TEN_PERCENT_HP_BONUS","is_daily":false,"chose_seed":false,"campfire_upgraded":1,"win_rate":0.0,"timestamp":1609933177,"path_taken":["M","?","?","M","?","E","M","M","T","R","M","M","R","M","R","BOSS","M","$","?","$","?","R","?","R","T","E","M","M"],"items_purchased_type":["Card","Card","Card","Card","Card","Card","Card"],"build_version":"2020-12-22","purchased_purges":0,"victory":false,"max_hp_per_floor":[77,77,77,77,77,77,77,77,77,77,77,77,77,77,77,77,77,77,77,77,77,77,77,77,77,77,77,77,77,77],"card_choices":[{"not_picked":["Bane","Quick Slash"],"picked":"Deflect","floor":1},{"not_picked":["Predator","Expertise"],"picked":"Flying Knee","floor":4},{"not_picked":["Riddle With Holes","Flying Knee"],"picked":"Endless Agony","floor":6},{"not_picked":["PiercingWail","All Out Attack"],"picked":"Crippling Poison","floor":7},{"not_picked":["Deflect","Infinite Blades"],"picked":"Flechettes","floor":8},{"not_picked":["Malaise","Outmaneuver"],"picked":"Caltrops","floor":11},{"not_picked":["Dodge and Roll","Flying Knee"],"picked":"Outmaneuver","floor":12},{"not_picked":["Quick Slash","Sucker Punch"],"picked":"Bane","floor":14},{"not_picked":["Phantasmal Killer","After Image"],"picked":"Die Die Die","floor":16},{"not_picked":["PiercingWail","Distraction"],"picked":"Acrobatics+1","floor":18},{"not_picked":["Reflex","Dagger Throw"],"picked":"Deadly Poison","floor":24},{"not_picked":["Prepared","After Image"],"picked":"Sucker Punch","floor":27},{"not_picked":["Dodge and Roll","Infinite Blades"],"picked":"Deadly Poison","floor":28}],"player_experience":65798,"relics_obtained":[{"floor":6,"key":"Bag of Preparation"},{"floor":9,"key":"Snake Skull"},{"floor":26,"key":"Ornamental Fan"},{"floor":27,"key":"StoneCalendar"}],"event_choices":[{"damage_healed":0,"gold_gain":0,"player_choice":"Leave","damage_taken":0,"max_hp_gain":0,"max_hp_loss":0,"event_name":"The Cleric","floor":2,"gold_loss":0},{"damage_healed":0,"gold_gain":75,"player_choice":"Gather Gold","damage_taken":11,"max_hp_gain":0,"max_hp_loss":0,"event_name":"World of Goop","floor":3,"gold_loss":0},{"damage_healed":0,"gold_gain":0,"player_choice":"Stole Relic","damage_taken":0,"relics_obtained":["Boot"],"max_hp_gain":0,"max_hp_loss":0,"event_name":"Addict","floor":20,"gold_loss":0,"cards_obtained":["Shame"]},{"cards_removed":["Shame"],"damage_healed":0,"gold_gain":0,"player_choice":"Card Removal","damage_taken":0,"max_hp_gain":0,"max_hp_loss":0,"event_name":"Wheel of Change","floor":22,"gold_loss":0}],"is_beta":false,"boss_relics":[{"not_picked":["Runic Dome","Black Star"],"picked":"WristBlade"}],"items_purged_floors":[],"is_endless":false,"potions_floor_spawned":[1,6,11,14,16,18,27],"killed_by":"Snake Plant","ascension_level":0}}