{"host":"nlbr7nnijupf3yfg","time":1609894835,"event":{"mods":["AchievementEnabler","BaseMod","Colored Powertips","DeckTracker","Downfall","Hubris","Minty Spire (QoL Compilation)","Replay The Spire","StSLib","SuperFastMode"],"gold_per_floor":[112,112,130,141,141,141,171,171,198,273,15,28,28,38,38,139,139,151,151,151],"floor_reached":19,"playtime":257,"items_purged":[],"score":167,"play_id":"6fed1138-7e2f-4d26-ad5e-e1602445b95d","local_time":"20210105200035","is_ascension_mode":false,"campfire_choices":[{"data":"Uppercut","floor":6.0,"key":"SMITH"},{"floor":8.0,"key":"REST"},{"floor":15.0,"key":"REST"}],"circlet_count":0,"master_deck":["Strike_R","Strike_R","Strike_R","Strike_R","Strike_R","Defend_R","Defend_R","Defend_R","Defend_R","Bash","Uppercut+1","Inflame","Pommel Strike","Barricade","Metallicize","Spot Weakness","Reaper"],"relics":["Burning Blood","NeowsBlessing","FaceOfCleric","Dream Catcher","Juzu Bracelet","Mummified Hand","Replay:Grab Bag"],"acts_visited":["Exordium","TheCity"],"potions_floor_usage":[],"damage_taken":[{"damage":0.0,"enemies":"Cultist","floor":1.0,"turns":1.0},{"damage":0.0,"enemies":"2 Louse","floor":3.0,"turns":1.0},{"damage":0.0,"enemies":"Small Slimes","floor":4.0,"turns":1.0},{"damage":16.0,"enemies":"Gremlin Nob","floor":7.0,"turns":4.0},{"damage":36.0,"enemies":"Exordium Wildlife","floor":12.0,"turns":7.0},{"damage":0.0,"enemies":"3 Louse","floor":14.0,"turns":3.0},{"damage":42.0,"enemies":"Hexaghost","floor":16.0,"turns":10.0},{"damage":39,"enemies":"Chosen","floor":18,"turns":8},{"damage":0,"enemies":"2 Thieves","floor":19,"turns":1}],"seed_played":"6770911366125180521","potions_obtained":[{"floor":1.0,"key":"FearPotion"},{"floor":4.0,"key":"SkillPotion"},{"floor":16.0,"key":"BloodPotion"}],"is_trial":false,"path_per_floor":["M","?","M","M","$","R","E","R","T","?","$","M","$","M","R","B",null,"M","M"],"character_chosen":"IRONCLAD","items_purchased":["Mummified Hand"],"campfire_rested":2,"item_purchase_floors":[11],"current_hp_per_floor":[80,80,81,82,82,82,73,83,83,72,72,43,43,50,75,40,86,54,54,54],"gold":151,"neow_bonus":"THREE_ENEMY_KILL","is_daily":false,"chose_seed":false,"campfire_upgraded":1,"win_rate":0.0,"timestamp":1609894835,"path_taken":["M","?","?","M","?","R","E","R","T","?","$","M","?","M","R","BOSS","M","M"],"items_purchased_type":["Relic"],"build_version":"2020-12-22","purchased_purges":0,"victory":false,"max_hp_per_floor":[80,80,81,82,82,82,83,83,83,83,83,84,84,85,85,86,86,87,87,87],"card_choices":[{"not_picked":["Body Slam","hubris:ReadiedAction"],"picked":"Uppercut","floor":1.0},{"not_picked":["Wild Strike","Replay:Undeath\u0027s Touch","ReplayTheSpireMod:Muscle Training"],"picked":"SKIP","floor":3.0},{"not_picked":["Warcry","Sever Soul"],"picked":"Inflame","floor":4.0},{"not_picked":["Disarm","Run Through"],"picked":"Pommel Strike","floor":7.0},{"not_picked":["hubris:ReadiedAction","Replay:Undeath\u0027s Touch"],"picked":"Barricade","floor":8.0},{"not_picked":["Searing Blow","Iron Wave"],"picked":"Metallicize","floor":12.0},{"not_picked":["Wild Strike","Run Through","Twin Strike"],"picked":"SKIP","floor":14.0},{"not_picked":["Uppercut","Run Through"],"picked":"Spot Weakness","floor":15.0},{"not_picked":["Juggernaut","Exhume"],"picked":"Reaper","floor":16.0},{"not_picked":["hubris:ReadiedAction","ReplayTheSpireMod:Strike From Hell+1","Intimidate"],"picked":"SKIP","floor":18}],"player_experience":34868,"relics_obtained":[{"floor":7.0,"key":"Dream Catcher"},{"floor":9.0,"key":"Juzu Bracelet"}],"event_choices":[{"damage_healed":0.0,"max_hp_gain":0.0,"max_hp_loss":0.0,"gold_gain":0.0,"event_name":"FaceTrader","player_choice":"Trade","floor":2.0,"gold_loss":0.0,"damage_taken":0.0,"relics_obtained":["FaceOfCleric"]},{"damage_healed":0.0,"max_hp_gain":0.0,"max_hp_loss":0.0,"gold_gain":75.0,"event_name":"World of Goop","player_choice":"Gather Gold","floor":10.0,"gold_loss":0.0,"damage_taken":11.0}],"is_beta":false,"boss_relics":[{"not_picked":["Ooze Armor","Painkiller Herb"],"picked":"Replay:Grab Bag"}],"items_purged_floors":[],"is_endless":false,"potions_floor_spawned":[1,4,16],"killed_by":"2 Thieves","ascension_level":0}}