{"host":"o2955cdxcjqh1w0j","time":1609895316,"event":{"mods":["AchievementEnabler","Aspiration","BaseMod","Challenge The Spire","Colored Map","Colored Powertips","Energized Spire","Halation","Highlight Path","Infinite Spire","Minty Spire (QoL Compilation)","Replay The Spire","StSLib"],"gold_per_floor":[114,114,114,128,128,128,155,155,155,339,368,368,368,379,418,428,428,538,538,556,655,655,668,685,685,685,685],"floor_reached":26,"playtime":1346,"items_purged":[],"score":253,"play_id":"048af29a-da4a-44c7-b9c0-3c8f243f612d","local_time":"20210105230836","is_ascension_mode":true,"campfire_choices":[{"data":"Survivor","floor":6,"key":"SMITH"},{"data":"Neutralize","floor":8,"key":"SMITH"},{"data":"Shrug It Off","floor":17,"key":"SMITH"},{"floor":25,"key":"REST"}],"circlet_count":0,"master_deck":["Strike_R","Strike_R","Strike_R","Strike_R","Defend_R","Defend_R","Defend_R","Defend_R","Iron Wave+1","Shrug It Off+1","Survivor+1","Neutralize+1","Iron Wave+1","Doubt","Shrug It Off","Iron Wave+1","Berserk"],"relics":["Burning Blood","NeowsBlessing","Replay:Bottled Eggs","infinitespire:BottledMercury","CeramicFish","halation:Trompette","Philosopher\u0027s Stone"],"acts_visited":["Exordium","TheCity"],"potions_floor_usage":[15,26,26,26,26,26],"damage_taken":[{"damage":0,"enemies":"Cultist","floor":1,"turns":1},{"damage":0,"enemies":"Small Slimes","floor":4,"turns":1},{"damage":0,"enemies":"Replay:BlueRogue","floor":7,"turns":1},{"damage":0,"enemies":"Jaw Worm","floor":11,"turns":5},{"damage":8,"enemies":"Large Slime","floor":14,"turns":9},{"damage":10,"enemies":"Lagavulin","floor":15,"turns":9},{"damage":0,"enemies":"Looter","floor":16,"turns":3},{"damage":14,"enemies":"The Guardian","floor":18,"turns":16},{"damage":5,"enemies":"Shell Parasite","floor":20,"turns":8},{"damage":11,"enemies":"3 Byrds","floor":23,"turns":10},{"damage":43,"enemies":"Snake Plant","floor":24,"turns":8},{"damage":58,"enemies":"Book of Stabbing","floor":26,"turns":8}],"seed_played":"1266001571265042726","potions_obtained":[{"floor":1,"key":"LiquidBronze"},{"floor":15,"key":"SpeedPotion"},{"floor":16,"key":"EntropicBrew"},{"floor":18,"key":"SteroidPotion"},{"floor":23,"key":"HeartOfIron"}],"is_trial":false,"path_per_floor":["M","T","?","M","?","R","E","R","T","?","M","PTL","PTL","M","E","M","R","B",null,"M","?","?","M","M","R","E"],"character_chosen":"IRONCLAD","items_purchased":[],"campfire_rested":1,"item_purchase_floors":[],"current_hp_per_floor":[80,80,80,80,80,80,80,80,80,80,80,80,80,78,74,80,80,72,80,80,80,72,67,30,54,0,0],"gold":685,"neow_bonus":"THREE_ENEMY_KILL","is_daily":false,"chose_seed":false,"campfire_upgraded":3,"win_rate":0.0,"timestamp":1609895316,"path_taken":["M","?","?","?","?","R","E","R","T","?","M","PTL","PTL","M","E","M","R","BOSS","M","?","?","M","?","R","E"],"items_purchased_type":[],"build_version":"2020-12-22","purchased_purges":0,"victory":false,"max_hp_per_floor":[80,80,80,80,80,80,80,80,80,80,80,80,80,80,80,80,80,80,80,80,80,80,80,80,80,80,80],"card_choices":[{"not_picked":["Sword Boomerang","Run Through"],"picked":"Iron Wave","floor":1},{"not_picked":["Thunderclap","Body Slam"],"picked":"Shrug It Off","floor":4},{"not_picked":["Pommel Strike","Defy Death"],"picked":"Iron Wave","floor":7},{"not_picked":["Wild Strike","Replay:Undeath\u0027s Touch"],"picked":"Shrug It Off","floor":11},{"not_picked":["Headbutt","Clash","Hemokinesis"],"picked":"SKIP","floor":14},{"not_picked":["Exhume","Clothesline"],"picked":"Iron Wave","floor":15},{"not_picked":["Sword Boomerang","Second Wind","Anger"],"picked":"SKIP","floor":16},{"not_picked":["Fiend Fire","Limit Break"],"picked":"Berserk","floor":18},{"not_picked":["Run Through+1","Thunderclap+1","Clothesline+1"],"picked":"SKIP","floor":20},{"not_picked":["Sword Boomerang","Clash","Thunderclap"],"picked":"SKIP","floor":23},{"not_picked":["Anger","Twin Strike","Replay:Undeath\u0027s Touch+1"],"picked":"SKIP","floor":24}],"player_experience":224323,"relics_obtained":[{"floor":2,"key":"Replay:Bottled Eggs"},{"floor":7,"key":"infinitespire:BottledMercury"},{"floor":9,"key":"CeramicFish"},{"floor":15,"key":"halation:Trompette"}],"event_choices":[{"cards_removed":["Strike_R"],"damage_healed":0,"gold_gain":0,"player_choice":"Purged","damage_taken":0,"max_hp_gain":0,"max_hp_loss":0,"event_name":"Purifier","floor":3,"gold_loss":0},{"damage_healed":0,"gold_gain":175,"player_choice":"AGREE","damage_taken":0,"max_hp_gain":0,"max_hp_loss":0,"event_name":"Liars Game","floor":10,"gold_loss":0,"cards_obtained":["Doubt"]},{"damage_healed":0,"gold_gain":99,"player_choice":"Stole From Cult","damage_taken":0,"max_hp_gain":0,"max_hp_loss":0,"event_name":"Nest","floor":21,"gold_loss":0}],"is_beta":false,"boss_relics":[{"not_picked":["energizedSpire:NeverEndingSparkler","halation:SmartPhone"],"picked":"Philosopher\u0027s Stone"}],"items_purged_floors":[],"is_endless":false,"potions_floor_spawned":[1,15,16,18,23,24],"killed_by":"Book of Stabbing","ascension_level":1}}