{"host":"kw4o7b3ro2ktmmbe","time":1609892311,"event":{"mods":["BaseMod","Evolution","Fireblade Mod","Minty Spire (QoL Compilation)","StSLib"],"gold_per_floor":[117,132,132,132,132,132,152,171,171,211,230,251,251,265,265,394,394,419,419,433,453,453,453,486,486,510,510,216,236,257,290,290,413,413,438,771,461,461,471,471,487,516,542,576,576,587,600,92,92,92],"floor_reached":51,"playtime":3736,"items_purged":["Pain"],"score":899,"play_id":"28836eaf-c80e-41b8-af57-925cb9ae644d","local_time":"20210106131831","is_ascension_mode":true,"campfire_choices":[{"data":"FireBladeMod:FireBarrier","floor":6.0,"key":"SMITH"},{"data":"FireBladeMod:ThirstForBlood","floor":15.0,"key":"SMITH"},{"data":"FireBladeMod:RapidHits","floor":23.0,"key":"SMITH"},{"data":"FireBladeMod:ThirstForBlood","floor":27.0,"key":"SMITH"},{"floor":32.0,"key":"REST"},{"data":"FireBladeMod:Improvise","floor":40,"key":"SMITH"},{"floor":45,"key":"REST"},{"data":"FireBladeMod:Speed","floor":49,"key":"SMITH"}],"circlet_count":0,"master_deck":["FireBladeMod:ScorchingStrike","FireBladeMod:StrikeFireBlade+1","FireBladeMod:StrikeFireBlade+1","FireBladeMod:DefendFireBlade+1","FireBladeMod:DefendFireBlade+1","FireBladeMod:DefendFireBlade+1","FireBladeMod:DefendFireBlade+1","FireBladeMod:FlamingSword","FireBladeMod:FireBarrier+1","FireBladeMod:ScorchingStrike","FireBladeMod:RapidDodges","FireBladeMod:ThirstForBlood+1","FireBladeMod:SoulSword","FireBladeMod:RollWithTheBlow","FireBladeMod:RapidHits+1","FireBladeMod:SteadyEndurance+1","FireBladeMod:Ignition","FireBladeMod:ThirstForBlood+1","FireBladeMod:DebilitatingBlow","FireBladeMod:Speed+1","FireBladeMod:DeathBlade","FireBladeMod:Improvise+1","FireBladeMod:SmashingEndurance+1","FireBladeMod:ThirdDegree+1","Mayhem","FireBladeMod:Speed+1"],"relics":["FireBladeMod:DuelistLocket","EVO:Axolotl","HornCleat","StrikeDummy","Sozu","WarpedTongs","MutagenicStrength","Sundial","Lantern","Medical Kit","Oddly Smooth Stone","Busted Crown","MealTicket","Bag of Preparation","Bag of Marbles","Orichalcum","Potion Belt","Happy Flower","Pantograph"],"acts_visited":["Exordium","TheCity","TheBeyond"],"potions_floor_usage":[],"damage_taken":[{"damage":6.0,"enemies":"Small Slimes","floor":1.0,"turns":3.0},{"damage":1.0,"enemies":"Jaw Worm","floor":2.0,"turns":4.0},{"damage":0.0,"enemies":"Cultist","floor":7.0,"turns":2.0},{"damage":3.0,"enemies":"Exordium Wildlife","floor":8.0,"turns":5.0},{"damage":2.0,"enemies":"3 Sentries","floor":10.0,"turns":3.0},{"damage":0.0,"enemies":"Blue Slaver","floor":11.0,"turns":3.0},{"damage":0.0,"enemies":"Lots of Slimes","floor":12.0,"turns":4.0},{"damage":0.0,"enemies":"Exordium Wildlife","floor":14.0,"turns":3.0},{"damage":18.0,"enemies":"Hexaghost","floor":16.0,"turns":8.0},{"damage":12.0,"enemies":"3 Byrds","floor":18.0,"turns":4.0},{"damage":8.0,"enemies":"Chosen","floor":20.0,"turns":4.0},{"damage":16.0,"enemies":"3 Cultists","floor":21.0,"turns":4.0},{"damage":18.0,"enemies":"Slavers","floor":24.0,"turns":4.0},{"damage":4.0,"enemies":"Sentry and Sphere","floor":29.0,"turns":4.0},{"damage":0.0,"enemies":"Snecko","floor":30.0,"turns":4.0},{"damage":3.0,"enemies":"Book of Stabbing","floor":31.0,"turns":4.0},{"damage":12.0,"enemies":"Champ","floor":33.0,"turns":7.0},{"damage":0.0,"enemies":"3 Shapes","floor":35.0,"turns":3.0},{"damage":0,"enemies":"3 Darklings","floor":39,"turns":4},{"damage":0,"enemies":"4 Shapes","floor":41,"turns":2},{"damage":9,"enemies":"Giant Head","floor":42,"turns":5},{"damage":9,"enemies":"Nemesis","floor":44,"turns":5},{"damage":0,"enemies":"Transient","floor":46,"turns":5},{"damage":0,"enemies":"Writhing Mass","floor":47,"turns":1},{"damage":46,"enemies":"Awakened One","floor":50,"turns":10}],"seed_played":"-6834515070351217775","potions_obtained":[{"floor":1.0,"key":"AttackPotion"},{"floor":10.0,"key":"Ancient Potion"},{"floor":12.0,"key":"Strength Potion"},{"floor":14.0,"key":"LiquidMemories"},{"floor":16.0,"key":"Regen Potion"}],"is_trial":false,"path_per_floor":["M","M","?","?","$","R","M","M","T","E","M","M","?","M","R","B",null,"M","?","M","M","?","R","E","?","T","R","$","M","M","E","R","B",null,"M","?","$","?","M","R","M","E","T","E","R","M","M","$","R","B",null],"character_chosen":"THE_FIREBLADE","items_purchased":["Medical Kit","FireBladeMod:DebilitatingBlow","MealTicket","Bag of Preparation","Pantograph","Mayhem","FireBladeMod:Speed"],"campfire_rested":2,"item_purchase_floors":[28,28,37,37,48,48,48],"current_hp_per_floor":[71,70,51,51,51,51,51,48,48,46,46,46,46,46,46,28,65,53,53,45,41,41,41,23,23,23,23,23,19,19,16,39,27,65,65,65,65,65,65,65,65,56,56,47,70,70,70,77,77,31],"gold":92,"neow_bonus":"TEN_PERCENT_HP_BONUS","is_daily":false,"chose_seed":false,"campfire_upgraded":6,"win_rate":0.0,"timestamp":1609892311,"path_taken":["M","M","?","?","$","R","?","M","T","E","M","M","?","M","R","BOSS","M","?","M","?","?","R","E","?","T","R","$","?","M","E","R","BOSS","M","?","$","?","M","R","M","E","T","E","R","M","?","$","R","BOSS"],"items_purchased_type":["Relic","Card","Relic","Relic","Relic","Card","Card"],"build_version":"2020-12-22","purchased_purges":1,"victory":true,"max_hp_per_floor":[77,77,77,77,77,77,77,77,77,77,77,77,77,77,77,77,77,77,77,77,77,77,77,77,77,77,77,77,77,77,77,77,77,77,77,77,77,77,77,77,77,77,77,77,77,77,77,77,77,77],"card_choices":[{"not_picked":["FireBladeMod:ComboSlashes","FireBladeMod:ComplexAttack"],"picked":"FireBladeMod:ScorchingStrike","floor":1.0},{"not_picked":["FireBladeMod:Unbalance","FireBladeMod:IronEndurance","FireBladeMod:FerventSlash"],"picked":"SKIP","floor":2.0},{"not_picked":["FireBladeMod:Unbalance","FireBladeMod:Turtle"],"picked":"FireBladeMod:RapidDodges","floor":7.0},{"not_picked":["FireBladeMod:GetPumped","FireBladeMod:BackhandSwing"],"picked":"FireBladeMod:ThirstForBlood","floor":8.0},{"not_picked":["FireBladeMod:ArmSmash","FireBladeMod:Robust"],"picked":"FireBladeMod:SoulSword","floor":10.0},{"not_picked":["FireBladeMod:Reposition","FireBladeMod:ComplexAttack","FireBladeMod:SoulStrike"],"picked":"SKIP","floor":11.0},{"not_picked":["FireBladeMod:Reposition","FireBladeMod:ComplexAttack","FireBladeMod:SoulStrike"],"picked":"SKIP","floor":11.0},{"not_picked":["FireBladeMod:Turtle","FireBladeMod:ComboCleave"],"picked":"FireBladeMod:RollWithTheBlow","floor":12.0},{"not_picked":["FireBladeMod:ComplexDefense","FireBladeMod:AdrenalineBoost","FireBladeMod:WellPrepared"],"picked":"SKIP","floor":14.0},{"not_picked":["FireBladeMod:LightningCombo","FireBladeMod:Ignition"],"picked":"FireBladeMod:RapidHits","floor":16.0},{"not_picked":["FireBladeMod:ComboCleave","FireBladeMod:ComboSlashes","FireBladeMod:SmokeInTheEyes"],"picked":"SKIP","floor":18.0},{"not_picked":["FireBladeMod:ComplexAttack","FireBladeMod:WellPrepared"],"picked":"FireBladeMod:SteadyEndurance+1","floor":20.0},{"not_picked":["FireBladeMod:SpinningSmash","FireBladeMod:StunningBlow+1"],"picked":"FireBladeMod:Ignition","floor":21.0},{"not_picked":["FireBladeMod:Reposition+1","FireBladeMod:SoulStrike"],"picked":"FireBladeMod:ThirstForBlood","floor":24.0},{"not_picked":["FireBladeMod:Reposition","FireBladeMod:ComplexAttack","FireBladeMod:SteadyEndurance"],"picked":"SKIP","floor":29.0},{"not_picked":["FireBladeMod:StingingSlash","FireBladeMod:OverCharge"],"picked":"FireBladeMod:Speed+1","floor":30.0},{"not_picked":["FireBladeMod:ComplexDefense","FireBladeMod:StingingSlash"],"picked":"FireBladeMod:DeathBlade","floor":31.0},{"not_picked":["FireBladeMod:Ignition","FireBladeMod:BodyAsFuel"],"picked":"FireBladeMod:Improvise","floor":33.0},{"not_picked":[],"picked":"FireBladeMod:ThirstForBlood","floor":35.0},{"not_picked":["FireBladeMod:SoulStrike"],"picked":"SKIP","floor":39},{"not_picked":["FireBladeMod:AdrenalineBoost+1"],"picked":"SKIP","floor":41},{"not_picked":[],"picked":"FireBladeMod:SmashingEndurance+1","floor":42},{"not_picked":[],"picked":"FireBladeMod:ThirdDegree+1","floor":44},{"not_picked":["FireBladeMod:Turtle+1"],"picked":"SKIP","floor":46},{"not_picked":["FireBladeMod:BasicSmash"],"picked":"SKIP","floor":47}],"player_experience":1858051,"relics_obtained":[{"floor":9.0,"key":"HornCleat"},{"floor":10.0,"key":"StrikeDummy"},{"floor":24.0,"key":"Sundial"},{"floor":26.0,"key":"Lantern"},{"floor":31.0,"key":"Oddly Smooth Stone"},{"floor":42,"key":"Orichalcum"},{"floor":43,"key":"Potion Belt"},{"floor":44,"key":"Happy Flower"}],"event_choices":[{"damage_healed":0.0,"max_hp_gain":0.0,"max_hp_loss":0.0,"gold_gain":0.0,"event_name":"Golden Idol","player_choice":"Take Damage","floor":3.0,"gold_loss":0.0,"damage_taken":19.0,"relics_obtained":["Golden Idol"]},{"cards_removed":["FireBladeMod:StrikeFireBlade"],"damage_healed":0.0,"max_hp_gain":0.0,"max_hp_loss":0.0,"gold_gain":0.0,"event_name":"Bonfire Elementals","player_choice":"Offered Basic","floor":4.0,"gold_loss":0.0,"damage_taken":0.0},{"damage_healed":0.0,"max_hp_gain":0.0,"max_hp_loss":0.0,"gold_gain":0.0,"event_name":"Liars Game","player_choice":"Ignored","floor":13.0,"gold_loss":0.0,"damage_taken":0.0},{"damage_healed":0.0,"max_hp_gain":0.0,"max_hp_loss":0.0,"gold_gain":0.0,"event_name":"Accursed Blacksmith","player_choice":"Rummage","floor":19.0,"gold_loss":0.0,"damage_taken":0.0,"relics_obtained":["WarpedTongs"],"cards_obtained":["Pain"]},{"damage_healed":0.0,"max_hp_gain":0.0,"max_hp_loss":0.0,"gold_gain":0.0,"event_name":"Drug Dealer","player_choice":"Inject Mutagens","floor":22.0,"gold_loss":0.0,"damage_taken":0.0,"relics_obtained":["MutagenicStrength"]},{"damage_healed":0.0,"max_hp_gain":0.0,"max_hp_loss":0.0,"gold_gain":0.0,"event_name":"Back to Basics","player_choice":"Simplicity","floor":25.0,"gold_loss":0.0,"damage_taken":0.0,"cards_upgraded":["FireBladeMod:StrikeFireBlade","FireBladeMod:StrikeFireBlade","FireBladeMod:DefendFireBlade","FireBladeMod:DefendFireBlade","FireBladeMod:DefendFireBlade","FireBladeMod:DefendFireBlade"]},{"damage_healed":0.0,"max_hp_gain":0.0,"max_hp_loss":0.0,"gold_gain":333.0,"event_name":"The Moai Head","player_choice":"Gave Idol","floor":36.0,"relics_lost":["Golden Idol"],"gold_loss":0.0,"damage_taken":0.0},{"cards_removed":["FireBladeMod:ThirstForBlood"],"damage_healed":0.0,"max_hp_gain":0.0,"max_hp_loss":0.0,"gold_gain":0.0,"event_name":"WeMeetAgain","player_choice":"Gave Card","floor":38.0,"gold_loss":0.0,"damage_taken":0.0,"relics_obtained":["Bag of Marbles"]}],"is_beta":false,"boss_relics":[{"not_picked":["FireBladeMod:TigerClaw","Runic Dome"],"picked":"Sozu"},{"not_picked":["SacredBark","Snecko Eye"],"picked":"Busted Crown"}],"items_purged_floors":[28],"is_endless":false,"potions_floor_spawned":[1,10,12,14,16,21,24,33,39,42,44],"ascension_level":5}}