{"host":"788p3pvxhs5s9n7p","time":1609945758,"event":{"mods":["AchievementEnabler","BaseMod","Minty Spire (QoL Compilation)","Replay The Spire","StSLib"],"gold_per_floor":[117,117,42,42,56,85,85,85,132,160,160,160,160,160,192,192,192,295,295,314,331,40,60,23,53,3,36,36,36,48,67,67,67,67,162,162,176,192,202,214,34,34,34],"floor_reached":42,"playtime":2534,"items_purged":["Strike_B","Defend_B"],"score":501,"play_id":"b39613cc-e7b7-428b-af9e-8423ac3c2dd7","local_time":"20210106090918","is_ascension_mode":true,"campfire_choices":[{"data":"Undo","floor":7,"key":"SMITH"},{"data":"Lockon","floor":14,"key":"SMITH"},{"data":"Defragment","floor":17,"key":"SMITH"},{"floor":29,"key":"REST"},{"data":"FIFO Queue","floor":32,"key":"SMITH"},{"data":"BasicCrystalCard","floor":34,"key":"SMITH"}],"circlet_count":0,"master_deck":["Strike_B","Strike_B","Strike_B","Defend_B","Defend_B","Defend_B","Zap","Dualcast","Lockon+1","Undo+1","Glacier+1","Defragment+1","Rebound","Beam Cell","Ball Lightning+1","Lockon","Machine Learning","Machine Learning","Redo+1","Coolheaded+1","Steam+1","Self Repair","Ball Lightning","FIFO Queue+1","Ball Lightning","Conserve Battery","BasicCrystalCard+1","Amplify","BasicCrystalCard+1","Hologram","Chaos+1","FIFO Queue"],"relics":["Cracked Core","NeowsBlessing","Ring of Fury","ReplayTheSpireMod:Ring of Collecting","Replay:Wax Seal","Bag of Preparation","Ring of Misfortune","PreservedInsect","Shuriken","ReplayTheSpireMod:Ring of Exchange","Garlic","OrangePellets","Prayer Wheel","Lantern","Orrery","Pen Nib","Pocketwatch","Ring of Panic","Replay:Bottled Flurry","Painkiller Herb"],"acts_visited":["Exordium","TheCity","TheBeyond"],"potions_floor_usage":[21,23,25,30,37,39,42],"damage_taken":[{"damage":0,"enemies":"2 Louse","floor":1,"turns":1},{"damage":0,"enemies":"Small Slimes","floor":5,"turns":1},{"damage":0,"enemies":"Lagavulin","floor":6,"turns":1},{"damage":18,"enemies":"3 Sentries","floor":10,"turns":6},{"damage":3,"enemies":"Gremlin Nob","floor":15,"turns":3},{"damage":20,"enemies":"The Guardian","floor":18,"turns":12},{"damage":4,"enemies":"Shell Parasite","floor":20,"turns":9},{"damage":0,"enemies":"3 Byrds","floor":21,"turns":5},{"damage":14,"enemies":"Shelled Parasite and Fungi","floor":23,"turns":5},{"damage":9,"enemies":"Gremlin Leader","floor":25,"turns":4},{"damage":47,"enemies":"Slavers","floor":27,"turns":5},{"damage":10,"enemies":"Centurion and Healer","floor":30,"turns":4},{"damage":4,"enemies":"Cultist and Chosen","floor":31,"turns":4},{"damage":24,"enemies":"Champ","floor":35,"turns":9},{"damage":19,"enemies":"3 Shapes","floor":37,"turns":3},{"damage":31,"enemies":"3 Darklings","floor":38,"turns":7},{"damage":31,"enemies":"Maw","floor":39,"turns":7},{"damage":0,"enemies":"Transient","floor":40,"turns":5},{"damage":48,"enemies":"Reptomancer","floor":42,"turns":3}],"seed_played":"2916292452122582308","potions_obtained":[{"floor":6,"key":"SteroidPotion"},{"floor":18,"key":"Dexterity Potion"},{"floor":20,"key":"Fire Potion"},{"floor":21,"key":"LiquidBronze"},{"floor":23,"key":"PotionOfCapacity"},{"floor":35,"key":"Explosive Potion"},{"floor":38,"key":"AttackPotion"},{"floor":40,"key":"DistilledChaos"}],"is_trial":false,"path_per_floor":["M","?","$","?","M","E","R","?","T","E","?","PTL","PTL","R","E","T","R","B",null,"M","M","$","M","$","E","?","E","T","R","M","M","R","?","R","B",null,"?","?","?","?","T","E"],"character_chosen":"DEFECT","items_purchased":["Lantern","Orrery","Self Repair","FIFO Queue"],"campfire_rested":1,"item_purchase_floors":[22,22,24,41],"current_hp_per_floor":[75,80,80,80,80,80,80,73,73,55,55,55,55,55,52,52,52,32,80,76,76,76,62,62,60,60,20,20,44,41,44,44,44,44,27,80,68,51,27,34,34,0,0],"gold":34,"neow_bonus":"THREE_ENEMY_KILL","is_daily":false,"chose_seed":false,"campfire_upgraded":5,"win_rate":0.0,"timestamp":1609945758,"path_taken":["M","?","$","?","M","E","R","?","T","E","?","PTL","PTL","R","E","?","R","BOSS","M","M","$","M","$","E","?","E","T","R","?","M","R","?","R","BOSS","?","?","?","?","T","E"],"items_purchased_type":["Relic","Relic","Card","Card"],"build_version":"2020-12-22","purchased_purges":2,"victory":false,"max_hp_per_floor":[75,80,80,80,80,80,80,80,80,80,80,80,80,80,80,80,80,80,80,80,80,80,80,80,80,80,80,80,80,80,80,80,80,80,80,80,80,80,80,80,80,80,80],"card_choices":[{"not_picked":["Gash","Barrage"],"picked":"Lockon","floor":1},{"not_picked":["Rebound","Hologram"],"picked":"Undo","floor":5},{"not_picked":["Barrage","Chill","FTL"],"picked":"SKIP","floor":6},{"not_picked":["Sweeping Beam","Ball Lightning"],"picked":"Glacier","floor":10},{"not_picked":["Crystallizer","Auto Shields"],"picked":"Defragment","floor":15},{"not_picked":["Amplify","Machine Learning"],"picked":"ReplayTheSpireMod:Fabricate Wheel","floor":18},{"not_picked":["Steam","Coolheaded"],"picked":"Rebound","floor":20},{"not_picked":["BasicCrystalCard","Panic Button"],"picked":"Beam Cell","floor":20},{"not_picked":["Doom and Gloom","Hello World"],"picked":"Ball Lightning+1","floor":21},{"not_picked":["Redo","BasicCrystalCard"],"picked":"Lockon","floor":21},{"not_picked":["ReplayTheSpireMod:Calculation Training","Conserve Battery"],"picked":"Machine Learning","floor":22},{"not_picked":["Rebound+1","Doom and Gloom+1"],"picked":"Machine Learning","floor":22},{"not_picked":["Coolheaded","ReplayGash"],"picked":"Redo+1","floor":22},{"not_picked":["Scrape","Static Discharge"],"picked":"Coolheaded+1","floor":22},{"not_picked":["Panic Button","Hello World"],"picked":"Steam+1","floor":23},{"not_picked":["Hello World","Blizzard","Coolheaded"],"picked":"SKIP","floor":23},{"not_picked":["Hyperbeam","ReplayTheSpireMod:Reroute Power"],"picked":"Ball Lightning","floor":25},{"not_picked":["Genetic Algorithm","Recycle"],"picked":"FIFO Queue","floor":27},{"not_picked":["FIFO Queue","Hologram"],"picked":"Ball Lightning","floor":30},{"not_picked":["Blizzard+1","Leap","ReplayTheSpireMod:GoodbyeWorld"],"picked":"SKIP","floor":30},{"not_picked":["Steam","Panic Button"],"picked":"Conserve Battery","floor":31},{"not_picked":["ReplayTheSpireMod:GoodbyeWorld","Gash","Compile Driver"],"picked":"SKIP","floor":31},{"not_picked":["Machine Learning","Mirror Shield"],"picked":"Amplify","floor":35},{"not_picked":["Hologram","Turbo"],"picked":"BasicCrystalCard+1","floor":37},{"not_picked":["Beam Cell","Force Field+1","ReplayTheSpireMod:GoodbyeWorld"],"picked":"SKIP","floor":37},{"not_picked":["Panic Button+1","Crystallizer","Hologram"],"picked":"SKIP","floor":38},{"not_picked":["Static Discharge+1","Gash+1","Sweeping Beam+1"],"picked":"SKIP","floor":38},{"not_picked":["Undo+1","Streamline+1"],"picked":"Hologram","floor":39},{"not_picked":["Blizzard","Hologram","Stack"],"picked":"SKIP","floor":39},{"not_picked":["Stack+1","Fusion"],"picked":"Chaos+1","floor":40},{"not_picked":["Rebound+1","Gash+1","ReplayTheSpireMod:System Scan+1"],"picked":"SKIP","floor":40}],"player_experience":138464,"relics_obtained":[{"floor":4,"key":"Ring of Fury"},{"floor":4,"key":"ReplayTheSpireMod:Ring of Collecting"},{"floor":6,"key":"Replay:Wax Seal"},{"floor":9,"key":"Bag of Preparation"},{"floor":9,"key":"Ring of Misfortune"},{"floor":10,"key":"PreservedInsect"},{"floor":15,"key":"Shuriken"},{"floor":16,"key":"ReplayTheSpireMod:Ring of Exchange"},{"floor":16,"key":"Garlic"},{"floor":25,"key":"Pen Nib"},{"floor":27,"key":"Pocketwatch"},{"floor":28,"key":"Ring of Panic"},{"floor":28,"key":"Replay:Bottled Flurry"}],"event_choices":[{"damage_healed":0,"gold_gain":0,"player_choice":"Donut","damage_taken":0,"max_hp_gain":5,"max_hp_loss":0,"event_name":"Big Fish","floor":2,"gold_loss":0},{"cards_removed":["Hallucinations"],"damage_healed":0,"gold_gain":0,"player_choice":"Card Removal","damage_taken":7,"max_hp_gain":0,"max_hp_loss":0,"event_name":"Golden Wing","floor":8,"gold_loss":0},{"damage_healed":0,"gold_gain":0,"player_choice":"Grow","damage_taken":0,"max_hp_gain":0,"max_hp_loss":0,"event_name":"Living Wall","floor":11,"gold_loss":0,"cards_upgraded":["Glacier"]},{"damage_healed":0,"gold_gain":0,"player_choice":"Bet on Murderer","damage_taken":0,"max_hp_gain":0,"max_hp_loss":0,"event_name":"The Joust","floor":26,"gold_loss":50},{"damage_healed":0,"gold_gain":0,"player_choice":"1 cards matched","damage_taken":0,"max_hp_gain":0,"max_hp_loss":0,"event_name":"Match and Keep!","floor":33,"gold_loss":0,"cards_obtained":["BasicCrystalCard"]}],"is_beta":false,"boss_relics":[{"not_picked":["Coffee Dripper","ReplayTheSpireMod:DimensionalGlitch"],"picked":"OrangePellets"},{"not_picked":["Replay:Wanted Poster","SlaversCollar"],"picked":"Painkiller Herb"}],"items_purged_floors":[3,41],"is_endless":false,"potions_floor_spawned":[6,18,20,21,23,35,38,40],"killed_by":"Reptomancer","ascension_level":1}}