{"host":"e52c7hvho6xny3hd","time":1609936863,"event":{"mods":["AchievementEnabler","BaseMod","Colored Map","DeckTracker","Minty Spire (QoL Compilation)","Permanent Neow","StSLib"],"gold_per_floor":[117,130,147,163,176,176,188,188,240,258,258,11,27,46,46,141,141,157,157,167,267,280,280,293,308,308,308,342,353,353,388,388,388,388],"floor_reached":33,"playtime":1776,"items_purged":[],"score":442,"play_id":"c3a08f07-9e94-4dec-b268-640bbdd09424","local_time":"20210106214103","is_ascension_mode":true,"campfire_choices":[{"data":"Chill","floor":6,"key":"SMITH"},{"data":"Defragment","floor":8,"key":"SMITH"},{"data":"Hologram","floor":11,"key":"SMITH"},{"data":"Chaos","floor":15,"key":"SMITH"},{"data":"Defragment","floor":23,"key":"SMITH"},{"data":"Seek","floor":27,"key":"SMITH"},{"floor":30,"key":"REST"},{"data":"Zap","floor":32,"key":"SMITH"}],"circlet_count":0,"master_deck":["AscendersBane","Strike_B+1","Strike_B+1","Defend_B","Defend_B","Defend_B","Zap+1","Dualcast","Chill+1","Chaos+1","FTL","Defragment+1","Hologram+1","Coolheaded","Seek+1","Go for the Eyes+1","Force Field+1","Reinforced Body+1","Ball Lightning","Cold Snap","Defragment+1","Cold Snap","BootSequence","Lockon+1"],"relics":["Cracked Core","Strawberry","Whetstone","Bottled Tornado","Astrolabe","Regal Pillow","Molten Egg 2"],"acts_visited":["Exordium","TheCity"],"potions_floor_usage":[],"damage_taken":[{"damage":0.0,"enemies":"Cultist","floor":1.0,"turns":4.0},{"damage":0.0,"enemies":"Small Slimes","floor":2.0,"turns":4.0},{"damage":5.0,"enemies":"2 Louse","floor":3.0,"turns":2.0},{"damage":14,"enemies":"Lots of Slimes","floor":4,"turns":6},{"damage":10,"enemies":"Red Slaver","floor":5,"turns":4},{"damage":14,"enemies":"Large Slime","floor":7,"turns":7},{"damage":0,"enemies":"Exordium Wildlife","floor":10,"turns":4},{"damage":4,"enemies":"Exordium Thugs","floor":13,"turns":4},{"damage":0,"enemies":"3 Louse","floor":14,"turns":4},{"damage":27,"enemies":"The Guardian","floor":16,"turns":12},{"damage":1,"enemies":"Chosen","floor":18,"turns":10},{"damage":1,"enemies":"Spheric Guardian","floor":20,"turns":4},{"damage":0,"enemies":"Snecko","floor":22,"turns":7},{"damage":18,"enemies":"Snake Plant","floor":24,"turns":4},{"damage":1,"enemies":"Sentry and Sphere","floor":25,"turns":6},{"damage":19,"enemies":"Slavers","floor":28,"turns":9},{"damage":0,"enemies":"Shelled Parasite and Fungi","floor":29,"turns":6},{"damage":12,"enemies":"Book of Stabbing","floor":31,"turns":6},{"damage":55,"enemies":"Automaton","floor":33,"turns":8}],"seed_played":"-1732146811394983945","potions_obtained":[{"floor":4,"key":"PowerPotion"},{"floor":5,"key":"SpeedPotion"},{"floor":10,"key":"LiquidMemories"}],"is_trial":false,"path_per_floor":["M","M","M","M","M","R","M","R","T","M","R","$","M","M","R","B",null,"M","?","M","?","M","R","M","M","T","R","E","M","R","E","R","B"],"character_chosen":"DEFECT","items_purchased":["Bottled Tornado"],"campfire_rested":1,"item_purchase_floors":[12],"current_hp_per_floor":[75,75,70,56,46,46,32,32,32,32,32,32,28,28,28,1,62,61,61,60,60,60,60,42,41,41,41,22,22,61,49,49,0,0],"gold":388,"neow_bonus":"RANDOM_COMMON_RELIC","is_daily":false,"chose_seed":false,"campfire_upgraded":7,"win_rate":0.0,"timestamp":1609936863,"path_taken":["M","M","M","M","M","R","M","R","T","?","R","$","M","M","R","BOSS","M","?","?","?","M","R","M","M","T","R","E","M","R","E","R","BOSS"],"items_purchased_type":["Relic"],"build_version":"2020-12-22","purchased_purges":0,"victory":false,"max_hp_per_floor":[82,82,82,82,82,82,82,82,82,82,82,82,82,82,82,82,82,82,82,82,82,82,82,82,82,82,82,82,82,82,82,82,82,82],"card_choices":[{"not_picked":["Streamline","Steam"],"picked":"Chill","floor":1.0},{"not_picked":["Barrage","Chill","Compile Driver"],"picked":"SKIP","floor":2.0},{"not_picked":["Redo","Darkness"],"picked":"Chaos","floor":3.0},{"not_picked":["Compile Driver","Steam","Undo"],"picked":"SKIP","floor":4},{"not_picked":["Turbo","Conserve Battery"],"picked":"FTL","floor":5},{"not_picked":["Seek","Hologram"],"picked":"Defragment","floor":7},{"not_picked":["Steam","Rebound"],"picked":"Hologram","floor":10},{"not_picked":["Skim","Turbo"],"picked":"Go for the Eyes","floor":13},{"not_picked":["Auto Shields","Turbo"],"picked":"Coolheaded","floor":14},{"not_picked":["Amplify","Fission"],"picked":"Seek","floor":16},{"not_picked":["Leap","Beam Cell+1"],"picked":"Ball Lightning","floor":18},{"not_picked":["Leap","White Noise"],"picked":"Cold Snap","floor":20},{"not_picked":["Turbo+1","Beam Cell"],"picked":"Defragment","floor":22},{"not_picked":["Steam Power","Reinforced Body+1"],"picked":"Cold Snap","floor":24},{"not_picked":["Beam Cell","Compile Driver","Heatsinks"],"picked":"SKIP","floor":25},{"not_picked":["Rebound","Consume","FTL"],"picked":"SKIP","floor":28},{"not_picked":["Barrage","Steam"],"picked":"BootSequence","floor":29},{"not_picked":["Go for the Eyes+1","Beam Cell+1"],"picked":"Lockon+1","floor":31}],"player_experience":632888,"relics_obtained":[{"floor":9,"key":"Whetstone"},{"floor":28,"key":"Regal Pillow"},{"floor":31,"key":"Molten Egg 2"}],"event_choices":[{"cards_removed":["Defend_B"],"damage_healed":0,"gold_gain":0,"player_choice":"Purged","damage_taken":0,"max_hp_gain":0,"max_hp_loss":0,"event_name":"Purifier","floor":19,"gold_loss":0},{"damage_healed":0,"gold_gain":100,"player_choice":"Pray","damage_taken":0,"max_hp_gain":0,"max_hp_loss":0,"event_name":"Golden Shrine","floor":21,"gold_loss":0}],"is_beta":false,"boss_relics":[{"not_picked":["Snecko Eye","Nuclear Battery"],"picked":"Astrolabe"}],"items_purged_floors":[],"is_endless":false,"potions_floor_spawned":[4,5,7,10,13,18,22,29,31],"killed_by":"Automaton","ascension_level":11}}