{"host":"uflv0e3ja7hvnij7","time":1609942509,"event":{"mods":["BaseMod","Better Altar","Better Match","Better Note","Better Sensory Stone","Better Skull","Better Third Choice","Conspire","Minty Spire (QoL Compilation)","Permanent Neow","Replay The Spire","StSLib"],"gold_per_floor":[211,31,31,31,49,49,49,49,49,49,63,76,76,88,88,88,88],"floor_reached":16,"playtime":650,"items_purged":["Strike_R"],"score":90,"play_id":"00dbad1a-4c6c-4a6d-a855-37282b4a17c5","local_time":"20210106091509","is_ascension_mode":false,"campfire_choices":[{"data":"Iron Wave","floor":6,"key":"SMITH"},{"data":"Ghostly Armor","floor":8,"key":"SMITH"},{"floor":15,"key":"DIG"}],"circlet_count":0,"master_deck":["Strike_R","Strike_R","Defend_R","Defend_R","Defend_R","Bash","Iron Wave+1","ReplayTheSpireMod:IOU","Distraction+1","Ghostly Armor+1","conspire:Purge+1"],"relics":["Burning Blood","ReplayTheSpireMod:CursedCoin","Golden Egg","Replay:Rubber Ducky","WingedGreaves","Bag of Preparation"],"acts_visited":["Exordium"],"potions_floor_usage":[16,16],"damage_taken":[{"damage":4,"enemies":"Jaw Worm","floor":1,"turns":5},{"damage":5,"enemies":"Small Slimes","floor":5,"turns":4},{"damage":8,"enemies":"conspire:RoseBush","floor":11,"turns":2},{"damage":11,"enemies":"Looter","floor":12,"turns":3},{"damage":5,"enemies":"Exordium Thugs","floor":14,"turns":5},{"damage":58,"enemies":"Hexaghost","floor":16,"turns":14}],"seed_played":"-595522634373056762","potions_obtained":[{"floor":11,"key":"GamblersBrew"},{"floor":12,"key":"Elixir"},{"floor":14,"key":"Reflective Coating"}],"is_trial":false,"path_per_floor":["M","$","?","?","M","R","?","R","T","?","M","M","?","M","R","B"],"character_chosen":"IRONCLAD","items_purchased":["ReplayTheSpireMod:CursedCoin","Golden Egg"],"campfire_rested":0,"item_purchase_floors":[2,2],"current_hp_per_floor":[80,80,68,68,69,69,69,69,69,69,67,62,62,63,63,5,5],"gold":88,"neow_bonus":"HUNDRED_GOLD","is_daily":false,"chose_seed":false,"campfire_upgraded":2,"win_rate":0.0,"timestamp":1609942509,"path_taken":["M","$","?","?","?","R","?","R","T","?","M","?","?","?","R","BOSS"],"items_purchased_type":["Relic","Relic"],"build_version":"2020-12-22","purchased_purges":1,"victory":false,"max_hp_per_floor":[80,80,80,80,80,80,80,80,80,80,80,80,80,80,80,80,80],"card_choices":[{"not_picked":["True Grit","Run Through"],"picked":"Iron Wave","floor":1},{"not_picked":["Sentinel","Run Through"],"picked":"Ghostly Armor","floor":5},{"not_picked":["Flex","Iron Wave"],"picked":"conspire:Purge","floor":11},{"not_picked":["Flex","Havoc","True Grit"],"picked":"SKIP","floor":12},{"not_picked":["Heavy Blade","Ghostly Armor","Feel No Pain"],"picked":"SKIP","floor":14}],"player_experience":496217,"relics_obtained":[{"floor":9,"key":"WingedGreaves"},{"floor":15,"key":"Bag of Preparation"}],"event_choices":[{"damage_healed":0,"gold_gain":0,"player_choice":"Forge","damage_taken":0,"max_hp_gain":0,"max_hp_loss":0,"event_name":"Accursed Blacksmith","floor":4,"gold_loss":0,"cards_upgraded":["Distraction"]},{"damage_healed":0,"gold_gain":0,"player_choice":"Leave","damage_taken":0,"max_hp_gain":0,"max_hp_loss":0,"event_name":"conspire:Investor","floor":7,"gold_loss":0},{"cards_removed":["Defend_R"],"damage_healed":0,"gold_gain":0,"player_choice":"Purged","damage_taken":0,"max_hp_gain":0,"max_hp_loss":0,"event_name":"Purifier","floor":10,"gold_loss":0},{"damage_healed":0,"gold_gain":0,"player_choice":"Bought 0 Potions","damage_taken":0,"max_hp_gain":0,"max_hp_loss":0,"event_name":"The Woman in Blue","floor":13,"gold_loss":0}],"is_beta":false,"boss_relics":[],"items_purged_floors":[2],"is_endless":false,"potions_floor_spawned":[11,12,14],"killed_by":"Hexaghost","ascension_level":0}}