{"host":"ly20tmf9be7b85hl","time":1609940604,"event":{"mods":["BaseMod","Colored Map","Keyboard Shortcuts","Minty Spire (QoL Compilation)","Permanent Neow","Quick Restart","SuperFastMode"],"gold_per_floor":[161,173,8,8,20,20,32,32,32,62,79,91,91,117,117,117,117],"floor_reached":16,"playtime":231,"items_purged":[],"score":249,"play_id":"af3588e1-234f-4bf9-b9e1-0aef1fe22f83","local_time":"20210106224324","is_ascension_mode":true,"campfire_choices":[{"data":"Backstab","floor":6.0,"key":"SMITH"},{"data":"Eviscerate","floor":8.0,"key":"SMITH"},{"data":"Neutralize","floor":13.0,"key":"SMITH"},{"data":"Poisoned Stab","floor":15.0,"key":"SMITH"}],"circlet_count":0,"master_deck":["AscendersBane","Strike_G","Strike_G","Strike_G","Strike_G","Defend_G+1","Defend_G","Defend_G","Defend_G","Defend_G","Survivor","Neutralize+1","Backflip","Backstab+1","Choke","Eviscerate+1","Dagger Throw","Well Laid Plans","Poisoned Stab+1","Crippling Poison"],"relics":["Tiny House","Membership Card","Thread and Needle","Mango","PreservedInsect"],"acts_visited":["Exordium"],"potions_floor_usage":[],"damage_taken":[{"damage":0.0,"enemies":"Small Slimes","floor":1.0,"turns":4.0},{"damage":3.0,"enemies":"Cultist","floor":2.0,"turns":5.0},{"damage":0.0,"enemies":"2 Louse","floor":5.0,"turns":2.0},{"damage":0.0,"enemies":"Looter","floor":7.0,"turns":1.0},{"damage":25.0,"enemies":"Lagavulin","floor":10.0,"turns":4.0},{"damage":4.0,"enemies":"Large Slime","floor":11.0,"turns":4.0},{"damage":0.0,"enemies":"Exordium Wildlife","floor":12.0,"turns":3.0},{"damage":24.0,"enemies":"Gremlin Nob","floor":14.0,"turns":4.0},{"damage":0,"enemies":"Hexaghost","floor":16,"turns":1}],"seed_played":"497369364837463064","potions_obtained":[{"floor":0.0,"key":"SkillPotion"},{"floor":1.0,"key":"SkillPotion"},{"floor":12.0,"key":"Strength Potion"},{"floor":14.0,"key":"GhostInAJar"}],"is_trial":false,"path_per_floor":["M","M","$","?","M","R","M","R","T","E","M","M","R","E","R","B"],"character_chosen":"THE_SILENT","items_purchased":["Membership Card"],"campfire_rested":0,"item_purchase_floors":[3],"current_hp_per_floor":[64,61,61,61,61,61,61,61,61,50,46,46,46,22,22,22,22],"gold":117,"neow_bonus":"BOSS_RELIC","is_daily":false,"chose_seed":false,"campfire_upgraded":4,"win_rate":0.0,"timestamp":1609940604,"path_taken":["M","M","$","?","M","R","?","R","T","E","M","M","R","E","R","BOSS"],"items_purchased_type":["Relic"],"build_version":"2020-12-22","purchased_purges":0,"victory":false,"max_hp_per_floor":[71,71,71,71,71,71,71,71,71,85,85,85,85,85,85,85,85],"card_choices":[{"not_picked":["Underhanded Strike","Dodge and Roll"],"picked":"Backflip","floor":0.0},{"not_picked":["PiercingWail","Cloak And Dagger"],"picked":"Backstab","floor":1.0},{"not_picked":["Dodge and Roll","Setup"],"picked":"Choke","floor":2.0},{"not_picked":["Slice","Bane"],"picked":"Dagger Throw","floor":5.0},{"not_picked":["Deadly Poison","Quick Slash"],"picked":"Well Laid Plans","floor":7.0},{"not_picked":["All Out Attack","Envenom","Dagger Throw"],"picked":"SKIP","floor":10.0},{"not_picked":["Concentrate","Blade Dance"],"picked":"Poisoned Stab","floor":11.0},{"not_picked":["Dodge and Roll","Corpse Explosion","Quick Slash"],"picked":"SKIP","floor":12.0},{"not_picked":["Deadly Poison","Eviscerate"],"picked":"Crippling Poison","floor":14.0}],"player_experience":844333,"relics_obtained":[{"floor":9.0,"key":"Thread and Needle"},{"floor":10.0,"key":"Mango"},{"floor":14.0,"key":"PreservedInsect"}],"event_choices":[{"damage_healed":0.0,"max_hp_gain":0.0,"max_hp_loss":0.0,"gold_gain":0.0,"cards_transformed":["Strike_G"],"event_name":"Transmorgrifier","player_choice":"Transformed","floor":4.0,"gold_loss":0.0,"damage_taken":0.0,"cards_obtained":["Eviscerate"]}],"is_beta":false,"boss_relics":[],"items_purged_floors":[],"is_endless":false,"potions_floor_spawned":[1,5,12,14],"killed_by":"Hexaghost","ascension_level":20}}