{"host":"8fuipfsvjht9cgcs","time":1609924777,"event":{"mods":["AchievementEnabler","BaseMod","Colored Map","Colored Powertips","Minty Spire (QoL Compilation)","Replay The Spire","StSLib","SuperFastMode","The Gatherer"],"gold_per_floor":[209,384,398,415,172,172,198,198,198,198,216,216,226,226,226,328,328,339,339,349,367,387,387,387,387,387],"floor_reached":24,"playtime":2634,"items_purged":["Doubt"],"score":223,"play_id":"f862253d-e6e3-47d2-8e23-e57f3612413d","local_time":"20210106221937","is_ascension_mode":false,"metric_token":605,"campfire_choices":[{"data":"Gatherer:QuickSynthesis","floor":6.0,"key":"SMITH"},{"data":"Gatherer:Centralize","floor":10.0,"key":"SMITH"},{"data":"Gatherer:Transmute","floor":12.0,"key":"SMITH"},{"data":"Gatherer:FlowerWhip","floor":15.0,"key":"SMITH"},{"floor":23,"key":"REST"}],"circlet_count":0,"master_deck":["Gatherer:Strike_Gatherer","Gatherer:Strike_Gatherer","Gatherer:Strike_Gatherer+1","Gatherer:Strike_Gatherer","Gatherer:Defend_Gatherer","Gatherer:Defend_Gatherer","Gatherer:Defend_Gatherer","Gatherer:Defend_Gatherer","Gatherer:Defend_Gatherer","Gatherer:Centralize+1","Gatherer:FlowerWhip+1","Gatherer:GlowingPlant","Gatherer:Shadow","Gatherer:Light","Gatherer:DrugPower","Gatherer:QuickSynthesis+1","Gatherer:BalancedGrowth+1","Gatherer:Transmute+1","Gatherer:Overflowing","Gatherer:Liquidism+1"],"relics":["Gatherer:AlchemyBag","Bag of Preparation","Frozen Egg 2","The Courier","Painkiller Herb","Gremlin Food"],"acts_visited":["Exordium","TheCity"],"potions_floor_usage":[16],"damage_taken":[{"damage":0.0,"enemies":"Small Slimes","floor":1.0,"turns":3.0},{"damage":1.0,"enemies":"Jaw Worm","floor":3.0,"turns":4.0},{"damage":0.0,"enemies":"2 Louse","floor":4.0,"turns":3.0},{"damage":0.0,"enemies":"3 Sentries","floor":7.0,"turns":6.0},{"damage":5.0,"enemies":"Exordium Thugs","floor":11.0,"turns":5.0},{"damage":6.0,"enemies":"Lots of Slimes","floor":13.0,"turns":4.0},{"damage":24,"enemies":"Fading Forest","floor":16,"turns":11},{"damage":7,"enemies":"Chosen","floor":18,"turns":3},{"damage":2,"enemies":"3 Byrds","floor":20,"turns":5},{"damage":39,"enemies":"Snake Plant","floor":21,"turns":6},{"damage":10,"enemies":"Chosen and Byrds","floor":22,"turns":6},{"damage":37,"enemies":"Slavers","floor":24,"turns":3}],"seed_played":"-6010626057211187231","potions_obtained":[{"floor":1.0,"key":"Fire Potion"},{"floor":7.0,"key":"Explosive Potion"},{"floor":13.0,"key":"Poison Potion"},{"floor":21,"key":"PowerPotion"}],"is_trial":false,"path_per_floor":["M","?","M","M","$","R","E","?","T","R","M","R","M","?","R","B",null,"?","?","?","?","?","T","E"],"character_chosen":"THE_GATHERER","items_purchased":["Bag of Preparation","Gatherer:QuickSynthesis"],"campfire_rested":1,"item_purchase_floors":[5,5],"current_hp_per_floor":[72,72,71,71,71,71,71,71,71,71,66,66,60,60,60,36,72,65,65,63,24,14,35,0,0,0],"gold":387,"neow_bonus":"HUNDRED_GOLD","is_daily":false,"chose_seed":false,"campfire_upgraded":4,"win_rate":0.0,"timestamp":1609924777,"path_taken":["M","?","M","M","$","R","E","?","T","R","M","R","M","?","R","BOSS","?","?","?","?","?","T","E"],"items_purchased_type":["Relic","Card"],"build_version":"2020-12-22","purchased_purges":1,"victory":false,"max_hp_per_floor":[72,72,72,72,72,72,72,72,72,72,72,72,72,72,72,72,72,72,72,72,72,72,72,72,72,72],"card_choices":[{"not_picked":["Gatherer:WitheringStrike","Gatherer:AromaProtection"],"picked":"Gatherer:GlowingPlant","floor":1.0},{"not_picked":["Gatherer:AcidicSpray","Gatherer:GatherMaterial"],"picked":"Gatherer:DrugPower","floor":3.0},{"not_picked":["Gatherer:WoolGloves","Gatherer:PotentialSlash","Gatherer:Solidify"],"picked":"SKIP","floor":4.0},{"not_picked":["Gatherer:Solidify","Gatherer:FlowerFalling"],"picked":"Gatherer:BalancedGrowth+1","floor":7.0},{"not_picked":["Gatherer:RecipeChange","Gatherer:CollectorsShot"],"picked":"Gatherer:Transmute","floor":11.0},{"not_picked":["Gatherer:RecipeChange","Gatherer:BigPouch","Gatherer:TacticalStrike"],"picked":"SKIP","floor":13.0},{"not_picked":["Gatherer:LuckyClover+1","Gatherer:GrowBook"],"picked":"Gatherer:Overflowing","floor":16},{"not_picked":["Gatherer:Transmute","Gatherer:FruitForce+1"],"picked":"Gatherer:Liquidism+1","floor":18},{"not_picked":["Gatherer:DrugPower","Gatherer:FeelingFine+1","Gatherer:Pollute"],"picked":"SKIP","floor":20},{"not_picked":["Gatherer:FragileHammer","Gatherer:Frenzy+1","Gatherer:SaveValuables"],"picked":"SKIP","floor":21},{"not_picked":["Gatherer:BigPouch","Gatherer:HeartToFruit","Gatherer:AromaProtection"],"picked":"SKIP","floor":22}],"player_experience":350950,"relics_obtained":[{"floor":7.0,"key":"Frozen Egg 2"},{"floor":9.0,"key":"The Courier"},{"floor":19,"key":"Gremlin Food"}],"event_choices":[{"damage_healed":0.0,"max_hp_gain":0.0,"max_hp_loss":0.0,"gold_gain":175.0,"event_name":"Liars Game","player_choice":"AGREE","floor":2.0,"gold_loss":0.0,"damage_taken":0.0,"cards_obtained":["Doubt"]},{"damage_healed":0.0,"max_hp_gain":0.0,"max_hp_loss":0.0,"gold_gain":0.0,"event_name":"Match and Keep!","player_choice":"0 cards matched","floor":14.0,"gold_loss":0.0,"damage_taken":0.0,"cards_obtained":[]},{"damage_healed":0,"gold_gain":0,"player_choice":"Relic","damage_taken":0,"max_hp_gain":0,"max_hp_loss":0,"event_name":"Wheel of Change","floor":19,"gold_loss":0}],"is_beta":false,"boss_relics":[{"not_picked":["Replay:Wanted Poster","Gatherer:ExplorersPath"],"picked":"Painkiller Herb"}],"items_purged_floors":[5],"is_endless":false,"potions_floor_spawned":[1,7,13,21],"killed_by":"Slavers","ascension_level":0}}