{"host":"ur405gpummdrt5xj","time":1609917456,"event":{"mods":["BaseMod","Colored Map","Minty Spire (QoL Compilation)","Quick Restart"],"gold_per_floor":[110,126,16,31,31,31,62,62,62,62,62,12,23,58,58,155,155,167,193,193,93,93,93,119,135,211,211,234,277,295,311,311,311,311],"floor_reached":33,"playtime":1109,"items_purged":["Strike_P","Strike_P"],"score":531,"play_id":"119582b6-c13b-4e5a-ad31-9a59f5f5c559","local_time":"20210105231736","is_ascension_mode":true,"campfire_choices":[{"data":"CutThroughFate","floor":6.0,"key":"SMITH"},{"floor":8.0,"key":"REST"},{"data":"Tantrum","floor":15,"key":"SMITH"},{"data":"DeusExMachina","floor":23,"key":"SMITH"},{"floor":27,"key":"REST"},{"data":"Scrawl","floor":32,"key":"SMITH"}],"circlet_count":0,"master_deck":["Strike_P+1","Strike_P","Defend_P","Defend_P","Defend_P","Eruption+1","Vigilance","CutThroughFate+1","Tantrum+1","EmptyFist","DeusExMachina+1","Scrawl+1"],"relics":["PureWater","Centennial Puzzle","Boot","White Beast Statue","StoneCalendar","Snecko Eye","Omamori","Meat on the Bone","Sundial","CeramicFish","CloakClasp"],"acts_visited":["Exordium","TheCity"],"potions_floor_usage":[11,30,33,33,33],"damage_taken":[{"damage":0.0,"enemies":"Cultist","floor":1.0,"turns":2.0},{"damage":2.0,"enemies":"Jaw Worm","floor":2.0,"turns":3.0},{"damage":0.0,"enemies":"Small Slimes","floor":4.0,"turns":2.0},{"damage":12.0,"enemies":"Lagavulin","floor":7.0,"turns":3.0},{"damage":6,"enemies":"Red Slaver","floor":13,"turns":2},{"damage":0,"enemies":"Gremlin Nob","floor":14,"turns":2},{"damage":0,"enemies":"Slime Boss","floor":16,"turns":6},{"damage":24,"enemies":"3 Byrds","floor":18,"turns":3},{"damage":17,"enemies":"Book of Stabbing","floor":24,"turns":3},{"damage":0,"enemies":"Chosen","floor":25,"turns":2},{"damage":9,"enemies":"Gremlin Leader","floor":29,"turns":3},{"damage":12,"enemies":"Snake Plant","floor":30,"turns":2},{"damage":3,"enemies":"Shelled Parasite and Fungi","floor":31,"turns":3},{"damage":63,"enemies":"Collector","floor":33,"turns":5}],"seed_played":"3685484905474587693","potions_obtained":[{"floor":1.0,"key":"Energy Potion"},{"floor":4.0,"key":"StancePotion"},{"floor":11,"key":"Fruit Juice"},{"floor":11,"key":"Swift Potion"},{"floor":30,"key":"BottledMiracle"}],"is_trial":false,"path_per_floor":["M","M","$","M","?","R","E","R","T","?","?","$","M","E","R","B",null,"M","T","?","$","?","R","E","M","T","R","T","E","M","M","R","B"],"character_chosen":"WATCHER","items_purchased":["Tantrum","EmptyFist"],"campfire_rested":2,"item_purchase_floors":[3,12],"current_hp_per_floor":[65,63,63,63,49,49,37,58,58,63,68,68,62,62,62,62,77,53,53,53,53,53,53,36,48,48,72,72,63,51,48,48,0,0],"gold":311,"neow_bonus":"RANDOM_COMMON_RELIC","is_daily":false,"chose_seed":false,"campfire_upgraded":4,"win_rate":0.0,"timestamp":1609917456,"path_taken":["M","M","$","M","?","R","E","R","T","?","?","$","M","E","R","BOSS","M","?","?","$","?","R","E","M","T","R","?","E","M","M","R","BOSS"],"items_purchased_type":["Card","Card"],"build_version":"2020-12-22","purchased_purges":2,"victory":false,"max_hp_per_floor":[72,72,72,72,72,72,72,72,72,77,82,82,82,82,82,82,82,82,82,82,82,82,82,82,82,82,82,82,82,82,82,82,82,82],"card_choices":[{"not_picked":["Vengeance","InnerPeace","Crescendo"],"picked":"SKIP","floor":1.0},{"not_picked":["InnerPeace","Evaluate"],"picked":"CutThroughFate","floor":2.0},{"not_picked":["DeceiveReality","EmptyBody","Crescendo"],"picked":"SKIP","floor":4.0},{"not_picked":["FearNoEvil","SignatureMove","CrushJoints"],"picked":"SKIP","floor":7.0},{"not_picked":["Conclude","DeceiveReality","EmptyBody"],"picked":"SKIP","floor":13},{"not_picked":["EmptyFist","Halt","FollowUp"],"picked":"SKIP","floor":14},{"not_picked":["ConjureBlade","MasterReality"],"picked":"DeusExMachina","floor":16},{"not_picked":["Pray","FearNoEvil+1","EmptyBody"],"picked":"SKIP","floor":18},{"not_picked":["FollowUp","Alpha","Pray"],"picked":"SKIP","floor":24},{"not_picked":["Swivel","Halt","Wallop"],"picked":"SKIP","floor":25},{"not_picked":["WheelKick","Evaluate"],"picked":"Scrawl","floor":29},{"not_picked":["CrushJoints","JustLucky+1","Collect"],"picked":"SKIP","floor":30},{"not_picked":["ThirdEye","Wallop","BowlingBash+1"],"picked":"SKIP","floor":31}],"player_experience":531880,"relics_obtained":[{"floor":7.0,"key":"Boot"},{"floor":9.0,"key":"White Beast Statue"},{"floor":14,"key":"StoneCalendar"},{"floor":19,"key":"Omamori"},{"floor":24,"key":"Meat on the Bone"},{"floor":26,"key":"Sundial"},{"floor":28,"key":"CeramicFish"},{"floor":29,"key":"CloakClasp"}],"event_choices":[{"damage_healed":0.0,"max_hp_gain":0.0,"max_hp_loss":0.0,"gold_gain":0.0,"event_name":"Shining Light","player_choice":"Entered Light","floor":5.0,"gold_loss":0.0,"damage_taken":14.0,"cards_upgraded":["Eruption","Strike_P"]},{"damage_healed":0,"gold_gain":0,"player_choice":"Donut","damage_taken":0,"max_hp_gain":5,"max_hp_loss":0,"event_name":"Big Fish","floor":10,"gold_loss":0},{"damage_healed":0,"gold_gain":0,"player_choice":"Got Potions","damage_taken":0,"max_hp_gain":0,"max_hp_loss":0,"event_name":"Lab","floor":11,"gold_loss":0},{"cards_removed":["Defend_P"],"damage_healed":0,"gold_gain":0,"player_choice":"Elegance","damage_taken":0,"max_hp_gain":0,"max_hp_loss":0,"event_name":"Back to Basics","floor":20,"gold_loss":0},{"damage_healed":0,"gold_gain":0,"player_choice":"Ignored","damage_taken":0,"max_hp_gain":0,"max_hp_loss":0,"event_name":"Vampires","floor":22,"gold_loss":0}],"is_beta":false,"boss_relics":[{"not_picked":["Pandora\u0027s Box","Astrolabe"],"picked":"Snecko Eye"}],"items_purged_floors":[3,21],"is_endless":false,"potions_floor_spawned":[1,4,13,14,16,18,24,25,29,30,31],"killed_by":"Collector","ascension_level":9}}