{"host":"39wghd9i8wbkaba9","time":1609949616,"event":{"mods":["Arknights The Spire","BaseMod","Downfall","Googly Eyes","Luminous","Minty Spire (QoL Compilation)","Reimu（博丽灵梦）","Replay The Spire","Spicy Shops","StSLib","The Bug Knight","WarShipGirlsR/战舰少女R mod","残留之物"],"gold_per_floor":[109,284,284,301,317,317,317],"floor_reached":6,"playtime":297,"items_purged":[],"score":36,"play_id":"eaf74a6c-e498-4e2f-898d-7a23b9296817","local_time":"20210107001336","is_ascension_mode":false,"campfire_choices":[],"circlet_count":0,"master_deck":["Luminous:Light_Flash_Shower","Luminous:Light_Flash_Shower","Luminous:Light_Flash_Shower","Luminous:Dark_Abyssal_Drop+1","Luminous:Dark_Abyssal_Drop","Luminous:Dark_Abyssal_Drop","Luminous:Defend_Luminous+1","Luminous:Defend_Luminous","Luminous:Defend_Luminous","Luminous:Defend_Luminous","Luminous:Switch_Luminous","Luminous:Accumulation_Luminous","Doubt","Luminous:Light_Gather","Luminous:Dark_Raid"],"relics":["Luminous:MirrorRelic","NeowsBlessing"],"acts_visited":["Exordium"],"potions_floor_usage":[],"damage_taken":[{"damage":0,"enemies":"2 Louse","floor":1,"turns":1},{"damage":0,"enemies":"Jaw Worm","floor":4,"turns":1},{"damage":0,"enemies":"Small Slimes","floor":5,"turns":1},{"damage":31,"enemies":"HollowMod:MossKnight","floor":6,"turns":16}],"seed_played":"5944707083398131881","potions_obtained":[{"floor":4,"key":"hexamod:EctoCoolerPotion"}],"is_trial":false,"path_per_floor":["M","?","?","M","M","E"],"character_chosen":"LuminousClass","items_purchased":[],"campfire_rested":0,"item_purchase_floors":[],"current_hp_per_floor":[75,75,60,60,60,29,29],"gold":317,"neow_bonus":"THREE_ENEMY_KILL","is_daily":false,"chose_seed":false,"campfire_upgraded":0,"win_rate":0.0,"timestamp":1609949616,"path_taken":["M","?","?","M","M","E"],"items_purchased_type":[],"build_version":"2020-12-22","purchased_purges":0,"victory":false,"max_hp_per_floor":[75,75,75,75,75,75,75],"card_choices":[{"not_picked":["Luminous:Dark_Dim_Erosion","Luminous:Concentrate_Luminous"],"picked":"Luminous:Accumulation_Luminous","floor":1},{"not_picked":["Luminous:Light_Sylvan_Lance","Luminous:Lights_Protection_Luminous"],"picked":"Luminous:Light_Gather","floor":4},{"not_picked":["Luminous:Dark_Dim_Erosion","Luminous:Light_Gather"],"picked":"Luminous:Dark_Raid","floor":5}],"player_experience":171914,"relics_obtained":[],"event_choices":[{"damage_healed":0,"gold_gain":175,"player_choice":"AGREE","damage_taken":0,"max_hp_gain":0,"max_hp_loss":0,"event_name":"Liars Game","floor":2,"gold_loss":0,"cards_obtained":["Doubt"]},{"damage_healed":0,"gold_gain":0,"player_choice":"Entered Light","damage_taken":15,"max_hp_gain":0,"max_hp_loss":0,"event_name":"Shining Light","floor":3,"gold_loss":0,"cards_upgraded":["Luminous:Defend_Luminous","Luminous:Dark_Abyssal_Drop"]}],"is_beta":false,"boss_relics":[],"items_purged_floors":[],"is_endless":false,"potions_floor_spawned":[4],"killed_by":"HollowMod:MossKnight","ascension_level":0}}