{"host":"5jzx1090woovszu4","time":1609914199,"event":{"mods":["Arknights The Spire","BaseMod","Minty Spire (QoL Compilation)","Robot Space Explorer","Spicy Shops","StSLib","The Dragon Tamer"],"gold_per_floor":[115,128,148,148,159,159,185,185,185,211,231,246,265,67,67,170,170,150,162,173,250,349,383,383,383,383,383,383,399,399,413,413,511,511,524,524,539,539,559,559,569,601,601,601,651,651,45,45,45,45],"floor_reached":51,"playtime":6345,"items_purged":[],"score":759,"play_id":"190fc1e3-b6cb-4ca6-92d1-05f9aaa2b301","local_time":"20210106072319","is_ascension_mode":false,"metric_token":467,"campfire_choices":[{"data":"DTMod:MasterPlan","floor":6,"key":"SMITH"},{"floor":8,"key":"REST"},{"floor":15,"key":"REST"},{"floor":28,"key":"REST"},{"data":"DTMod:SwitchingTactic","floor":30,"key":"SMITH"},{"floor":32,"key":"REST"},{"data":"DTMod:DragonDance","floor":40,"key":"SMITH"},{"floor":44,"key":"REST"},{"floor":46,"key":"REST"},{"floor":49,"key":"REST"}],"dtmod_dragon_data":[1,50,3,1,14,8],"circlet_count":0,"master_deck":["DTMod:Strike+1","DTMod:Strike+1","DTMod:Strike+1","DTMod:Strike+1","DTMod:DoubleHit","DTMod:TargetDefense+1","DTMod:TargetDefense+1","DTMod:TargetDefense+1","DTMod:TargetDefense+1","DTMod:SwitchingTactic+1","DTMod:TagTeam","DTMod:HeatWave","DTMod:Overwhelm+1","DTMod:MasterPlan+1","DTMod:OpeningTactic","DTMod:FlameSlash","DTMod:MagiciansMark","DTMod:DragonDance+1","DTMod:MasterPlan","DTMod:Harmonize","DTMod:BlazingStrike","DTMod:BurningEnergy+1","J.A.X.","DTMod:BurningForce+1","DTMod:SealedStrike","CurseOfTheBell","DTMod:Training+1","DTMod:BlazingStrike","Master of Strategy","DTMod:Multitask+1","DTMod:MasterPlan+1"],"relics":["DTMod:PactStone","Happy Flower","Blue Candle","White Beast Statue","PreservedInsect","SlaversCollar","Frozen Egg 2","Juzu Bracelet","Bronze Scales","Calling Bell","Oddly Smooth Stone","Darkstone Periapt","Mango","Pen Nib","Toxic Egg 2","Torii","StoneCalendar"],"acts_visited":["Exordium","TheCity","TheBeyond"],"potions_floor_usage":[7,16,19,19,23,29,31,33,33,35,39,39,41,41,42,48,50],"damage_taken":[{"damage":0,"enemies":"Cultist","floor":1,"turns":5},{"damage":0,"enemies":"Small Slimes","floor":2,"turns":3},{"damage":0,"enemies":"2 Louse","floor":3,"turns":3},{"damage":16,"enemies":"Exordium Thugs","floor":5,"turns":6},{"damage":12,"enemies":"Lagavulin","floor":7,"turns":10},{"damage":22,"enemies":"3 Sentries","floor":10,"turns":11},{"damage":0,"enemies":"Looter","floor":11,"turns":3},{"damage":0,"enemies":"3 Louse","floor":12,"turns":2},{"damage":0,"enemies":"2 Fungi Beasts","floor":13,"turns":3},{"damage":0,"enemies":"The Guardian","floor":16,"turns":12},{"damage":0,"enemies":"2 Thieves","floor":18,"turns":4},{"damage":8,"enemies":"Spheric Guardian","floor":19,"turns":5},{"damage":6,"enemies":"Centurion and Healer","floor":20,"turns":11},{"damage":6,"enemies":"Book of Stabbing","floor":23,"turns":6},{"damage":0,"enemies":"Snake Plant","floor":29,"turns":4},{"damage":4,"enemies":"3 Cultists","floor":31,"turns":5},{"damage":30,"enemies":"Collector","floor":33,"turns":11},{"damage":1,"enemies":"3 Darklings","floor":35,"turns":10},{"damage":0,"enemies":"Orb Walker","floor":37,"turns":4},{"damage":0,"enemies":"Sphere and 2 Shapes","floor":39,"turns":3},{"damage":0,"enemies":"3 Darklings","floor":41,"turns":5},{"damage":4,"enemies":"Nemesis","floor":42,"turns":7},{"damage":1,"enemies":"Mind Bloom Boss Battle","floor":45,"turns":5},{"damage":0,"enemies":"Jaw Worm Horde","floor":48,"turns":2},{"damage":41,"enemies":"Awakened One","floor":50,"turns":12}],"seed_played":"4754189461627241100","potions_obtained":[{"floor":1,"key":"SpeedPotion"},{"floor":5,"key":"DuplicationPotion"},{"floor":7,"key":"Swift Potion"},{"floor":10,"key":"SmokeBomb"},{"floor":11,"key":"BlessingOfTheForge"},{"floor":12,"key":"PowerPotion"},{"floor":13,"key":"CultistPotion"},{"floor":16,"key":"Weak Potion"},{"floor":18,"key":"DuplicationPotion"},{"floor":19,"key":"LiquidBronze"},{"floor":20,"key":"Strength Potion"},{"floor":23,"key":"CultistPotion"},{"floor":29,"key":"DistilledChaos"},{"floor":31,"key":"SkillPotion"},{"floor":33,"key":"SkillPotion"},{"floor":35,"key":"Fire Potion"},{"floor":37,"key":"SneckoOil"},{"floor":39,"key":"GamblersBrew"},{"floor":41,"key":"ColorlessPotion"},{"floor":42,"key":"SmokeBomb"},{"floor":45,"key":"Strength Potion"}],"is_trial":false,"path_per_floor":["M","M","M","?","M","R","E","R","T","E","M","M","M","$","R","B",null,"M","M","M","T","?","E","?","?","T","?","R","M","R","M","R","B",null,"M","?","M","?","M","R","M","E","T","R","?","R","$","M","R","B",null],"character_chosen":"THE_DT","items_purchased":["PreservedInsect","DTMod:MasterPlan","DTMod:Multitask+1","DTMod:MasterPlan+1","StoneCalendar"],"campfire_rested":7,"item_purchase_floors":[14,14,47,47,47],"current_hp_per_floor":[49,49,49,49,33,33,21,35,35,13,13,13,13,13,27,27,49,49,41,35,35,35,29,29,29,29,29,43,43,43,39,49,19,63,62,62,62,57,57,57,57,53,53,63,62,63,63,63,63,22],"gold":45,"neow_bonus":"TEN_PERCENT_HP_BONUS","is_daily":false,"chose_seed":false,"campfire_upgraded":3,"win_rate":0.0,"timestamp":1609914199,"path_taken":["M","M","?","?","M","R","E","R","T","E","M","M","M","$","R","BOSS","M","M","M","?","?","E","?","?","T","?","R","M","R","M","R","BOSS","M","?","M","?","M","R","M","E","T","R","?","R","$","M","R","BOSS"],"items_purchased_type":["Relic","Card","Card","Card","Relic"],"build_version":"2020-12-22","purchased_purges":0,"victory":true,"max_hp_per_floor":[49,49,49,49,49,49,49,49,49,49,49,49,49,49,49,49,49,49,49,49,49,49,49,49,49,49,49,49,49,49,49,49,49,63,63,63,63,63,63,63,63,63,63,63,63,63,63,63,63,63],"card_choices":[{"not_picked":["DTMod:BreakAttack","DTMod:BurningEnergy"],"picked":"DTMod:TagTeam","floor":1},{"not_picked":["DTMod:BurningEnergy","DTMod:Conduct"],"picked":"DTMod:HeatWave","floor":2},{"not_picked":["DTMod:LowKick","DTMod:Coolant"],"picked":"DTMod:Overwhelm","floor":3},{"not_picked":["DTMod:Conduct","DTMod:HeatWave"],"picked":"DTMod:MasterPlan","floor":5},{"not_picked":["DTMod:LowKick","DTMod:GhostSkin","DTMod:WarmUp"],"picked":"SKIP","floor":7},{"not_picked":["DTMod:Hide","DTMod:BreakAttack"],"picked":"DTMod:OpeningTactic","floor":10},{"not_picked":["DTMod:BlueScale","DTMod:Hide"],"picked":"DTMod:FlameSlash","floor":11},{"not_picked":["DTMod:Overwhelm","DTMod:Astonish"],"picked":"DTMod:MagiciansMark","floor":12},{"not_picked":["DTMod:Weaken","DTMod:EchoTactic"],"picked":"DTMod:DragonDance","floor":13},{"not_picked":["DTMod:Inferno","DTMod:GearUp"],"picked":"DTMod:Harmonize","floor":16},{"not_picked":["DTMod:ComboAttack","DTMod:WarmUp"],"picked":"DTMod:BlazingStrike","floor":18},{"not_picked":["DTMod:CleansingStrike","DTMod:BizarreTactic","DTMod:Cover"],"picked":"SKIP","floor":19},{"not_picked":["DTMod:Astonish","DTMod:HeatWave","DTMod:FlameSlash"],"picked":"SKIP","floor":20},{"not_picked":["DTMod:Punisher","DTMod:DarkBreath"],"picked":"DTMod:BurningEnergy+1","floor":23},{"not_picked":["DTMod:BlazingStrike","DTMod:ComboAttack"],"picked":"DTMod:BurningForce+1","floor":29},{"not_picked":["DTMod:BuildUp","DTMod:StunTrap","DTMod:Overwhelm"],"picked":"SKIP","floor":31},{"not_picked":["DTMod:ShadowImage+1","DTMod:OpeningTactic"],"picked":"DTMod:SealedStrike","floor":33},{"not_picked":["DTMod:LastStand+1","DTMod:FlameSlash"],"picked":"DTMod:Training+1","floor":35},{"not_picked":["DTMod:BreakAttack","DTMod:LowKick+1","DTMod:Conduct"],"picked":"SKIP","floor":37},{"not_picked":["Forethought","Deep Breath"],"picked":"Master of Strategy","floor":38},{"not_picked":["DTMod:QuickFly+1","DTMod:DarkBreath+1","DTMod:Shift"],"picked":"SKIP","floor":39},{"not_picked":["DTMod:Threaten+1","DTMod:Training+1","DTMod:LastStand+1"],"picked":"SKIP","floor":41},{"not_picked":["DTMod:Training+1","DTMod:SealedStrike","DTMod:Feint"],"picked":"SKIP","floor":42}],"player_experience":599302,"relics_obtained":[{"floor":7,"key":"Happy Flower"},{"floor":9,"key":"Blue Candle"},{"floor":10,"key":"White Beast Statue"},{"floor":21,"key":"Frozen Egg 2"},{"floor":23,"key":"Juzu Bracelet"},{"floor":26,"key":"Bronze Scales"},{"floor":34,"key":"Oddly Smooth Stone"},{"floor":34,"key":"Darkstone Periapt"},{"floor":34,"key":"Mango"},{"floor":42,"key":"Pen Nib"},{"floor":43,"key":"Toxic Egg 2"},{"floor":45,"key":"Torii"}],"event_choices":[{"damage_healed":0,"gold_gain":0,"player_choice":"Forge","damage_taken":0,"max_hp_gain":0,"max_hp_loss":0,"event_name":"Accursed Blacksmith","floor":4,"gold_loss":0,"cards_upgraded":["DTMod:Overwhelm"]},{"damage_healed":0,"gold_gain":99,"player_choice":"Stole From Cult","damage_taken":0,"max_hp_gain":0,"max_hp_loss":0,"event_name":"Nest","floor":22,"gold_loss":0},{"damage_healed":0,"gold_gain":0,"player_choice":"Obtain J.A.X.","damage_taken":0,"max_hp_gain":0,"max_hp_loss":0,"event_name":"Drug Dealer","floor":24,"gold_loss":0,"cards_obtained":["J.A.X."]},{"damage_healed":0,"gold_gain":0,"player_choice":"Ignored","damage_taken":0,"max_hp_gain":0,"max_hp_loss":0,"event_name":"Ghosts","floor":25,"gold_loss":0},{"damage_healed":0,"gold_gain":0,"player_choice":"Simplicity","damage_taken":0,"max_hp_gain":0,"max_hp_loss":0,"event_name":"Back to Basics","floor":27,"gold_loss":0,"cards_upgraded":["DTMod:Strike","DTMod:Strike","DTMod:Strike","DTMod:Strike","DTMod:TargetDefense","DTMod:TargetDefense","DTMod:TargetDefense","DTMod:TargetDefense"]},{"damage_healed":0,"gold_gain":0,"player_choice":"Copied","damage_taken":0,"max_hp_gain":0,"max_hp_loss":0,"event_name":"Duplicator","floor":36,"gold_loss":0,"cards_obtained":["DTMod:BlazingStrike"]},{"damage_healed":0,"gold_gain":0,"player_choice":"Memory 2","damage_taken":5,"max_hp_gain":0,"max_hp_loss":0,"event_name":"SensoryStone","floor":38,"gold_loss":0},{"damage_healed":0,"gold_gain":0,"player_choice":"Fight","damage_taken":0,"max_hp_gain":0,"max_hp_loss":0,"event_name":"MindBloom","floor":45,"gold_loss":0}],"is_beta":false,"boss_relics":[{"not_picked":["Black Star","Runic Dome"],"picked":"SlaversCollar"},{"not_picked":["Cursed Key","Busted Crown"],"picked":"Calling Bell"}],"items_purged_floors":[],"is_endless":false,"potions_floor_spawned":[1,5,7,10,11,12,13,16,18,19,20,23,29,31,33,35,37,39,41,42,45,48],"ascension_level":0}}