{"host":"55yei7x27djrlaep","time":1609941544,"event":{"mods":["Act Like it!","Aspiration","BaseMod","Better Altar","Better Match","Better Note","Better Sensory Stone","Better Skull","Better Third Choice","BetterRewards","Colored Map","Conspire","Friendly Minions","GifTheSpireLib","Halation","Hubris","Marisa????????","Minty Spire (QoL Compilation)","Pale of the Ancients","Replay The Spire","StSLib"],"gold_per_floor":[116,116,116,128,45,77,93,111,188,203,234,234,253,280,280,375,375,391,410,35,54,54,83,98,98,144,144,174,174,202,219,219,320,320,332,120,120,120,120,120,144,144,144,174,188,217,217,233,233,233,233],"floor_reached":50,"playtime":3153,"items_purged":["Strike_R","Strike_R"],"score":1004,"play_id":"0b0745db-e23b-44fa-8edc-ef6c71084aed","local_time":"20210106165904","is_ascension_mode":true,"campfire_choices":[{"data":"Armaments","floor":12.0,"key":"SMITH"},{"data":"StuffTheSpire:Resist","floor":15.0,"key":"SMITH"},{"floor":27.0,"key":"RECALL"},{"data":"Demon Form","floor":29.0,"key":"SMITH"},{"data":"ReplayTheSpireMod:Limb From Limb","floor":32.0,"key":"SMITH"},{"data":"StuffTheSpire:Brawn","floor":40.0,"key":"SMITH"},{"data":"Seeing Red","floor":47.0,"key":"SMITH"},{"data":"hubris:StunningStrike","floor":49.0,"key":"SMITH"}],"circlet_count":1,"master_deck":["Strike_R","Strike_R","Defend_R","Defend_R","Defend_R","Defend_R","Bash","Sword Boomerang","Armaments+1","Uppercut","Shrug It Off","Pommel Strike","ReplayTheSpireMod:Stacked","Madness+1","Cleave","Offering","Reaper","Warcry+1","Iron Wave","hubris:StunningStrike+1","Inflame","hubris:ReadiedAction","Demon Form+1","Seeing Red+1","Impervious","Madness","ReplayTheSpireMod:Limb From Limb+1","Life Link+1","Feed","CurseOfTheBell","hubris:StunningStrike+1","Madness+1","Brutality+1"],"relics":["Burning Blood","NeowsBlessing","CultistMask","Circlet","aspiration:FrozenJewel","hubris:Backtick","aspiration:HatOfInfinitePower","Self Forming Clay","hubris:SlimyHat","Orichalcum","Frozen Egg 2","Calling Bell","ReplayTheSpireMod:Lightbulb","hubris:MedicalManual","Iron Hammer","halation:PrussianBluePaint","hubris:Towel","Ice Cream","The Courier","Bag of Marbles"],"acts_visited":["Exordium","TheCity","TheBeyond"],"potions_floor_usage":[],"damage_taken":[{"damage":0.0,"enemies":"2 Louse","floor":1.0,"turns":1.0},{"damage":0.0,"enemies":"Jaw Worm","floor":4.0,"turns":1.0},{"damage":0.0,"enemies":"Lagavulin","floor":6.0,"turns":1.0},{"damage":0.0,"enemies":"Cultist","floor":7.0,"turns":2.0},{"damage":4.0,"enemies":"Exordium Thugs","floor":8.0,"turns":5.0},{"damage":12.0,"enemies":"3 Louse","floor":10.0,"turns":5.0},{"damage":14.0,"enemies":"3 Sentries","floor":11.0,"turns":7.0},{"damage":3.0,"enemies":"Looter","floor":13.0,"turns":2.0},{"damage":25.0,"enemies":"Lagavulin","floor":14.0,"turns":6.0},{"damage":28.0,"enemies":"Hexaghost","floor":16.0,"turns":8.0},{"damage":6.0,"enemies":"Spheric Guardian","floor":18.0,"turns":3.0},{"damage":10.0,"enemies":"2 Thieves","floor":19.0,"turns":4.0},{"damage":6.0,"enemies":"Centurion and Healer","floor":21.0,"turns":5.0},{"damage":17.0,"enemies":"conspire:Head Lice","floor":23.0,"turns":5.0},{"damage":14.0,"enemies":"3 Cultists","floor":24.0,"turns":5.0},{"damage":32.0,"enemies":"Gremlin Leader","floor":28.0,"turns":5.0},{"damage":4.0,"enemies":"Book of Stabbing","floor":30.0,"turns":4.0},{"damage":8.0,"enemies":"Cultist and Chosen","floor":31.0,"turns":7.0},{"damage":24.0,"enemies":"Pondfish","floor":33.0,"turns":9.0},{"damage":5.0,"enemies":"Orb Walker","floor":35.0,"turns":3.0},{"damage":7.0,"enemies":"Nemesis","floor":44.0,"turns":7.0},{"damage":22.0,"enemies":"3 Shapes","floor":45.0,"turns":8.0},{"damage":4.0,"enemies":"R_Hoarder","floor":46.0,"turns":10.0},{"damage":5.0,"enemies":"Spire Growth","floor":48.0,"turns":5.0},{"damage":6,"enemies":"conspire:OrnateMirror","floor":50,"turns":3}],"seed_played":"-4559847933994652779","potions_obtained":[{"floor":7.0,"key":"DistilledChaos"},{"floor":8.0,"key":"PowerPotion"},{"floor":14.0,"key":"SteroidPotion"},{"floor":18.0,"key":"Ancient Potion"},{"floor":21.0,"key":"BloodPotion"},{"floor":30.0,"key":"Toxic Potion"},{"floor":31.0,"key":"FairyPotion"},{"floor":33.0,"key":"GamblersBrew"},{"floor":35.0,"key":"Dexterity Potion"},{"floor":48.0,"key":"Strength Potion"}],"is_trial":false,"path_per_floor":["M","?","?","M","$","E","M","M","T","M","E","R","M","E","R","B",null,"M","M","$","M","?","E","M","?","T","R","E","R","E","M","R","B",null,"M","$","?","T","?","R","T","?","T","E","M","E","R","M","R","B"],"character_chosen":"IRONCLAD","items_purchased":["Uppercut","Shrug It Off","StuffTheSpire:Experiment12","hubris:StunningStrike","Inflame","hubris:StunningStrike+1"],"campfire_rested":0,"item_purchase_floors":[5,5,20,20,20,36],"current_hp_per_floor":[80,80,80,80,80,80,80,80,80,74,66,66,69,50,50,28,67,67,75,75,80,64,69,78,78,78,78,77,77,79,77,77,74,79,80,80,80,80,80,80,80,80,80,79,83,83,83,87,87,81,81],"gold":233,"neow_bonus":"THREE_ENEMY_KILL","is_daily":false,"chose_seed":false,"campfire_upgraded":7,"win_rate":0.0,"timestamp":1609941544,"path_taken":["M","?","?","M","$","E","M","?","T","M","E","R","M","E","R","BOSS","M","M","$","M","?","E","M","?","T","R","E","R","E","M","R","BOSS","M","$","?","?","?","R","?","?","T","E","M","E","R","M","R","BOSS"],"items_purchased_type":["Card","Card","Undefined","Card","Card","Card"],"build_version":"2020-12-22","purchased_purges":2,"victory":false,"max_hp_per_floor":[80,80,80,80,80,80,80,80,80,80,80,80,80,80,80,80,80,80,80,80,80,80,80,80,80,80,80,80,80,80,80,80,80,80,80,80,80,80,80,80,80,80,80,80,83,83,83,87,87,87,87],"card_choices":[{"not_picked":["Sever Soul","Havoc"],"picked":"Sword Boomerang","floor":1.0},{"not_picked":["hubris:ReadiedAction","hubris:SharpeningStone"],"picked":"Armaments","floor":4.0},{"not_picked":["Perfected Strike","hubris:SharpeningStone"],"picked":"Pommel Strike","floor":6.0},{"not_picked":["StuffTheSpire:RockThrow","Headbutt"],"picked":"ReplayTheSpireMod:Stacked","floor":7.0},{"not_picked":["StuffTheSpire:RagingBull","Dark Embrace"],"picked":"StuffTheSpire:Resist","floor":8.0},{"not_picked":["StuffTheSpire:TitanForm","Warcry"],"picked":"Flex","floor":10.0},{"not_picked":["Pommel Strike","Havoc","Perfected Strike"],"picked":"SKIP","floor":11.0},{"not_picked":["Body Slam","Blood for Blood"],"picked":"Cleave","floor":13.0},{"not_picked":["Havoc","Hemokinesis"],"picked":"Offering","floor":14.0},{"not_picked":["Double Tap","StuffTheSpire:TitanForm"],"picked":"Reaper","floor":16.0},{"not_picked":["Perfected Strike","Run Through"],"picked":"Warcry+1","floor":18.0},{"not_picked":["Havoc","Pommel Strike+1"],"picked":"Iron Wave","floor":19.0},{"not_picked":["Anger","Evolve+1"],"picked":"hubris:ReadiedAction","floor":21.0},{"not_picked":["StuffTheSpire:BloodClot","Twin Strike"],"picked":"Seeing Red","floor":23.0},{"not_picked":["Clothesline","Searing Blow"],"picked":"Impervious","floor":24.0},{"not_picked":["Shrug It Off","Armaments"],"picked":"ReplayTheSpireMod:Limb From Limb","floor":28.0},{"not_picked":["Armaments+1","Burning Pact+1"],"picked":"Life Link+1","floor":30.0},{"not_picked":["Clothesline+1","Shockwave","Clash"],"picked":"SKIP","floor":31.0},{"not_picked":["Impervious","Corruption+1"],"picked":"Feed","floor":33.0},{"not_picked":["Reckless Charge","StuffTheSpire:Slingshot+1","Pommel Strike+1"],"picked":"SKIP","floor":35.0},{"not_picked":["StuffTheSpire:Innocence","StuffTheSpire:Harmony"],"picked":"StuffTheSpire:Brawn","floor":37.0},{"not_picked":["Shrug It Off+1","Run Through+1"],"picked":"Brutality+1","floor":44.0},{"not_picked":["Sentinel","Anger+1","StuffTheSpire:RockThrow"],"picked":"SKIP","floor":45.0},{"not_picked":["Sword Boomerang","Cleave+1","Demonic Infusion"],"picked":"SKIP","floor":46.0},{"not_picked":["Iron Wave","Dual Wield","Cleave"],"picked":"SKIP","floor":48.0}],"player_experience":394835,"relics_obtained":[{"floor":6.0,"key":"StuffTheSpire:GrapeVine"},{"floor":11.0,"key":"hubris:ToyBattleship"},{"floor":14.0,"key":"aspiration:FrozenJewel"},{"floor":23.0,"key":"Self Forming Clay"},{"floor":26.0,"key":"hubris:SlimyHat"},{"floor":28.0,"key":"Orichalcum"},{"floor":30.0,"key":"Frozen Egg 2"},{"floor":34.0,"key":"ReplayTheSpireMod:Lightbulb"},{"floor":34.0,"key":"hubris:MedicalManual"},{"floor":34.0,"key":"Iron Hammer"},{"floor":38.0,"key":"StuffTheSpire:PointBlank"},{"floor":41.0,"key":"halation:PrussianBluePaint"},{"floor":43.0,"key":"Ice Cream"},{"floor":44.0,"key":"The Courier"},{"floor":46.0,"key":"Bag of Marbles"}],"event_choices":[{"cards_removed":["Strike_R"],"damage_healed":0.0,"max_hp_gain":0.0,"max_hp_loss":0.0,"gold_gain":0.0,"event_name":"Living Wall","player_choice":"Forget","floor":2.0,"gold_loss":0.0,"damage_taken":0.0},{"damage_healed":0.0,"max_hp_gain":0.0,"max_hp_loss":0.0,"gold_gain":0.0,"event_name":"FaceTrader","player_choice":"Trade","floor":3.0,"gold_loss":0.0,"damage_taken":0.0,"relics_obtained":["CultistMask"]},{"damage_healed":0.0,"max_hp_gain":0.0,"max_hp_loss":16.0,"gold_gain":2.0,"event_name":"betterStone:BetterStone","player_choice":"2","floor":22.0,"gold_loss":0.0,"damage_taken":0.0},{"cards_removed":["Flex"],"damage_healed":0.0,"max_hp_gain":0.0,"max_hp_loss":0.0,"gold_gain":0.0,"event_name":"Falling","player_choice":"Removed Skill","floor":39.0,"gold_loss":0.0,"damage_taken":0.0}],"is_beta":false,"boss_relics":[{"not_picked":["aspiration:MarisaSkillbook","hubris:BlackHole"],"picked":"hubris:Backtick"},{"not_picked":["hubris:HollowSoul","Replay:Drink Me"],"picked":"Calling Bell"}],"items_purged_floors":[20,36],"is_endless":false,"potions_floor_spawned":[7,8,14,18,21,30,31,33,35,48],"killed_by":"conspire:OrnateMirror","ascension_level":5}}