{"host":"53w25izqmiakdcya","time":1609893047,"event":{"mods":["BaseMod","Colored Powertips","Downfall","Minty Spire (QoL Compilation)","Quick Restart","Rare Cards Sparkle","StSLib"],"gold_per_floor":[199,219,237,256,272,297,376,476,251,262,262,281,281,313,324,425,425,437,469,30,45,60,60,60,160,170,170,188,205,205,221,231,331,381,381,393,403,388,388,388,414,148,164,178,195,228,228,228,246,246,246,246,246,246],"floor_reached":52,"playtime":3921,"items_purged":[],"score":777,"play_id":"befbfe87-8e4c-4fab-acd9-09a02fbdf60c","local_time":"20210105183047","is_ascension_mode":false,"campfire_choices":[{"floor":1.0,"key":"RECALL"},{"floor":9.0,"key":"REST"},{"floor":13.0,"key":"REST"},{"data":"Guardian:CurlUp","floor":18.0,"key":"SMITH"},{"floor":23.0,"key":"REST"},{"floor":27.0,"key":"REST"},{"floor":30.0,"key":"REST"},{"data":"Guardian:ChargeUp","floor":35.0,"key":"SMITH"},{"data":"Guardian:GemFire","floor":40.0,"key":"SMITH"}],"circlet_count":0,"master_deck":["Guardian:Strike_Guardian","Guardian:Strike_Guardian","Guardian:Defend_Guardian","Guardian:Defend_Guardian","Guardian:Defend_Guardian","Guardian:Defend_Guardian","Guardian:CurlUp+1","Guardian:TwinSlam","Guardian:Gem_Crimson","Guardian:Recover","Guardian:ShieldCharger","Guardian:Recover","Guardian:GatlingBeam","Guardian:Gem_Red","Guardian:Incinerate","Guardian:FastForward","CurseOfTheBell","Guardian:PrismaticBeam+1","Guardian:TemporalStrike","Guardian:CrystalBeam","Guardian:TimeCapacitor+1","Guardian:Orbwalk+1","Guardian:Planning","J.A.X.","Guardian:WalkerClaw+1","Guardian:GatlingBeam","Guardian:ChargeCore","Guardian:BronzeOrb","Guardian:ChargeUp+1","Guardian:Incinerate","Guardian:Recover","Guardian:Incinerate","Guardian:StasisField+1","Guardian:Harden+1","Guardian:CrystalBeam+1","Guardian:GemFire+1","Guardian:Gem_Yellow","Guardian:EvasiveProtocol+1","Guardian:Gem_Blue","Guardian:TemporalStrike","Guardian:Repulse+1","Guardian:BaubleBeam","Guardian:Suspension+1"],"relics":["Guardian:ModeShifter","Ice Cream","downfall:HeartBlessingRed","downfall:HeartBlessingGreen","downfall:HeartBlessingBlue","Art of War","Calling Bell","MawBank","Frozen Egg 2","Gambling Chip","Lee\u0027s Waffle","Pen Nib","Bottled Lightning","MutagenicStrength","Tiny House","Lantern","Eternal Feather","HandDrill","MealTicket","Sundial"],"acts_visited":["Exordium","TheCity","TheBeyond","TheEnding"],"potions_floor_usage":[52],"damage_taken":[{"damage":0.0,"enemies":"Small Slimes","floor":2.0,"turns":3.0},{"damage":0.0,"enemies":"Jaw Worm","floor":3.0,"turns":3.0},{"damage":1.0,"enemies":"Cultist","floor":4.0,"turns":4.0},{"damage":10.0,"enemies":"Lots of Slimes","floor":5.0,"turns":4.0},{"damage":47.0,"enemies":"Gremlin Nob","floor":6.0,"turns":5.0},{"damage":7.0,"enemies":"2 Fungi Beasts","floor":10.0,"turns":4.0},{"damage":10.0,"enemies":"Large Slime","floor":12.0,"turns":6.0},{"damage":6.0,"enemies":"3 Sentries","floor":14.0,"turns":4.0},{"damage":7.0,"enemies":"Red Slaver","floor":15.0,"turns":4.0},{"damage":26.0,"enemies":"downfall:Silent","floor":16.0,"turns":12.0},{"damage":0.0,"enemies":"3 Byrds","floor":19.0,"turns":3.0},{"damage":0.0,"enemies":"downfall:FleeingMerchant","floor":20.0,"turns":4.0},{"damage":27.0,"enemies":"3 Cultists","floor":21.0,"turns":10.0},{"damage":33.0,"enemies":"Sentry and Sphere","floor":22.0,"turns":6.0},{"damage":22.0,"enemies":"downfall:Augmenter","floor":25.0,"turns":7.0},{"damage":13.0,"enemies":"Snecko","floor":26.0,"turns":4.0},{"damage":10.0,"enemies":"Cultist and Chosen","floor":28.0,"turns":5.0},{"damage":2.0,"enemies":"Centurion and Healer","floor":29.0,"turns":5.0},{"damage":6.0,"enemies":"Snake Plant","floor":31.0,"turns":2.0},{"damage":0.0,"enemies":"Shelled Parasite and Fungi","floor":32.0,"turns":6.0},{"damage":32.0,"enemies":"downfall:Defect","floor":33.0,"turns":8.0},{"damage":0.0,"enemies":"3 Shapes","floor":36.0,"turns":5.0},{"damage":9.0,"enemies":"Orb Walker","floor":37.0,"turns":4.0},{"damage":3.0,"enemies":"downfall:FleeingMerchant","floor":38.0,"turns":4.0},{"damage":0.0,"enemies":"downfall:FleeingMerchant","floor":42.0,"turns":4.0},{"damage":2.0,"enemies":"Maw","floor":43.0,"turns":7.0},{"damage":0.0,"enemies":"Writhing Mass","floor":44.0,"turns":2.0},{"damage":12.0,"enemies":"Jaw Worm Horde","floor":45.0,"turns":5.0},{"damage":18.0,"enemies":"Giant Head","floor":46.0,"turns":8.0},{"damage":0.0,"enemies":"Spire Growth","floor":49.0,"turns":3.0},{"damage":3.0,"enemies":"downfall:Watcher","floor":50.0,"turns":7.0},{"damage":109,"enemies":"downfall:CharBossMerchant","floor":52,"turns":8}],"seed_played":"-1137229427253240664","potions_obtained":[{"floor":3.0,"key":"FearPotion"},{"floor":4.0,"key":"GamblersBrew"},{"floor":12.0,"key":"hexamod:EctoCoolerPotion"},{"floor":15.0,"key":"Guardian:DefensiveModePotion"},{"floor":16.0,"key":"FearPotion"},{"floor":19.0,"key":"Energy Potion"},{"floor":26.0,"key":"hexamod:EctoCoolerPotion"},{"floor":29.0,"key":"PowerPotion"},{"floor":31.0,"key":"GamblersBrew"},{"floor":33.0,"key":"FearPotion"},{"floor":34.0,"key":"Energy Potion"},{"floor":43.0,"key":"Slimebound:ThreeZeroPotion"},{"floor":46.0,"key":"Dexterity Potion"},{"floor":49.0,"key":"LiquidMemories"}],"is_trial":false,"path_per_floor":["R","M","M","M","M","E","T","?","R","M","?","M","R","E","M","B",null,"R","M","$","M","M","R","T","?","M","R","M","M","R","M","M","B",null,"R","M","M","$","?","R","T","$","M","M","M","E","?","T","M","B",null,"E"],"character_chosen":"GUARDIAN","items_purchased":["Lee\u0027s Waffle","Guardian:CrystalBeam","Pen Nib","Guardian:Gem_Green","Guardian:TimeCapacitor+1","Guardian:EvasiveProtocol+1","Guardian:Gem_Blue","Eternal Feather","HandDrill","SkillPotion"],"campfire_rested":5,"item_purchase_floors":[20,20,20,20,20,42,42,42,42,42],"current_hp_per_floor":[80,80,80,79,69,22,22,22,59,52,52,42,69,63,56,30,90,90,90,97,70,37,66,66,44,31,60,50,48,77,71,71,39,102,102,102,93,90,90,90,90,90,88,88,76,58,58,58,58,55,102,0,0,0],"gold":246,"neow_bonus":"HUNDRED_GOLD","is_daily":false,"chose_seed":false,"campfire_upgraded":3,"win_rate":0.0,"timestamp":1609893047,"path_taken":["R","M","M","M","M","E","T","?","R","M","?","?","R","E","M","BOSS","R","M","$","M","?","R","T","?","M","R","M","M","R","M","M","BOSS","R","M","M","$","?","R","T","$","M","?","M","E","?","?","M","BOSS","E"],"items_purchased_type":["Relic","Card","Relic","Card","Card","Card","Card","Relic","Relic","Potion"],"build_version":"2020-12-22","purchased_purges":0,"victory":false,"max_hp_per_floor":[80,80,80,80,80,80,80,80,90,90,90,90,90,90,90,90,90,90,90,97,97,97,97,97,97,97,97,97,97,97,97,97,97,102,102,102,102,102,102,102,102,102,102,102,102,102,102,102,102,102,102,102,102,102],"card_choices":[{"not_picked":["Guardian:Recover","Guardian:PrimingBeam"],"picked":"Guardian:Gem_Crimson","floor":2.0},{"not_picked":["Guardian:WalkerClaw","Guardian:Suspension"],"picked":"Guardian:Gem_Red","floor":3.0},{"not_picked":["Guardian:TemporalShield","Guardian:Gem_White"],"picked":"Guardian:Recover","floor":4.0},{"not_picked":["Guardian:Gem_White","Guardian:WalkerClaw"],"picked":"Guardian:ShieldCharger","floor":5.0},{"not_picked":["Guardian:RollAttack","Guardian:WalkerClaw"],"picked":"Guardian:Recover","floor":6.0},{"not_picked":["Guardian:Harden","Guardian:TemporalShield"],"picked":"Guardian:GatlingBeam","floor":10.0},{"not_picked":["Guardian:ShieldCharger","Guardian:ChargeCore"],"picked":"Guardian:Incinerate","floor":12.0},{"not_picked":["Guardian:Recover","Guardian:Reroute"],"picked":"Guardian:Gem_Cyan","floor":14.0},{"not_picked":["Guardian:ChargeCore","Guardian:ShieldCharger"],"picked":"Guardian:Gem_Purple","floor":15.0},{"not_picked":["Guardian:HyperBeam_Guardian","Guardian:ExploitGems"],"picked":"Guardian:FastForward","floor":16.0},{"not_picked":["Guardian:Recover","Guardian:Incinerate"],"picked":"Guardian:PrismaticBeam+1","floor":19.0},{"not_picked":["Guardian:ShieldCharger","Guardian:WalkerClaw+1"],"picked":"Guardian:TemporalStrike","floor":20.0},{"not_picked":["Guardian:RefractedBeam","Guardian:StasisStrike"],"picked":"Guardian:Orbwalk+1","floor":21.0},{"not_picked":["Guardian:TemporalShield","Guardian:TimeCapacitor+1"],"picked":"Guardian:Planning","floor":22.0},{"not_picked":[],"picked":"J.A.X.","floor":25.0},{"not_picked":["Guardian:TimeCapacitor+1","Guardian:TimeBomb"],"picked":"Guardian:WalkerClaw+1","floor":25.0},{"not_picked":["Guardian:Planning","Guardian:Gem_Green"],"picked":"Guardian:BronzeOrb","floor":26.0},{"not_picked":["Guardian:Reroute","Guardian:DecasProtection"],"picked":"Guardian:ChargeUp","floor":28.0},{"not_picked":["Guardian:RollAttack","Guardian:WalkerClaw"],"picked":"Guardian:Incinerate","floor":29.0},{"not_picked":["Guardian:ChargeCore","Guardian:CrystalBeam"],"picked":"Guardian:Recover","floor":31.0},{"not_picked":["Guardian:CompilePackage","Guardian:RollAttack"],"picked":"Guardian:Incinerate","floor":32.0},{"not_picked":["Guardian:GemFinder+1","Guardian:StasisStrike"],"picked":"Guardian:StasisField","floor":33.0},{"not_picked":["Guardian:ShieldSpikes+1","Guardian:Recover"],"picked":"Guardian:Harden+1","floor":34.0},{"not_picked":["Guardian:Reroute","Guardian:RefractedBeam+1"],"picked":"Guardian:CrystalBeam+1","floor":36.0},{"not_picked":["Guardian:RollAttack","Guardian:TemporalShield"],"picked":"Guardian:Gem_Green","floor":37.0},{"not_picked":["Guardian:PolyBeam","Guardian:MultiBeam"],"picked":"Guardian:GemFire","floor":38.0},{"not_picked":["Guardian:Orbwalk+1","Guardian:RollAttack+1"],"picked":"Guardian:Gem_Yellow","floor":42.0},{"not_picked":["Guardian:PrimingBeam+1","Guardian:Planning+1"],"picked":"Guardian:TemporalStrike","floor":43.0},{"not_picked":["Guardian:TimeCapacitor+1","Guardian:CrystalBeam+1"],"picked":"Guardian:Repulse+1","floor":44.0},{"not_picked":["Guardian:RollAttack+1","Guardian:Recover","Guardian:TemporalShield+1"],"picked":"SKIP","floor":45.0},{"not_picked":["Guardian:ShieldSpikes+1","Guardian:Gem_Fragmented"],"picked":"Guardian:BaubleBeam","floor":46.0},{"not_picked":["Guardian:Harden","Guardian:RollAttack"],"picked":"Guardian:Suspension+1","floor":49.0}],"player_experience":537550,"relics_obtained":[{"floor":6.0,"key":"Ice Cream"},{"floor":14.0,"key":"Art of War"},{"floor":17.0,"key":"MawBank"},{"floor":17.0,"key":"Frozen Egg 2"},{"floor":17.0,"key":"Gambling Chip"},{"floor":24.0,"key":"Bottled Lightning"},{"floor":25.0,"key":"MutagenicStrength"},{"floor":41.0,"key":"Lantern"},{"floor":46.0,"key":"MealTicket"},{"floor":48.0,"key":"Sundial"}],"event_choices":[{"damage_healed":0.0,"max_hp_gain":0.0,"max_hp_loss":0.0,"gold_gain":0.0,"event_name":"NoteForYourself","player_choice":"Ignored","floor":39.0,"gold_loss":0.0,"damage_taken":0.0}],"is_beta":false,"boss_relics":[{"not_picked":["Runic Dome","Runic Pyramid"],"picked":"Calling Bell"},{"not_picked":["Fusion Hammer","Velvet Choker"],"picked":"Tiny House"}],"items_purged_floors":[],"is_endless":false,"potions_floor_spawned":[3,4,12,15,16,19,26,29,31,33,36,43,46,49],"killed_by":"downfall:CharBossMerchant","ascension_level":0}}