{"host":"sabve5zmqufxyc5o","time":1609913475,"event":{"mods":["2.2 Compatiblity","AchievementEnabler","Act Like it!","BaseMod","Block Reminder","Colored Map","Colored Powertips","DeckTracker","KOR Keyword Fix","Keyboard Shortcuts","Minty Spire (QoL Compilation)","Quick Restart","Rare Cards Sparkle","Relic Stats","StSLib","SuperFastMode"],"gold_per_floor":[111,111,126,23,43,58,58,58,58,78,90,90,107,107,107,182,182,197,197,4,4,19,19,35,35,35,35,45,45,45],"floor_reached":29,"playtime":700,"items_purged":["Strike_G","Defend_G"],"score":434,"play_id":"f369d6b1-ed41-4114-b4e0-cf5172e4d432","local_time":"20210106151115","is_ascension_mode":true,"campfire_choices":[{"floor":8.0,"key":"REST"},{"data":"Deadly Poison","floor":12.0,"key":"SMITH"},{"data":"After Image","floor":15.0,"key":"SMITH"},{"floor":23.0,"key":"REST"}],"circlet_count":0,"master_deck":["AscendersBane","Defend_G","Defend_G","Defend_G","Defend_G","Survivor","Neutralize","Prepared","Prepared","Deadly Poison+1","Prepared","Backflip","After Image+1","Blade Dance","Phantasmal Killer","Quick Slash+1","Accuracy+1","Quick Slash+1","Concentrate","Well Laid Plans","Acrobatics","Ghostly","Ghostly","Ghostly"],"relics":["Ring of the Snake","White Beast Statue","Oddly Smooth Stone","Astrolabe","Bottled Lightning"],"acts_visited":["Exordium","TheCity"],"potions_floor_usage":[28,29],"damage_taken":[{"damage":4.0,"enemies":"2 Louse","floor":1.0,"turns":4.0},{"damage":13.0,"enemies":"Cultist","floor":3.0,"turns":7.0},{"damage":4.0,"enemies":"Small Slimes","floor":5.0,"turns":4.0},{"damage":3.0,"enemies":"Exordium Thugs","floor":6.0,"turns":5.0},{"damage":1.0,"enemies":"2 Fungi Beasts","floor":10.0,"turns":5.0},{"damage":8.0,"enemies":"Large Slime","floor":11.0,"turns":9.0},{"damage":0.0,"enemies":"3 Louse","floor":13.0,"turns":6.0},{"damage":40.0,"enemies":"The Guardian","floor":16.0,"turns":14.0},{"damage":14.0,"enemies":"2 Thieves","floor":18.0,"turns":5.0},{"damage":13.0,"enemies":"Spheric Guardian","floor":22.0,"turns":4.0},{"damage":9.0,"enemies":"Snake Plant","floor":24.0,"turns":5.0},{"damage":17,"enemies":"Centurion and Healer","floor":28,"turns":7},{"damage":3,"enemies":"Snecko","floor":29,"turns":4}],"seed_played":"-849101682117163754","potions_obtained":[{"floor":3.0,"key":"SteroidPotion"},{"floor":5.0,"key":"GamblersBrew"},{"floor":6.0,"key":"EssenceOfSteel"},{"floor":10.0,"key":"Fruit Juice"},{"floor":11.0,"key":"Energy Potion"},{"floor":16.0,"key":"Explosive Potion"},{"floor":22.0,"key":"AttackPotion"},{"floor":24.0,"key":"DistilledChaos"},{"floor":28,"key":"GamblersBrew"}],"is_trial":false,"path_per_floor":["M","?","M","$","M","M","?","R","T","M","M","R","M","?","R","B",null,"M","?","$","?","M","R","M","?","T","?","M","M"],"character_chosen":"THE_SILENT","items_purchased":["Deadly Poison","Well Laid Plans","Acrobatics"],"campfire_rested":2,"item_purchase_floors":[4,20,20],"current_hp_per_floor":[61,26,13,13,9,6,6,27,27,31,23,23,23,48,48,8,60,46,46,46,46,33,56,47,38,38,30,13,10,10],"gold":45,"neow_bonus":"TEN_PERCENT_HP_BONUS","is_daily":false,"chose_seed":false,"campfire_upgraded":2,"win_rate":0.0,"timestamp":1609913475,"path_taken":["M","?","M","$","M","M","?","R","T","M","M","R","M","?","R","BOSS","M","?","?","?","?","R","M","?","T","?","M","M"],"items_purchased_type":["Card","Card","Card"],"build_version":"2020-12-22","purchased_purges":2,"victory":false,"max_hp_per_floor":[72,72,72,72,72,72,72,72,72,77,77,77,77,77,77,77,77,77,77,77,77,77,77,77,38,38,43,43,43,43],"relic_stats":{"counters":[13,79],"Astrolabe":["Quick Slash","Accuracy","Quick Slash"],"obtain_stats":[{"Astrolabe":17,"Oddly Smooth Stone":9,"Bottled Lightning":26,"White Beast Statue":2,"Ring of the Snake":0},{"Astrolabe":8,"Oddly Smooth Stone":4,"Bottled Lightning":11,"White Beast Statue":1,"Ring of the Snake":0},{"Astrolabe":54,"Oddly Smooth Stone":20,"Bottled Lightning":68,"White Beast Statue":4,"Ring of the Snake":0}],"Ring of the Snake":[26]},"card_choices":[{"not_picked":["PiercingWail","Slice"],"picked":"Prepared","floor":1.0},{"not_picked":["Outmaneuver","Dodge and Roll"],"picked":"Prepared","floor":3.0},{"not_picked":["Outmaneuver","Flying Knee"],"picked":"Prepared","floor":5.0},{"not_picked":["Sucker Punch","Choke"],"picked":"Backflip","floor":6.0},{"not_picked":["Slice","Underhanded Strike"],"picked":"After Image","floor":10.0},{"not_picked":["Slice","Quick Slash","Bane"],"picked":"SKIP","floor":11.0},{"not_picked":["Outmaneuver","Terror"],"picked":"Blade Dance","floor":13.0},{"not_picked":["Glass Knife","Corpse Explosion"],"picked":"Phantasmal Killer","floor":16.0},{"not_picked":["Leg Sweep","Deflect","Sucker Punch+1"],"picked":"SKIP","floor":18.0},{"not_picked":["Bane","Skewer","Blade Dance"],"picked":"SKIP","floor":22.0},{"not_picked":["Outmaneuver","Bouncing Flask+1","Heel Hook"],"picked":"SKIP","floor":24.0},{"not_picked":["Deadly Poison","Endless Agony","Flying Knee"],"picked":"SKIP","floor":28}],"player_experience":818194,"relics_obtained":[{"floor":9.0,"key":"Oddly Smooth Stone"},{"floor":26.0,"key":"Bottled Lightning"}],"event_choices":[{"damage_healed":0.0,"max_hp_gain":0.0,"max_hp_loss":0.0,"gold_gain":0.0,"event_name":"Scrap Ooze","player_choice":"Success","floor":2.0,"gold_loss":0.0,"damage_taken":35.0,"relics_obtained":["White Beast Statue"]},{"damage_healed":0.0,"max_hp_gain":0.0,"max_hp_loss":0.0,"gold_gain":0.0,"event_name":"Liars Game","player_choice":"Ignored","floor":7.0,"gold_loss":0.0,"damage_taken":0.0},{"damage_healed":25.0,"max_hp_gain":0.0,"max_hp_loss":0.0,"gold_gain":0.0,"event_name":"Big Fish","player_choice":"Banana","floor":14.0,"gold_loss":0.0,"damage_taken":0.0},{"damage_healed":0.0,"max_hp_gain":0.0,"max_hp_loss":0.0,"gold_gain":0.0,"cards_transformed":["Strike_G"],"event_name":"Transmorgrifier","player_choice":"Transformed","floor":19.0,"gold_loss":0.0,"damage_taken":0.0,"cards_obtained":["Concentrate"]},{"damage_healed":0.0,"max_hp_gain":0.0,"max_hp_loss":0.0,"gold_gain":0.0,"event_name":"N\u0027loth","player_choice":"Ignored","floor":21.0,"gold_loss":0.0,"damage_taken":0.0},{"damage_healed":0.0,"max_hp_gain":0.0,"max_hp_loss":39.0,"gold_gain":0.0,"event_name":"Ghosts","player_choice":"Became a Ghost","floor":25.0,"gold_loss":0.0,"damage_taken":0.0,"cards_obtained":["Ghostly","Ghostly","Ghostly"]},{"damage_healed":0.0,"max_hp_gain":5.0,"max_hp_loss":0.0,"gold_gain":0.0,"event_name":"Forgotten Altar","player_choice":"Shed Blood","floor":27.0,"gold_loss":0.0,"damage_taken":13.0}],"is_beta":false,"boss_relics":[{"not_picked":["Philosopher\u0027s Stone","Calling Bell"],"picked":"Astrolabe"}],"items_purged_floors":[4,20],"is_endless":false,"potions_floor_spawned":[3,5,6,10,11,13,16,18,22,24,28],"killed_by":"Snecko","ascension_level":20}}