{"host":"w01zow3jg16g8jdh","time":1609951316,"event":{"mods":["AchievementEnabler","BaseMod","DeckTracker","Keyboard Shortcuts","Minty Spire (QoL Compilation)","Permanent Neow","StSLib","SuperFastMode"],"gold_per_floor":[110,110,110,129,141,141,160,178,204,222,248,258,271,306,306,378,378,395,56,73,73,88,88,88],"floor_reached":23,"playtime":571,"items_purged":["Strike_G"],"score":414,"play_id":"0c3c4564-8e95-41de-9277-48b0ecd7c2df","local_time":"20210107014156","is_ascension_mode":true,"campfire_choices":[{"data":"Swift Strike","floor":6.0,"key":"SMITH"},{"floor":15,"key":"REST"}],"circlet_count":0,"master_deck":["AscendersBane","Strike_G","Strike_G","Defend_G","Defend_G","Defend_G","Defend_G+1","Survivor","Neutralize","Swift Strike+1","Acrobatics","Dagger Spray","Calculated Gamble+1","Backstab","PiercingWail","Deadly Poison","Envenom","Wraith Form v2","Dagger Throw+1","Wraith Form v2"],"relics":["Ring of the Snake","Snake Skull","War Paint","Omamori","Empty Cage","Singing Bowl"],"acts_visited":["Exordium","TheCity"],"potions_floor_usage":[11,14,18,18,22],"damage_taken":[{"damage":2.0,"enemies":"2 Louse","floor":1.0,"turns":3.0},{"damage":4.0,"enemies":"Jaw Worm","floor":4.0,"turns":5.0},{"damage":0.0,"enemies":"Cultist","floor":5.0,"turns":4.0},{"damage":3.0,"enemies":"2 Fungi Beasts","floor":7.0,"turns":3.0},{"damage":0.0,"enemies":"Lots of Slimes","floor":8.0,"turns":2.0},{"damage":4.0,"enemies":"Exordium Wildlife","floor":10.0,"turns":5.0},{"damage":3,"enemies":"Gremlin Nob","floor":11,"turns":3},{"damage":15,"enemies":"Large Slime","floor":12,"turns":5},{"damage":0,"enemies":"Gremlin Gang","floor":13,"turns":3},{"damage":18,"enemies":"3 Sentries","floor":14,"turns":11},{"damage":18,"enemies":"Hexaghost","floor":16,"turns":8},{"damage":14,"enemies":"3 Byrds","floor":18,"turns":3},{"damage":28,"enemies":"Spheric Guardian","floor":20,"turns":6},{"damage":15,"enemies":"Centurion and Healer","floor":22,"turns":6},{"damage":3,"enemies":"Book of Stabbing","floor":23,"turns":3}],"seed_played":"2686260692630848832","potions_obtained":[{"floor":4.0,"key":"Strength Potion"},{"floor":5.0,"key":"Dexterity Potion"},{"floor":12,"key":"GamblersBrew"},{"floor":16,"key":"Explosive Potion"},{"floor":20,"key":"AttackPotion"}],"is_trial":false,"path_per_floor":["M","?","?","M","M","R","M","M","T","M","E","M","M","E","R","B",null,"M","$","M","?","M","E"],"character_chosen":"THE_SILENT","items_purchased":["Singing Bowl"],"campfire_rested":1,"item_purchase_floors":[19],"current_hp_per_floor":[57,62,55,51,51,51,48,48,48,44,41,26,26,8,29,11,56,42,42,16,16,3,0,0],"gold":88,"neow_bonus":"RANDOM_COLORLESS","is_daily":false,"chose_seed":false,"campfire_upgraded":1,"win_rate":0.0,"timestamp":1609951316,"path_taken":["M","?","?","M","M","R","M","M","T","M","E","M","M","E","R","BOSS","M","$","M","?","?","E"],"items_purchased_type":["Relic"],"build_version":"2020-12-22","purchased_purges":1,"victory":false,"max_hp_per_floor":[66,71,71,71,71,71,71,71,71,71,71,71,71,71,71,71,71,71,71,73,73,75,75,75],"card_choices":[{"not_picked":["Dramatic Entrance","Impatience"],"picked":"Swift Strike","floor":0.0},{"not_picked":["Setup","Flechettes"],"picked":"Acrobatics","floor":1.0},{"not_picked":["Noxious Fumes","Terror"],"picked":"Dagger Spray","floor":4.0},{"not_picked":["Catalyst","Escape Plan"],"picked":"Calculated Gamble","floor":5.0},{"not_picked":["Dagger Throw","Prepared"],"picked":"Backstab","floor":7.0},{"not_picked":["Escape Plan","Dodge and Roll"],"picked":"PiercingWail","floor":8.0},{"not_picked":["Night Terror","Deflect"],"picked":"Deadly Poison","floor":10.0},{"not_picked":["Distraction","Dodge and Roll","Expertise"],"picked":"SKIP","floor":11},{"not_picked":["Escape Plan","Sucker Punch","Blade Dance"],"picked":"SKIP","floor":12},{"not_picked":["Quick Slash","Setup","Flechettes"],"picked":"SKIP","floor":13},{"not_picked":["Cloak And Dagger","Riddle With Holes"],"picked":"Envenom","floor":14},{"not_picked":["Unload","Die Die Die"],"picked":"Wraith Form v2","floor":16},{"not_picked":["Dodge and Roll","Deflect"],"picked":"Dagger Throw+1","floor":18},{"not_picked":["Dagger Spray","Catalyst+1","All Out Attack"],"picked":"Singing Bowl","floor":20},{"not_picked":["Sucker Punch","Outmaneuver","Quick Slash"],"picked":"Singing Bowl","floor":22}],"player_experience":303333,"relics_obtained":[{"floor":9.0,"key":"Snake Skull"},{"floor":11,"key":"War Paint"},{"floor":14,"key":"Omamori"}],"event_choices":[{"damage_healed":0.0,"max_hp_gain":5.0,"max_hp_loss":0.0,"gold_gain":0.0,"event_name":"Big Fish","player_choice":"Donut","floor":2.0,"gold_loss":0.0,"damage_taken":0.0},{"cards_removed":["Strike_G"],"damage_healed":0.0,"max_hp_gain":0.0,"max_hp_loss":0.0,"gold_gain":0.0,"event_name":"Golden Wing","player_choice":"Card Removal","floor":3.0,"gold_loss":0.0,"damage_taken":7.0},{"damage_healed":0,"gold_gain":0,"player_choice":"Copied","damage_taken":0,"max_hp_gain":0,"max_hp_loss":0,"event_name":"Duplicator","floor":21,"gold_loss":0,"cards_obtained":["Wraith Form v2"]}],"is_beta":false,"boss_relics":[{"not_picked":["SacredBark","Cursed Key"],"picked":"Empty Cage"}],"items_purged_floors":[19],"is_endless":false,"potions_floor_spawned":[4,5,8,10,12,16,20],"killed_by":"Book of Stabbing","ascension_level":20}}