{"host":"96bpdudduaq3ttpf","time":1609898573,"event":{"mods":["2.2 Compatiblity","Act Like it!","Astrologer","Bard","Bartender","BaseMod","CapriCore","Challenge The Spire","Chen","Downfall","Elementarium","Energized Spire","Friendly Minions","Gensokyo","GifTheSpireLib","Hallownest","Hermit","Jorbs\u0027s Wanderer Trilogy","KinomotoSakuraMod(????)","Koishi","KomeijiMod","Mari Mod (Legacy)","Mari\u0027s V1 Patch","Marisa????????","Mimic Mod","Minty Spire (QoL Compilation)","Prisma Mod","Quick Restart","Remilia??????","Replay The Spire","Robot Space Explorer","Shade Mod","StSLib","Td1madao Mod","The Administrix","The Bladedancer","The Bug Knight","The Construct","The Cursed","The Factory","The Forsaken","The Gatherer","The Hierophant","The Immortal","The IronCluck","The Jungle","The Marked","The Mystic","The Necromancer","The Runesmith","The Senshi","The Servant 0.9.4","Wandering Minibosses","WarShipGirlsR/????R mod","Yohane!","Yuyuko"],"gold_per_floor":[111,124,124,49,49,49,83,83,83,93,116,141,161,161,111,216,216,153,165,165],"floor_reached":19,"playtime":1015,"items_purged":["blademaster:Defend"],"score":225,"play_id":"0e1924db-b4c5-4ff0-a6d8-abb45ab844b5","local_time":"20210105190253","is_ascension_mode":false,"campfire_choices":[{"data":"ReplayTheSpireMod:Faulty Equipment","floor":6,"key":"SMITH"}],"circlet_count":0,"master_deck":["blademaster:Strike","blademaster:Strike","blademaster:Strike","blademaster:Defend","blademaster:Defend","blademaster:Defend","blademaster:RagingBlow","blademaster:HighVoltage","blademaster:Meditate+1","blademaster:AspectOfLightning","blademaster:BladeMastery","blademaster:Overcharge","blademaster:CloudOfSteel","CurseOfTheBell"],"relics":["blademaster:DancersAmulet","NeowsBlessing","Replay:Mystery Machine","ReplayFunnel","Replay:Bottled Snecko","theForsaken:Kindling","Calling Bell","MawBank","Garlic","Runesmith:Locket"],"acts_visited":["Exordium","TheCity"],"potions_floor_usage":[11,11,18],"damage_taken":[{"damage":0,"enemies":"2 Louse","floor":1,"turns":1},{"damage":0,"enemies":"Small Slimes","floor":2,"turns":1},{"damage":0,"enemies":"Replay:BlueRogue","floor":7,"turns":1},{"damage":3,"enemies":"Jaw Worm","floor":10,"turns":4},{"damage":9,"enemies":"Exordium Thugs","floor":11,"turns":5},{"damage":0,"enemies":"HollowMod:MossKnight","floor":12,"turns":4},{"damage":8,"enemies":"Red Slaver","floor":13,"turns":3},{"damage":13,"enemies":"Fading Forest","floor":16,"turns":11},{"damage":17,"enemies":"2 Thieves","floor":18,"turns":5}],"seed_played":"-3131240814464700501","potions_obtained":[{"floor":2,"key":"Languid Potion"},{"floor":7,"key":"AttackPotion"},{"floor":12,"key":"Swift Potion"},{"floor":16,"key":"Dexterity Potion"}],"is_trial":false,"path_per_floor":["M","M","?","$","?","R","E","?","T","M","M","E","M","$","R","B",null,"M","$"],"character_chosen":"THE_BLADEMASTER","items_purchased":[],"campfire_rested":0,"item_purchase_floors":[],"current_hp_per_floor":[75,75,75,75,68,68,68,68,68,75,75,75,73,73,73,66,75,70,70,70],"gold":165,"neow_bonus":"THREE_ENEMY_KILL","is_daily":false,"chose_seed":false,"campfire_upgraded":1,"win_rate":0.0,"timestamp":1609898573,"path_taken":["M","M","?","$","?","R","E","?","T","M","M","E","M","$","R","BOSS","M","$"],"items_purchased_type":[],"build_version":"2020-12-22","purchased_purges":1,"victory":false,"max_hp_per_floor":[75,75,75,75,75,75,75,75,75,75,75,75,75,75,75,75,75,75,75,75],"card_choices":[{"not_picked":["blademaster:Sharpen","blademaster:AwakeningDefend"],"picked":"blademaster:Meditate","floor":1},{"not_picked":["blademaster:Quickstep","blademaster:FuriousStrike"],"picked":"blademaster:AspectOfLightning","floor":2},{"not_picked":["blademaster:Frontflip","blademaster:LeechingStrike"],"picked":"blademaster:BladeMastery","floor":7},{"not_picked":["blademaster:LeechingStrike","blademaster:Sharpen","blademaster:AirSlash"],"picked":"SKIP","floor":10},{"not_picked":["blademaster:BrainBloom","blademaster:DragonStrike","blademaster:Quickness"],"picked":"SKIP","floor":11},{"not_picked":["blademaster:Meditate","blademaster:ThreePointStrike"],"picked":"blademaster:Overcharge","floor":12},{"not_picked":["blademaster:Sharpen","blademaster:SlyStabs","blademaster:CullingStrike"],"picked":"SKIP","floor":13},{"not_picked":["blademaster:LightningDraw","blademaster:UnrelentingWind"],"picked":"blademaster:CloudOfSteel","floor":16},{"not_picked":["blademaster:Quickstep","blademaster:CombatPrep","blademaster:Sharpen"],"picked":"SKIP","floor":18}],"player_experience":790621,"relics_obtained":[{"floor":7,"key":"ReplayFunnel"},{"floor":7,"key":"blademaster:StanceHealPerk"},{"floor":9,"key":"Replay:Bottled Snecko"},{"floor":12,"key":"theForsaken:Kindling"},{"floor":12,"key":"blademaster:FuryEveryTurnPerk"},{"floor":17,"key":"MawBank"},{"floor":17,"key":"Garlic"},{"floor":17,"key":"Runesmith:Locket"}],"event_choices":[{"damage_healed":0,"gold_gain":0,"player_choice":"Success","damage_taken":7,"relics_obtained":["Replay:Mystery Machine"],"max_hp_gain":0,"max_hp_loss":0,"event_name":"Scrap Ooze","floor":5,"gold_loss":0},{"cards_removed":["blademaster:Strike"],"damage_healed":0,"gold_gain":0,"player_choice":"Card Removal","damage_taken":0,"max_hp_gain":0,"max_hp_loss":0,"event_name":"The Cleric","floor":15,"gold_loss":50}],"is_beta":false,"boss_relics":[{"not_picked":["Replay:Ancient Bell","energizedSpire:SpiderWeb"],"picked":"Calling Bell"}],"items_purged_floors":[4],"is_endless":false,"potions_floor_spawned":[2,7,12,16],"ascension_level":0}}