{"host":"9eiowk8mxro5m2sz","time":1609916604,"event":{"mods":["Act Like it!","Alarm Clock","Arknights The Spire","BaseMod","CapriCore","Decade(王小明)","Friendly Minions","Gensokyo","Kiyohime（清姬）","LagranYue(拉格朗・月)","Luminous","Minty Spire (QoL Compilation)","Prisma Mod","Quick Restart","Reimu（博丽灵梦）","Relic Stats","Replay The Spire","StSLib","The Alterego","The Immortal","The Servant 0.9.4","WarShipGirlsR/战舰少女R mod","Yakumo Yukari mod","Yohane!","Youmu（魂魄妖梦）","Yuri Mod","Yuyuko","【遗物卡牌】REMEMod"],"gold_per_floor":[418,418,431,448,461,461,461,489,489,489,524,549,549,574,574,574,574],"floor_reached":16,"playtime":829,"items_purged":[],"score":128,"play_id":"9172d1c5-478f-48dc-888a-37f0e9796a03","local_time":"20210106150324","daily_mods":["Heirloom","Time Dilation","Flight"],"is_ascension_mode":false,"campfire_choices":[{"data":"ats:Beaten Up","floor":6,"key":"SMITH"},{"floor":10,"key":"REST"},{"floor":13,"key":"REST"},{"floor":15,"key":"REST"}],"circlet_count":0,"master_deck":["ats:Strike C","ats:Strike G","ats:Strike S","ats:Armor Crushing Shot","ats:Defend","ats:Defend","ats:Defend","ats:Defend","ats:Emotion Absorption","ats:Apocalypse","ats:Cat Scratch","ats:Thermite Blade","ats:Beaten Up+1","ats:Volcano+1","ats:Hammer On","ats:Revitalization","ats:Soul Rend","ats:Consecutive Shot Auto","ats:Rapid Magazine","PrismaMod:ChloeDevil"],"relics":["ats:Sanity","REME_ComplimentaryCards","Old Coin","ats:Originium","FossilizedHelix","Shovel","ReplayTheSpireMod:Shallot","yuri:PortableGlitches","Dream Catcher"],"acts_visited":["Exordium"],"potions_floor_usage":[12],"damage_taken":[{"damage":2,"enemies":"2 Louse","floor":1,"turns":4},{"damage":10,"enemies":"Cultist","floor":3,"turns":4},{"damage":14,"enemies":"Small Slimes","floor":4,"turns":4},{"damage":13,"enemies":"3 Louse","floor":5,"turns":5},{"damage":40,"enemies":"3 Sentries","floor":8,"turns":9},{"damage":22,"enemies":"Lagavulin","floor":11,"turns":6},{"damage":17,"enemies":"Gremlin Nob","floor":12,"turns":5},{"damage":34,"enemies":"Lagavulin","floor":14,"turns":7},{"damage":51,"enemies":"Slime Boss","floor":16,"turns":9}],"seed_played":"3006308587816293590","potions_obtained":[{"floor":1,"key":"Flashbang"},{"floor":3,"key":"MagicPotion:ReiMu"}],"is_trial":true,"path_per_floor":["M","?","M","M","M","R","?","E","T","R","E","E","R","E","R","B"],"character_chosen":"DOCTOR_CLASS","items_purchased":[],"campfire_rested":3,"item_purchase_floors":[],"current_hp_per_floor":[70,70,60,54,45,45,45,13,13,34,20,11,32,17,38,0,0],"gold":574,"neow_bonus":"","is_daily":false,"chose_seed":false,"campfire_upgraded":1,"win_rate":0.0,"timestamp":1609916604,"path_taken":["M","?","M","?","M","R","?","E","T","R","E","E","R","E","R","BOSS"],"items_purchased_type":[],"build_version":"2020-12-22","purchased_purges":0,"victory":false,"max_hp_per_floor":[72,72,72,72,72,72,72,72,72,72,72,72,72,72,72,72,72],"relic_stats":{"Dream Catcher":1,"Shovel":0,"counters":[9,53],"obtain_stats":[{"Dream Catcher":14,"Shovel":9,"ats:Originium":8,"ReplayTheSpireMod:Shallot":11,"ats:Sanity":0,"yuri:PortableGlitches":12,"FossilizedHelix":8,"REME_ComplimentaryCards":0,"Old Coin":0},{"Dream Catcher":8,"Shovel":5,"ats:Originium":5,"ReplayTheSpireMod:Shallot":6,"ats:Sanity":0,"yuri:PortableGlitches":7,"FossilizedHelix":5,"REME_ComplimentaryCards":0,"Old Coin":0},{"Dream Catcher":44,"Shovel":26,"ats:Originium":26,"ReplayTheSpireMod:Shallot":32,"ats:Sanity":0,"yuri:PortableGlitches":37,"FossilizedHelix":26,"REME_ComplimentaryCards":0,"Old Coin":0}]},"card_choices":[{"not_picked":["ats:Counter Healing Mode","ats:Ignite"],"picked":"ats:Apocalypse","floor":1},{"not_picked":["ats:Apocalypse","ats:Flexible Camouflage"],"picked":"ats:Cat Scratch","floor":3},{"not_picked":["ats:Powerful Strike","ats:Childhood Dance"],"picked":"ats:Thermite Blade","floor":4},{"not_picked":["ats:Assault Order","ats:Support Order"],"picked":"ats:Beaten Up","floor":5},{"not_picked":["ats:Soul Absorption","ats:Leaping Hammer"],"picked":"ats:Hammer On","floor":8},{"not_picked":["ats:Defend Order","ats:Assault Order"],"picked":"ats:Revitalization","floor":11},{"not_picked":["ats:Powerful Strike","ats:Encircling Forest"],"picked":"ats:Soul Rend","floor":12},{"not_picked":["ats:Mental Burst","ats:Explosion Area Strengthen"],"picked":"ats:Consecutive Shot Auto","floor":14},{"not_picked":["ats:Powerful Strike","ats:Encircling Forest"],"picked":"ats:Rapid Magazine","floor":15}],"player_experience":589010,"relics_obtained":[{"floor":8,"key":"ats:Originium"},{"floor":8,"key":"FossilizedHelix"},{"floor":9,"key":"Shovel"},{"floor":11,"key":"ats:Originium"},{"floor":11,"key":"ReplayTheSpireMod:Shallot"},{"floor":12,"key":"ats:Originium"},{"floor":12,"key":"yuri:PortableGlitches"},{"floor":14,"key":"Dream Catcher"}],"event_choices":[{"damage_healed":0,"gold_gain":0,"player_choice":"Ignored","damage_taken":0,"max_hp_gain":0,"max_hp_loss":0,"event_name":"NoteForYourself","floor":2,"gold_loss":0}],"is_beta":false,"boss_relics":[],"items_purged_floors":[],"is_endless":false,"potions_floor_spawned":[1,3],"killed_by":"Slime Boss","ascension_level":0}}