{"host":"8l7406mrfmv6e1l4","time":1609935955,"event":{"mods":["AchievementEnabler","Ascension Unlocker","BaseMod","Better Match","Better Third Choice","BetterRewards","Card Forge","Curses Come First","Downfall","GifTheSpireLib","Halation","Hermit","Hubris","Luminous","Minty Spire (QoL Compilation)","RNG Fix","Rare Cards Sparkle","Replay The Spire","Spicy Shops","Spikes Relics","StSLib","The Blue Laboratory","TheSwordswoman","Transform Curses","vexMod"],"gold_per_floor":[114,133,219,219,36,70,70,70,70,70,88,100,128,144,144,218,218,236,236,256,256,256],"floor_reached":21,"playtime":2185,"items_purged":[],"score":428,"play_id":"4743af41-82e2-47d2-8a32-1f2b698c345e","local_time":"20210106072555","is_ascension_mode":true,"campfire_choices":[{"floor":7,"key":"RECALL"},{"data":"ReplayTheSpireMod:Uncanny Aura","floor":10,"key":"SMITH"},{"floor":15,"key":"REST"}],"circlet_count":0,"master_deck":["AscendersBane","hermit:Strike_Hermit+1","hermit:Strike_Hermit+1","hermit:Strike_Hermit+1","hermit:Strike_Hermit+1","hermit:Defend_Hermit+1","hermit:Defend_Hermit+1","hermit:Defend_Hermit+1","hermit:Defend_Hermit+1","hermit:Snapshot+1","hermit:Covet+1","hermit:Glare+1","hermit:BigShot+1","Pain","hermit:SprayPray+1","hermit:Brawl+1","hermit:HeroicBravado+1","ReplayTheSpireMod:Uncanny Aura+1","hermit:Roulette+1","hermit:TrackingShot+1","hermit:SprayPray+1","hermit:Showdown+1","hermit:EyeOfTheStorm+1","hermit:FromBeyond+1","hermit:Misfire+1","hermit:CursedWeapon+1"],"relics":["hermit:Momento","Hammer of Thor","Seething Fire","Anvil of the Gods","NeowsBlessing","hubris:SlimyHat","halation:PinkSoulGem","hubris:Spice","RoseTintedShades","hubris:GrandSneckoEye","hermit:Momento"],"acts_visited":["Exordium","TheCity"],"potions_floor_usage":[11,12,13,14],"damage_taken":[{"damage":0,"enemies":"Cultist","floor":1,"turns":1},{"damage":0,"enemies":"2 Louse","floor":2,"turns":1},{"damage":0,"enemies":"Gremlin Nob","floor":6,"turns":1},{"damage":1,"enemies":"Small Slimes","floor":11,"turns":3},{"damage":0,"enemies":"2 Fungi Beasts","floor":12,"turns":2},{"damage":7,"enemies":"3 Sentries","floor":13,"turns":8},{"damage":14,"enemies":"Lots of Slimes","floor":14,"turns":3},{"damage":64,"enemies":"Fading Forest","floor":16,"turns":13},{"damage":2,"enemies":"2 Thieves","floor":18,"turns":3},{"damage":8,"enemies":"Shell Parasite","floor":20,"turns":5},{"damage":52,"enemies":"Centurion and Healer","floor":21,"turns":6}],"seed_played":"-7906864849177594729","potions_obtained":[{"floor":6,"key":"blueLaboratory:StoneskinPotion"},{"floor":11,"key":"BlessingOfTheForge"},{"floor":12,"key":"champ:CounterPotion"},{"floor":13,"key":"Venom Potion"},{"floor":18,"key":"blueLaboratory:ForbiddenFruitJuice"}],"is_trial":false,"path_per_floor":["M","M","?","T","$","E","R","?","T","R","M","M","E","M","R","B",null,"M","?","M","M"],"character_chosen":"HERMIT","items_purchased":["ReplayTheSpireMod:Uncanny Aura"],"campfire_rested":1,"item_purchase_floors":[5],"current_hp_per_floor":[64,64,64,64,64,64,64,64,72,72,71,71,64,50,73,9,62,60,60,52,0,0],"gold":256,"neow_bonus":"THREE_ENEMY_KILL","is_daily":false,"chose_seed":false,"campfire_upgraded":1,"win_rate":0.0,"timestamp":1609935955,"path_taken":["M","?","?","?","$","E","R","?","T","R","M","M","E","?","R","BOSS","M","?","M","M"],"items_purchased_type":["Card"],"build_version":"2020-12-22","purchased_purges":0,"victory":false,"max_hp_per_floor":[71,71,71,71,71,71,71,71,79,79,79,79,79,79,79,79,79,79,79,79,79,79],"card_choices":[{"not_picked":["hermit:Vantage","hermit:Manifest"],"picked":"hermit:Glare","floor":1},{"not_picked":["hermit:Manifest","hermit:Shortfuse"],"picked":"hermit:BigShot","floor":2},{"not_picked":["hermit:Gestalt","hermit:Glare"],"picked":"hermit:SprayPray","floor":3},{"not_picked":["hermit:Vantage","hermit:CalledShot"],"picked":"hermit:Brawl","floor":3},{"not_picked":["hermit:Quickdraw","hermit:ItchyTrigger"],"picked":"hermit:HeroicBravado","floor":3},{"not_picked":["hermit:HighCaliber","hermit:Glare"],"picked":"hermit:Roulette","floor":6},{"not_picked":["hermit:CalledShot","hermit:BodyArmor"],"picked":"hermit:TrackingShot","floor":11},{"not_picked":["hermit:Purgatory","hermit:Vantage"],"picked":"hermit:SprayPray","floor":12},{"not_picked":["hermit:Glare","hermit:CursedWeapon"],"picked":"hermit:Showdown","floor":13},{"not_picked":["hermit:Ricochet","hermit:Roulette"],"picked":"hermit:EyeOfTheStorm","floor":14},{"not_picked":["hermit:Dissolve","hermit:Roughhouse"],"picked":"hermit:FromBeyond","floor":16},{"not_picked":["hermit:HoleUp","hermit:Roulette"],"picked":"hermit:Misfire","floor":18},{"not_picked":["hermit:Showdown+1","hermit:Brawl+1"],"picked":"hermit:CursedWeapon","floor":20}],"player_experience":44609,"relics_obtained":[{"floor":6,"key":"hubris:SlimyHat"},{"floor":9,"key":"hubris:Spice"},{"floor":13,"key":"RoseTintedShades"}],"event_choices":[],"is_beta":false,"boss_relics":[{"not_picked":["halation:SmartPhone","hubris:Spice"],"picked":"hubris:GrandSneckoEye"}],"items_purged_floors":[],"is_endless":false,"potions_floor_spawned":[6,11,12,13,18],"killed_by":"Centurion and Healer","ascension_level":20}}