{"host":"066y5nba5qw19k68","time":1609915062,"event":{"mods":["BaseMod","Colored Powertips","Downfall","Minty Spire (QoL Compilation)","Replay The Spire","Shop Mod","StSLib"],"gold_per_floor":[109,119,119,157,12,12,28,40,88,106,106,125,139,150,150,251,251,264,283,104,104,124,124,124,124],"floor_reached":24,"playtime":1874,"items_purged":["Regret","Parasite"],"score":192,"play_id":"455b95f2-97d1-4df8-8a14-cc1534c84812","local_time":"20210106143742","is_ascension_mode":false,"campfire_choices":[{"data":"Capacitor","floor":6,"key":"SMITH"},{"data":"Coolheaded","floor":11,"key":"SMITH"},{"data":"Strike_B","floor":15,"key":"PURGE"},{"data":"ReplayTheSpireMod:Calculation Training","floor":23,"key":"SMITH"}],"circlet_count":0,"master_deck":["Defend_B","Defend_B","Zap+1","Dualcast+1","AbeCurse","Coolheaded+1","Gash","Ball Lightning","Capacitor+1","Sweeping Beam","Cold Snap","Steam","Genetic Algorithm","Steam","Machine Learning","Capacitor","Redo","ReplayTheSpireMod:Calculation Training+1"],"relics":["Abe\u0027s Treasure","Pet Ghost","War Paint","Kintsugi"],"acts_visited":["Exordium","TheCity"],"potions_floor_usage":[16],"damage_taken":[{"damage":9,"enemies":"2 Louse","floor":1,"turns":3},{"damage":4,"enemies":"Jaw Worm","floor":2,"turns":6},{"damage":0,"enemies":"Cultist","floor":7,"turns":3},{"damage":0,"enemies":"Large Slime","floor":8,"turns":4},{"damage":1,"enemies":"Exordium Thugs","floor":10,"turns":4},{"damage":0,"enemies":"Looter","floor":12,"turns":3},{"damage":0,"enemies":"Blue Slaver","floor":13,"turns":3},{"damage":5,"enemies":"Lots of Slimes","floor":14,"turns":2},{"damage":25,"enemies":"Slime Boss","floor":16,"turns":7},{"damage":6,"enemies":"Shell Parasite","floor":18,"turns":7},{"damage":24,"enemies":"Spheric Guardian","floor":19,"turns":6},{"damage":19,"enemies":"Shelled Parasite and Fungi","floor":22,"turns":6},{"damage":29,"enemies":"Gremlin Leader","floor":24,"turns":2}],"seed_played":"-5163525715845173968","potions_obtained":[{"floor":2,"key":"Ancient Potion"},{"floor":4,"key":"SkillPotion"},{"floor":4,"key":"Adrenaline Potion"},{"floor":13,"key":"EssenceOfDarkness"},{"floor":18,"key":"PowerPotion"}],"is_trial":false,"path_per_floor":["M","M","?","?","$","R","M","M","T","M","R","M","M","M","R","B",null,"M","M","$","?","M","R","E"],"character_chosen":"DEFECT","items_purchased":["Capacitor","Capacitor","Redo"],"campfire_rested":0,"item_purchase_floors":[5,20,20],"current_hp_per_floor":[66,62,62,44,44,44,44,44,44,43,43,43,43,38,38,13,75,69,45,45,45,26,26,0,0],"gold":124,"neow_bonus":"BOSS_RELIC","is_daily":false,"chose_seed":false,"campfire_upgraded":3,"win_rate":0.0,"timestamp":1609915062,"path_taken":["M","M","?","?","$","R","M","M","T","M","R","M","M","M","R","BOSS","M","M","$","?","M","R","E"],"items_purchased_type":["Card","Card","Card"],"build_version":"2020-12-22","purchased_purges":2,"victory":false,"max_hp_per_floor":[75,75,75,75,75,75,75,75,75,75,75,75,75,75,75,75,75,75,75,72,72,72,72,72,72],"card_choices":[{"not_picked":["Go for the Eyes","Heatsinks"],"picked":"Coolheaded","floor":1},{"not_picked":["Barrage","ReplayTheSpireMod:Reroute Power"],"picked":"Gash","floor":2},{"not_picked":["Biased Cognition","BasicCrystalCard"],"picked":"Ball Lightning","floor":4},{"not_picked":["Barrage","BasicCrystalCard"],"picked":"Sweeping Beam","floor":7},{"not_picked":["Panic Button","Streamline","Go for the Eyes"],"picked":"SKIP","floor":8},{"not_picked":["White Noise","Lockon"],"picked":"Cold Snap","floor":10},{"not_picked":["Streamline","Barrage"],"picked":"Steam","floor":12},{"not_picked":["Conserve Battery","ReplayTheSpireMod:Fabricate Wheel"],"picked":"Genetic Algorithm","floor":13},{"not_picked":["Aggregate","Reinforced Body"],"picked":"Steam","floor":14},{"not_picked":["Buffer","Mirror Shield"],"picked":"Machine Learning","floor":16},{"not_picked":["Doom and Gloom+1","Panic Button","Sweeping Beam"],"picked":"SKIP","floor":18},{"not_picked":["Streamline","Aggregate","Sweeping Beam"],"picked":"SKIP","floor":19},{"not_picked":["Heatsinks+1","BasicCrystalCard"],"picked":"ReplayTheSpireMod:Calculation Training","floor":22}],"player_experience":63038,"relics_obtained":[{"floor":9,"key":"War Paint"}],"event_choices":[{"damage_healed":0,"gold_gain":0,"player_choice":"Box","damage_taken":0,"relics_obtained":["Pet Ghost"],"max_hp_gain":0,"max_hp_loss":0,"event_name":"Big Fish","floor":3,"gold_loss":0,"cards_obtained":["Regret"]},{"cards_removed":["Amnesia"],"damage_healed":0,"gold_gain":0,"player_choice":"Purged","damage_taken":0,"max_hp_gain":0,"max_hp_loss":0,"event_name":"Purifier","floor":21,"gold_loss":0}],"is_beta":false,"boss_relics":[{"not_picked":["Snecko Eye","Replay:Drink Me"],"picked":"Kintsugi"}],"items_purged_floors":[5,20],"is_endless":false,"potions_floor_spawned":[2,12,13,14,18],"killed_by":"Gremlin Leader","ascension_level":0}}