{"host":"ksmhkxap3eqvmwsu","time":1609931463,"event":{"mods":["AchievementEnabler","BaseMod","Infinite Spire","Minty Spire (QoL Compilation)","StSLib"],"gold_per_floor":[111,134,146,172,197,241,273,285,297,309,321,359,11,27,27,130,130,146,165,183,193,227,255,275,301,376,411,425,375,375,375,375,480,480,497,511,167,167,117,117,117,117,117,117,67,103,103,123,123,231,231,235,235,256,256,269,269,269,269,269,269,300,300,308,315,315,421,421,414,414,422,347,143,172,172,198,198,168,168,168,174,186,186,280,330,332,332,554,411,420,445,470,470,494,494,504,504,519,529,529,579,588,591,594,594,80,85,105,111,134,134,145,153,168,195,295,295,378,378,377,390,390,390,160,183,183,209,209,219,228,230,230,254,254,344,344,351,393,393,274,283,283,310,318,341,341,341,348,358,580,580,660,660,660,544,569,614],"floor_reached":158,"playtime":9258,"items_purged":["Deadly Poison","Deadly Poison","Well Laid Plans","Outmaneuver","Blur","PiercingWail","PiercingWail","Bane+1","Leg Sweep+1","Escape Plan+1"],"score":4544,"play_id":"2d880fff-12d2-4e03-995e-104cc3a73a7e","local_time":"20210106131103","daily_mods":["SealedDeck","Vintage"],"is_ascension_mode":false,"campfire_choices":[{"data":"Calculated Gamble","floor":8.0,"key":"SMITH"},{"data":"Dagger Spray","floor":11.0,"key":"SMITH"},{"data":"infinitespire:Neurotoxin","floor":15.0,"key":"SMITH"},{"floor":32.0,"key":"DIG"},{"floor":40.0,"key":"DIG"},{"floor":44.0,"key":"DIG"},{"floor":47,"key":"DIG"},{"floor":49,"key":"DIG"},{"floor":57,"key":"DIG"},{"floor":61,"key":"DIG"},{"floor":63,"key":"DIG"},{"floor":66,"key":"DIG"},{"floor":75,"key":"DIG"},{"floor":83,"key":"DIG"},{"floor":93,"key":"DIG"},{"floor":95,"key":"DIG"},{"floor":97,"key":"DIG"},{"floor":100,"key":"DIG"},{"floor":117,"key":"DIG"},{"floor":126,"key":"DIG"},{"floor":132,"key":"REST"},{"floor":132,"key":"DIG"},{"floor":134,"key":"REST"},{"floor":134,"key":"DIG"},{"floor":142,"key":"REST"},{"floor":142,"key":"DIG"},{"floor":151,"key":"REST"},{"floor":151,"key":"DIG"},{"floor":154,"key":"DIG"}],"circlet_count":24,"master_deck":["Catalyst+1","Calculated Gamble+1","infinitespire:Neurotoxin+1","Corpse Explosion+1","Bane+1","Outmaneuver+1","Wraith Form v2+1","Wraith Form v2+1","infinitespire:FutureSight+1","infinitespire:Collect+1","Burst+1","Burst+1","Vault+1","infinitespire:Collect+1","Wraith Form v2+1"],"relics":["Ring of the Snake","MawBank","Shovel","Pantograph","Smiling Mask","Mercury Hourglass","PreservedInsect","InkBottle","Molten Egg 2","Prayer Wheel","Toxic Egg 2","Black Star","Lantern","Oddly Smooth Stone","Bag of Preparation","Bag of Marbles","Red Mask","Gambling Chip","MealTicket","infinitespire:PuzzleCube","Boot","Juzu Bracelet","Pear","infinitespire:Beetle Shell","Ornamental Fan","Frozen Egg 2","Snake Skull","Mummified Hand","Runic Pyramid","Toy Ornithopter","Regal Pillow","DollysMirror","Nunchaku","Pen Nib","Shuriken","Paper Crane","CeramicFish","Centennial Puzzle","Bronze Scales","Vajra","infinitespire:Eraser","Snake Skull","Fusion Hammer","StoneCalendar","Odd Mushroom","Blood Vial","infinitespire:CheckeredPen","Happy Flower","infinitespire:Lucky Rock","Tiny Chest","infinitespire:Satchel","Blood Vial","Anchor","War Paint","Ancient Tea Set","infinitespire:Midas Blood","Sundial","Philosopher\u0027s Stone","Singing Bowl","infinitespire:Magic Flask","infinitespire:BottledMercury","Orichalcum","Akabeko","Bottled Lightning","Darkstone Periapt","Gremlin Horn","White Beast Statue","Bottled Flame","Art of War","infinitespire:WardingShard","MutagenicStrength","Whetstone","Question Card","Ninja Scroll","Tiny House","Dream Catcher","PrismaticShard","Omamori","HornCleat","StrikeDummy","infinitespire:ShieldingShard","Strawberry","Potion Belt","Kunai","Eternal Feather","Matryoshka","Letter Opener","infinitespire:FocusingShard","infinitespire:EmpoweringShard","infinitespire:Bottled Soul","SacredBark","Meat on the Bone","Blue Candle","Turnip","Lee\u0027s Waffle","The Courier","infinitespire:Joker Card","CaptainsWheel","WingedGreaves","TungstenRod","infinitespire:Lychee Nut","Du-Vu Doll","infinitespire:CursedDice","Peace Pipe","infinitespire:Golems Mask","Incense Burner","Thread and Needle","Pocketwatch","Ice Cream","infinitespire:Cupcake","FossilizedHelix","Calipers","Circlet","Bird Faced Urn","Tough Bandages","Mango","Tingsha","Unceasing Top","Ginger","Lizard Tail","The Specimen","HoveringKite","Medical Kit","WristBlade","Frozen Eye"],"acts_visited":["Exordium","TheCity","TheBeyond","Exordium","TheCity","TheBeyond","Exordium","TheCity","TheBeyond","TheEnding"],"potions_floor_usage":[50],"damage_taken":[{"damage":1.0,"enemies":"Cultist","floor":1.0,"turns":3.0},{"damage":0.0,"enemies":"Jaw Worm","floor":2.0,"turns":5.0},{"damage":0.0,"enemies":"Small Slimes","floor":4.0,"turns":3.0},{"damage":0.0,"enemies":"Blue Slaver","floor":5.0,"turns":5.0},{"damage":22.0,"enemies":"3 Sentries","floor":6.0,"turns":8.0},{"damage":0.0,"enemies":"Lots of Slimes","floor":7.0,"turns":2.0},{"damage":7.0,"enemies":"Lagavulin","floor":12.0,"turns":3.0},{"damage":0.0,"enemies":"2 Fungi Beasts","floor":14.0,"turns":3.0},{"damage":0.0,"enemies":"The Guardian","floor":16.0,"turns":6.0},{"damage":0.0,"enemies":"Shell Parasite","floor":18.0,"turns":4.0},{"damage":8.0,"enemies":"2 Thieves","floor":19.0,"turns":4.0},{"damage":0.0,"enemies":"Snake Plant","floor":20.0,"turns":2.0},{"damage":0.0,"enemies":"Cultist and Chosen","floor":21.0,"turns":5.0},{"damage":0.0,"enemies":"Masked Bandits","floor":22.0,"turns":2.0},{"damage":0.0,"enemies":"Slavers","floor":23.0,"turns":2.0},{"damage":0.0,"enemies":"Chosen and Byrds","floor":24.0,"turns":1.0},{"damage":0.0,"enemies":"Gremlin Leader","floor":25.0,"turns":1.0},{"damage":0.0,"enemies":"Slavers","floor":27.0,"turns":1.0},{"damage":0.0,"enemies":"3 Cultists","floor":28.0,"turns":1.0},{"damage":0.0,"enemies":"Champ","floor":33.0,"turns":6.0},{"damage":0.0,"enemies":"3 Darklings","floor":35.0,"turns":1.0},{"damage":0.0,"enemies":"Orb Walker","floor":36.0,"turns":1.0},{"damage":0.0,"enemies":"Nightmare","floor":46.0,"turns":1.0},{"damage":0,"enemies":"Maw","floor":48,"turns":2},{"damage":6,"enemies":"Awakened One","floor":50,"turns":7},{"damage":0,"enemies":"Cultist","floor":52,"turns":1},{"damage":0,"enemies":"The Mushroom Lair","floor":54,"turns":1},{"damage":0,"enemies":"2 Louse","floor":56,"turns":1},{"damage":0,"enemies":"3 Sentries","floor":62,"turns":1},{"damage":0,"enemies":"Small Slimes","floor":64,"turns":1},{"damage":0,"enemies":"Looter","floor":65,"turns":1},{"damage":0,"enemies":"The Guardian","floor":67,"turns":1},{"damage":0,"enemies":"3 Byrds","floor":69,"turns":1},{"damage":0,"enemies":"Spheric Guardian","floor":71,"turns":1},{"damage":0,"enemies":"Nightmare","floor":74,"turns":1},{"damage":0,"enemies":"Book of Stabbing","floor":76,"turns":1},{"damage":0,"enemies":"Snecko","floor":78,"turns":1},{"damage":0,"enemies":"Cultist and Chosen","floor":79,"turns":1},{"damage":0,"enemies":"Snake Plant","floor":81,"turns":1},{"damage":0,"enemies":"Snecko","floor":82,"turns":1},{"damage":0,"enemies":"Collector","floor":84,"turns":1},{"damage":0,"enemies":"Orb Walker","floor":86,"turns":1},{"damage":1,"enemies":"3 Shapes","floor":90,"turns":2},{"damage":0,"enemies":"Nemesis","floor":91,"turns":1},{"damage":0,"enemies":"Transient","floor":96,"turns":1},{"damage":0,"enemies":"Writhing Mass","floor":98,"turns":1},{"damage":0,"enemies":"4 Shapes","floor":99,"turns":1},{"damage":0,"enemies":"Awakened One","floor":101,"turns":2},{"damage":0,"enemies":"Small Slimes","floor":103,"turns":2},{"damage":0,"enemies":"Cultist","floor":104,"turns":2},{"damage":0,"enemies":"2 Louse","floor":107,"turns":1},{"damage":0,"enemies":"Gremlin Nob","floor":108,"turns":1},{"damage":0,"enemies":"Blue Slaver","floor":109,"turns":1},{"damage":0,"enemies":"Nightmare","floor":110,"turns":1},{"damage":0,"enemies":"3 Louse","floor":112,"turns":1},{"damage":0,"enemies":"Red Slaver","floor":113,"turns":1},{"damage":0,"enemies":"Looter","floor":114,"turns":1},{"damage":0,"enemies":"Lagavulin","floor":115,"turns":1},{"damage":0,"enemies":"The Guardian","floor":118,"turns":2},{"damage":0,"enemies":"3 Byrds","floor":120,"turns":1},{"damage":0,"enemies":"Spheric Guardian","floor":121,"turns":1},{"damage":0,"enemies":"Slavers","floor":125,"turns":1},{"damage":0,"enemies":"Book of Stabbing","floor":127,"turns":1},{"damage":0,"enemies":"Snecko","floor":129,"turns":1},{"damage":0,"enemies":"3 Cultists","floor":130,"turns":1},{"damage":0,"enemies":"Centurion and Healer","floor":131,"turns":1},{"damage":0,"enemies":"Nightmare","floor":133,"turns":1},{"damage":0,"enemies":"Collector","floor":135,"turns":1},{"damage":0,"enemies":"3 Darklings","floor":137,"turns":1},{"damage":0,"enemies":"2 Orb Walkers","floor":138,"turns":1},{"damage":0,"enemies":"Orb Walker","floor":141,"turns":1},{"damage":0,"enemies":"Reptomancer","floor":143,"turns":1},{"damage":0,"enemies":"Transient","floor":144,"turns":1},{"damage":0,"enemies":"Maw","floor":148,"turns":1},{"damage":0,"enemies":"Sphere and 2 Shapes","floor":149,"turns":1},{"damage":0,"enemies":"infinitespire:LordOfFortification","floor":152,"turns":1},{"damage":0,"enemies":"Shield and Spear","floor":156,"turns":1},{"damage":0,"enemies":"The Heart","floor":157,"turns":6}],"seed_played":"-5141163842674966934","potions_obtained":[{"floor":2.0,"key":"AttackPotion"},{"floor":5.0,"key":"SkillPotion"},{"floor":6.0,"key":"AttackPotion"},{"floor":18.0,"key":"Dexterity Potion"},{"floor":19.0,"key":"Explosive Potion"},{"floor":21.0,"key":"DuplicationPotion"},{"floor":27.0,"key":"SteroidPotion"},{"floor":50,"key":"Ancient Potion"},{"floor":56,"key":"DistilledChaos"},{"floor":59,"key":"SmokeBomb"},{"floor":67,"key":"infinitespire:BlackPotion"},{"floor":98,"key":"Dexterity Potion"},{"floor":108,"key":"BlessingOfTheForge"},{"floor":125,"key":"DuplicationPotion"},{"floor":137,"key":"FairyPotion"},{"floor":143,"key":"GhostInAJar"}],"is_trial":true,"path_per_floor":["M","M","$","M","M","E","M","R","T","?","R","E","$","M","R","B",null,"M","M","M","M","?","E","M","E","T","E","M","$","?","AVR","R","B",null,"M","M","$","?","$","R","AVR","?","T","R","$","NM","R","M","R","B",null,"M","?","?","AVR","M","R","?","?","T","R","E","R","M","M","R","B",null,"M","AVR","M","?","$","NM","R","E","T","M","M","?","M","M","R","B",null,"M","AVR","?","$","M","E","T","R","T","R","M","R","M","M","R","B",null,"M","M","?","$","M","E","M","NM","T","M","M","M","E","?","R","B",null,"M","M","?","T","$","E","R","E","T","M","M","M","R","NM","R","B",null,"M","?","?","$","M","R","E","M","T","?","T","M","M","?","R","B",null,"R","$","E","B",null],"character_chosen":"THE_SILENT","items_purchased":["infinitespire:Neurotoxin","Prayer Wheel","DollysMirror","Nunchaku","Orichalcum","Omamori","Turnip","Lee\u0027s Waffle","Mango","Medical Kit","Frozen Eye"],"campfire_rested":4,"item_purchase_floors":[13,13,37,37,73,89,106,106,124,140,155],"current_hp_per_floor":[69,69,69,69,69,47,47,47,47,47,47,40,40,40,40,65,70,70,62,62,62,62,62,62,62,72,72,72,80,80,80,80,80,80,80,80,80,76,76,76,76,58,58,58,73,73,73,73,73,70,76,76,76,76,76,76,76,76,76,76,76,76,76,76,76,76,76,76,76,76,76,76,76,78,78,80,80,80,80,80,80,80,80,82,89,89,89,89,89,88,91,98,98,98,98,98,98,98,98,98,98,98,98,98,103,110,110,112,112,86,86,86,86,86,88,88,88,88,88,88,88,88,88,102,104,104,106,106,106,106,106,108,110,112,114,114,114,116,110,110,110,112,114,114,114,116,116,116,116,116,118,120,120,120,120,122,124],"gold":614,"neow_bonus":"","is_daily":false,"chose_seed":false,"campfire_upgraded":3,"win_rate":0.0,"timestamp":1609931463,"path_taken":["M","M","?","M","M","E","?","R","T","?","R","E","$","M","R","BOSS","M","M","M","M","?","E","M","E","T","E","M","$","?","AVR","R","BOSS","M","M","?","?","$","R","AVR","?","T","R","$","NM","R","M","R","BOSS","M","?","?","AVR","M","R","?","?","T","R","E","R","M","M","R","BOSS","M","AVR","M","?","$","NM","R","E","T","M","M","?","M","M","R","BOSS","M","AVR","?","$","M","E","?","R","T","R","M","R","M","M","R","BOSS","M","M","?","$","M","E","M","NM","T","M","M","M","E","?","R","BOSS","M","M","?","?","$","E","R","E","T","M","M","M","R","NM","R","BOSS","M","?","?","$","M","R","E","M","T","?","?","M","M","?","R","BOSS","R","$","E","BOSS"],"items_purchased_type":["Card","Relic","Relic","Relic","Relic","Relic","Relic","Relic","Relic","Relic","Relic"],"build_version":"2020-12-22","purchased_purges":10,"victory":true,"max_hp_per_floor":[70,70,70,70,70,70,70,70,70,70,70,70,70,70,70,70,70,70,70,70,70,70,70,70,70,80,80,80,80,80,80,80,80,80,80,80,80,76,76,76,76,76,76,76,76,76,76,76,76,76,76,76,76,76,76,76,76,76,76,76,76,76,76,76,76,76,76,76,76,76,76,76,76,78,78,80,80,80,80,80,80,80,80,82,89,89,89,89,89,89,91,98,98,98,98,98,98,98,98,98,98,98,98,98,103,110,110,112,112,86,86,86,86,86,88,88,88,88,88,88,88,88,88,102,104,104,106,106,106,106,106,108,110,112,114,114,114,116,110,110,110,112,114,114,114,116,116,116,116,116,118,120,120,120,120,122,124],"card_choices":[{"not_picked":["Underhanded Strike","Flechettes"],"picked":"Calculated Gamble","floor":6.0},{"not_picked":["Backflip","Underhanded Strike+1"],"picked":"Escape Plan","floor":12.0},{"not_picked":["Phantasmal Killer+1","Storm of Steel+1"],"picked":"Corpse Explosion+1","floor":16.0},{"not_picked":["Poisoned Stab+1","Reflex+1"],"picked":"Bane+1","floor":22.0},{"not_picked":["Bane+1","Cloak And Dagger+1"],"picked":"Well Laid Plans","floor":23.0},{"not_picked":["All Out Attack+1","Setup+1"],"picked":"Outmaneuver+1","floor":25.0},{"not_picked":["Masterful Stab+1","Bane+1","Backflip+1"],"picked":"SKIP","floor":27.0},{"not_picked":["A Thousand Cuts+1","Die Die Die+1"],"picked":"Wraith Form v2+1","floor":33.0},{"not_picked":["infinitespire:FinalStrike","infinitespire:Punishment"],"picked":"infinitespire:FutureSight","floor":42.0},{"not_picked":["infinitespire:Fortify","infinitespire:FutureSight"],"picked":"infinitespire:Collect","floor":46},{"not_picked":["Setup+1","Quick Slash+1","Outmaneuver+1"],"picked":"SKIP","floor":46},{"not_picked":["Setup+1","Quick Slash+1","Outmaneuver+1"],"picked":"SKIP","floor":46},{"not_picked":["Night Terror+1","Adrenaline+1"],"picked":"Burst+1","floor":50},{"not_picked":["Outmaneuver+1","Die Die Die+1"],"picked":"Bane+1","floor":62},{"not_picked":["Phantasmal Killer+1","Unload+1"],"picked":"Burst+1","floor":67},{"not_picked":["Deadly Poison+1","Blade Dance+1","Backflip+1"],"picked":"Singing Bowl","floor":74},{"not_picked":["A Thousand Cuts+1","Acrobatics+1","Finisher+1"],"picked":"Singing Bowl","floor":76},{"not_picked":["Envenom+1","Storm of Steel+1","Corpse Explosion+1","Tools of the Trade+1"],"picked":"Singing Bowl","floor":84},{"not_picked":["Bane+1","Dagger Spray+1","Flying Knee+1","Riddle With Holes+1"],"picked":"Singing Bowl","floor":85},{"not_picked":["DevaForm+1","Turbo+1","Hologram+1","PathToVictory+1"],"picked":"Singing Bowl","floor":91},{"not_picked":["Tools of the Trade+1","Multi-Cast+1","Electrodynamics+1"],"picked":"Vault+1","floor":101},{"not_picked":["infinitespire:Punishment","infinitespire:Fortify"],"picked":"infinitespire:Collect","floor":102},{"not_picked":["Skewer+1","Deadly Poison+1","Ghostly Armor+1","Iron Wave+1"],"picked":"Singing Bowl","floor":108},{"not_picked":["Glacier+1","ClearTheMind+1","Beam Cell+1","MasterReality+1"],"picked":"Singing Bowl","floor":110},{"not_picked":["Conclude+1","Evolve+1","Blizzard+1","Stack+1"],"picked":"Singing Bowl","floor":115},{"not_picked":["Die Die Die+1","Secret Technique+1","Double Tap+1"],"picked":"Wraith Form v2+1","floor":118},{"not_picked":["Dagger Throw+1","Pray+1","PathToVictory+1","Study+1"],"picked":"Singing Bowl","floor":125},{"not_picked":["Dodge and Roll+1","Conclude+1","Scrape+1","Turbo+1"],"picked":"Singing Bowl","floor":127},{"not_picked":["Nirvana+1","Doom and Gloom+1","Loop+1","Recycle+1"],"picked":"Singing Bowl","floor":132},{"not_picked":["Thunderclap+1","Blade Dance+1","Skim+1","Streamline+1"],"picked":"Singing Bowl","floor":133},{"not_picked":["Prostrate+1","Meditate+1","Master of Strategy+1","infinitespire:OneForAll+1"],"picked":"Singing Bowl","floor":134},{"not_picked":["ConjureBlade+1","Alpha+1","Reaper+1","Offering+1"],"picked":"Singing Bowl","floor":135},{"not_picked":["Steam Power+1","Warcry+1","Sucker Punch+1","Evaluate+1"],"picked":"Singing Bowl","floor":138},{"not_picked":["All Out Attack+1","Stack+1","Endless Agony+1","Redo+1"],"picked":"Singing Bowl","floor":142},{"not_picked":["Heatsinks+1","Melter+1","Underhanded Strike+1","Scrape+1"],"picked":"Singing Bowl","floor":143},{"not_picked":["Mind Blast+1","Forethought+1","HandOfGreed+1","Blind+1"],"picked":"Singing Bowl","floor":146},{"not_picked":["Havoc+1","Outmaneuver+1","Barrage+1","Swift Strike+1"],"picked":"Singing Bowl","floor":151},{"not_picked":["Fiend Fire+1","Malaise+1","Master of Strategy+1","Doppelganger+1"],"picked":"Singing Bowl","floor":152},{"not_picked":["Barrage+1","Bouncing Flask+1","Conserve Battery+1","Acrobatics+1"],"picked":"Singing Bowl","floor":156},{"not_picked":["LessonLearned+1","Malaise+1","The Bomb+1","After Image+1"],"picked":"Singing Bowl","floor":157}],"player_experience":252884,"relics_obtained":[{"floor":1.0,"key":"MawBank"},{"floor":2.0,"key":"Shovel"},{"floor":4.0,"key":"Pantograph"},{"floor":5.0,"key":"Smiling Mask"},{"floor":6.0,"key":"Mercury Hourglass"},{"floor":7.0,"key":"PreservedInsect"},{"floor":9.0,"key":"InkBottle"},{"floor":12.0,"key":"Molten Egg 2"},{"floor":14.0,"key":"Toxic Egg 2"},{"floor":18.0,"key":"Lantern"},{"floor":19.0,"key":"Oddly Smooth Stone"},{"floor":20.0,"key":"Bag of Preparation"},{"floor":21.0,"key":"Bag of Marbles"},{"floor":22.0,"key":"Red Mask"},{"floor":23.0,"key":"Gambling Chip"},{"floor":23.0,"key":"MealTicket"},{"floor":24.0,"key":"infinitespire:PuzzleCube"},{"floor":25.0,"key":"Boot"},{"floor":25.0,"key":"Juzu Bracelet"},{"floor":26.0,"key":"Pear"},{"floor":27.0,"key":"infinitespire:Beetle Shell"},{"floor":27.0,"key":"Ornamental Fan"},{"floor":28.0,"key":"Frozen Egg 2"},{"floor":32.0,"key":"Mummified Hand"},{"floor":35.0,"key":"Toy Ornithopter"},{"floor":36.0,"key":"Regal Pillow"},{"floor":40.0,"key":"Pen Nib"},{"floor":43.0,"key":"Paper Crane"},{"floor":44.0,"key":"CeramicFish"},{"floor":46,"key":"Centennial Puzzle"},{"floor":46,"key":"Bronze Scales"},{"floor":47,"key":"Vajra"},{"floor":48,"key":"infinitespire:Eraser"},{"floor":49,"key":"Snake Skull"},{"floor":52,"key":"StoneCalendar"},{"floor":54,"key":"Odd Mushroom"},{"floor":56,"key":"infinitespire:CheckeredPen"},{"floor":57,"key":"Happy Flower"},{"floor":60,"key":"Tiny Chest"},{"floor":61,"key":"infinitespire:Satchel"},{"floor":62,"key":"Blood Vial"},{"floor":62,"key":"Anchor"},{"floor":63,"key":"War Paint"},{"floor":64,"key":"Ancient Tea Set"},{"floor":65,"key":"infinitespire:Midas Blood"},{"floor":66,"key":"Sundial"},{"floor":69,"key":"Singing Bowl"},{"floor":71,"key":"infinitespire:BottledMercury"},{"floor":74,"key":"Akabeko"},{"floor":74,"key":"Bottled Lightning"},{"floor":75,"key":"Darkstone Periapt"},{"floor":76,"key":"Gremlin Horn"},{"floor":76,"key":"White Beast Statue"},{"floor":77,"key":"Bottled Flame"},{"floor":78,"key":"Art of War"},{"floor":79,"key":"infinitespire:WardingShard"},{"floor":81,"key":"Whetstone"},{"floor":82,"key":"Question Card"},{"floor":83,"key":"Ninja Scroll"},{"floor":86,"key":"Dream Catcher"},{"floor":90,"key":"HornCleat"},{"floor":91,"key":"StrikeDummy"},{"floor":91,"key":"infinitespire:ShieldingShard"},{"floor":92,"key":"Strawberry"},{"floor":93,"key":"Potion Belt"},{"floor":94,"key":"Kunai"},{"floor":95,"key":"Eternal Feather"},{"floor":96,"key":"Matryoshka"},{"floor":97,"key":"Letter Opener"},{"floor":98,"key":"infinitespire:FocusingShard"},{"floor":99,"key":"infinitespire:EmpoweringShard"},{"floor":100,"key":"infinitespire:Bottled Soul"},{"floor":103,"key":"Meat on the Bone"},{"floor":104,"key":"Blue Candle"},{"floor":107,"key":"The Courier"},{"floor":108,"key":"infinitespire:Joker Card"},{"floor":108,"key":"CaptainsWheel"},{"floor":109,"key":"WingedGreaves"},{"floor":110,"key":"TungstenRod"},{"floor":110,"key":"infinitespire:Lychee Nut"},{"floor":111,"key":"Du-Vu Doll"},{"floor":111,"key":"infinitespire:CursedDice"},{"floor":112,"key":"Peace Pipe"},{"floor":113,"key":"infinitespire:Golems Mask"},{"floor":114,"key":"Incense Burner"},{"floor":115,"key":"Thread and Needle"},{"floor":115,"key":"Pocketwatch"},{"floor":117,"key":"Ice Cream"},{"floor":120,"key":"FossilizedHelix"},{"floor":121,"key":"Calipers"},{"floor":123,"key":"Bird Faced Urn"},{"floor":123,"key":"Tough Bandages"},{"floor":125,"key":"Tingsha"},{"floor":125,"key":"Unceasing Top"},{"floor":126,"key":"Ginger"},{"floor":127,"key":"Lizard Tail"},{"floor":127,"key":"The Specimen"},{"floor":128,"key":"Circlet"},{"floor":129,"key":"Circlet"},{"floor":130,"key":"Circlet"},{"floor":131,"key":"Circlet"},{"floor":132,"key":"Circlet"},{"floor":133,"key":"Circlet"},{"floor":133,"key":"Circlet"},{"floor":134,"key":"Circlet"},{"floor":137,"key":"Circlet"},{"floor":138,"key":"Circlet"},{"floor":141,"key":"Circlet"},{"floor":142,"key":"Circlet"},{"floor":143,"key":"Circlet"},{"floor":143,"key":"Circlet"},{"floor":144,"key":"Circlet"},{"floor":145,"key":"Circlet"},{"floor":147,"key":"Circlet"},{"floor":148,"key":"Circlet"},{"floor":149,"key":"Circlet"},{"floor":151,"key":"Circlet"},{"floor":154,"key":"Circlet"},{"floor":156,"key":"Circlet"},{"floor":156,"key":"Circlet"}],"event_choices":[{"damage_healed":0.0,"max_hp_gain":0.0,"max_hp_loss":0.0,"gold_gain":0.0,"event_name":"Living Wall","player_choice":"Grow","floor":10.0,"gold_loss":0.0,"damage_taken":0.0,"cards_upgraded":["Catalyst"]},{"damage_healed":0.0,"max_hp_gain":0.0,"max_hp_loss":0.0,"gold_gain":0.0,"event_name":"Masked Bandits","player_choice":"Fought Bandits","floor":22.0,"gold_loss":0.0,"damage_taken":0.0},{"damage_healed":0.0,"max_hp_gain":0.0,"max_hp_loss":0.0,"gold_gain":0.0,"event_name":"Match and Keep!","player_choice":"0 cards matched","floor":30.0,"gold_loss":0.0,"damage_taken":0.0,"cards_obtained":[]},{"damage_healed":0.0,"max_hp_gain":0.0,"max_hp_loss":4.0,"gold_gain":0.0,"event_name":"Winding Halls","player_choice":"Max HP","floor":38.0,"gold_loss":0.0,"damage_taken":0.0},{"cards_removed":["PiercingWail"],"damage_healed":0,"gold_gain":0,"player_choice":"Forget","damage_taken":0,"max_hp_gain":0,"max_hp_loss":0,"event_name":"Living Wall","floor":53,"gold_loss":0},{"damage_healed":0,"gold_gain":0,"player_choice":"Fought Mushrooms","damage_taken":0,"max_hp_gain":0,"max_hp_loss":0,"event_name":"Mushrooms","floor":54,"gold_loss":0},{"damage_healed":0,"gold_gain":0,"player_choice":"Gave Potion","damage_taken":0,"relics_obtained":["infinitespire:Lucky Rock"],"max_hp_gain":0,"max_hp_loss":0,"event_name":"WeMeetAgain","floor":58,"gold_loss":0},{"damage_healed":0,"gold_gain":0,"player_choice":"Got Potions","damage_taken":0,"max_hp_gain":0,"max_hp_loss":0,"event_name":"Lab","floor":59,"gold_loss":0},{"cards_removed":["Dagger Spray"],"damage_healed":0,"gold_gain":0,"player_choice":"Gave Gold","damage_taken":0,"max_hp_gain":0,"max_hp_loss":0,"event_name":"Beggar","floor":72,"gold_loss":75},{"damage_healed":0,"gold_gain":0,"player_choice":"Inject Mutagens","damage_taken":0,"relics_obtained":["MutagenicStrength"],"max_hp_gain":0,"max_hp_loss":0,"event_name":"Drug Dealer","floor":80,"gold_loss":0},{"damage_healed":0,"gold_gain":222,"player_choice":"Wore Mask","damage_taken":0,"max_hp_gain":0,"max_hp_loss":0,"event_name":"Tomb of Lord Red Mask","floor":88,"gold_loss":0},{"damage_healed":0,"gold_gain":0,"player_choice":"Donut","damage_taken":0,"max_hp_gain":5,"max_hp_loss":0,"event_name":"Big Fish","floor":105,"gold_loss":0},{"damage_healed":0,"gold_gain":100,"player_choice":"Pray","damage_taken":0,"max_hp_gain":0,"max_hp_loss":0,"event_name":"Golden Shrine","floor":116,"gold_loss":0},{"damage_healed":0,"gold_gain":0,"player_choice":"Inject Mutagens","damage_taken":0,"relics_obtained":["Circlet"],"max_hp_gain":0,"max_hp_loss":0,"event_name":"Drug Dealer","floor":122,"gold_loss":0},{"damage_healed":0,"gold_gain":0,"player_choice":"Fight","damage_taken":0,"max_hp_gain":0,"max_hp_loss":0,"event_name":"Mysterious Sphere","floor":138,"gold_loss":0},{"damage_healed":0,"gold_gain":0,"player_choice":"Max HP","damage_taken":0,"max_hp_gain":0,"max_hp_loss":6,"event_name":"Winding Halls","floor":139,"gold_loss":0},{"damage_healed":0,"gold_gain":0,"player_choice":"Memory 1","damage_taken":0,"max_hp_gain":0,"max_hp_loss":0,"event_name":"SensoryStone","floor":146,"gold_loss":0},{"damage_healed":0,"gold_gain":222,"player_choice":"Wore Mask","damage_taken":0,"max_hp_gain":0,"max_hp_loss":0,"event_name":"Tomb of Lord Red Mask","floor":150,"gold_loss":0}],"is_beta":false,"boss_relics":[{"not_picked":["Calling Bell","SlaversCollar"],"picked":"Black Star"},{"not_picked":["SacredBark","Busted Crown"],"picked":"Runic Pyramid"},{"not_picked":["Tiny House","Sozu"],"picked":"Fusion Hammer"},{"not_picked":["Ring of the Serpent","Velvet Choker"],"picked":"Philosopher\u0027s Stone"},{"not_picked":["Calling Bell","Cursed Key"],"picked":"Tiny House"},{"not_picked":["Sozu","Runic Dome"],"picked":"SacredBark"},{"not_picked":["Busted Crown","Snecko Eye"],"picked":"infinitespire:Cupcake"},{"not_picked":["Coffee Dripper","Runic Dome"],"picked":"HoveringKite"},{"not_picked":["Astrolabe","Cursed Key"],"picked":"WristBlade"}],"items_purged_floors":[29,31,37,39,41,45,55,70,73,106],"is_endless":true,"potions_floor_spawned":[2,5,6,18,19,21,24,27,46,48,50,54,56,67,71,76,78,79,81,82,84,86,90,91,96,98,99,101,103,104,107,108,109,110,112,113,114,115,118,120,121,125,127,129,130,131,133,135,137,138,141,143,144,148,149,152,156,157],"ascension_level":0}}