{"host":"f5y45f7z7ziu0smp","time":1609928664,"event":{"mods":["AchievementEnabler","BaseMod","Koishi","Marisa£¨Ùöéë¡¡Øª×âÞÞ£©","Minty Spire (QoL Compilation)","StSLib","SuperFastMode","The Hierophant"],"gold_per_floor":[111,111,59,59,79,79,79,94,94,107,107,107,167,211,211,343,415,440,539,281,59,95,104,104,104,155,171,128,128,147,166,166,297,297,320,320,1337,1346,769,769,789,509,569,569,791,791,810,810,810,810],"floor_reached":51,"playtime":1162,"items_purged":["Normality","Strike_R+1"],"score":912,"play_id":"094be811-e9af-4d3c-8ce3-81e11a9a9e5f","local_time":"20210106192423","daily_mods":["SealedDeck","Vintage","Heirloom","Time Dilation","Flight","Lethality"],"is_ascension_mode":false,"campfire_choices":[{"data":"Crescendo","floor":6,"key":"SMITH"},{"data":"Crescendo","floor":11,"key":"SMITH"},{"data":"Tantrum","floor":15,"key":"SMITH"},{"data":"Alpha","floor":25,"key":"SMITH"},{"data":"FlurryOfBlows","floor":29,"key":"SMITH"},{"data":"CutThroughFate","floor":32,"key":"SMITH"},{"data":"Master of Strategy","floor":40,"key":"SMITH"},{"data":"Chrysalis","floor":44,"key":"SMITH"},{"data":"SignatureMove","floor":49,"key":"SMITH"}],"circlet_count":0,"master_deck":["EmptyBody","SignatureMove+1","FearNoEvil+1","Crescendo+1","CutThroughFate+1","BowlingBash+1","FollowUp","JustLucky","Tantrum+1","Crescendo+1","ClearTheMind+1","Alpha+1","Adaptation+1","Finesse","FlurryOfBlows+1","FlurryOfBlows+1","Master of Strategy+1","Chrysalis+1","Decay"],"relics":["PureWater","Bird Faced Urn","Unceasing Top","Golden Idol","CeramicFish","Bottled Lightning","Sundial","Meat on the Bone","Bag of Marbles","Damaru","Tiny House","Singing Bowl","Shuriken","Medical Kit","Red Mask","Potion Belt","Oddly Smooth Stone","Molten Egg 2","Regal Pillow","Cursed Key","MealTicket","FossilizedHelix","Pen Nib","Strawberry","CaptainsWheel"],"acts_visited":["Exordium","TheCity","TheBeyond"],"potions_floor_usage":[33,33,50,50,50],"damage_taken":[{"damage":0,"enemies":"2 Louse","floor":1,"turns":1},{"damage":0,"enemies":"Small Slimes","floor":5,"turns":1},{"damage":0,"enemies":"Cultist","floor":8,"turns":1},{"damage":0,"enemies":"Gremlin Gang","floor":10,"turns":1},{"damage":0,"enemies":"3 Sentries","floor":14,"turns":2},{"damage":8,"enemies":"The Guardian","floor":16,"turns":2},{"damage":0,"enemies":"2 Thieves","floor":18,"turns":1},{"damage":0,"enemies":"Masked Bandits","floor":22,"turns":1},{"damage":0,"enemies":"Spheric Guardian","floor":27,"turns":2},{"damage":0,"enemies":"3 Cultists","floor":30,"turns":2},{"damage":11,"enemies":"Centurion and Healer","floor":31,"turns":2},{"damage":11,"enemies":"Champ","floor":33,"turns":4},{"damage":0,"enemies":"Orb Walker","floor":35,"turns":1},{"damage":0,"enemies":"3 Darklings","floor":41,"turns":1},{"damage":0,"enemies":"Writhing Mass","floor":47,"turns":1},{"damage":0,"enemies":"Donu and Deca","floor":50,"turns":3}],"seed_played":"-4876899789030035422","potions_obtained":[{"floor":5,"key":"SteroidPotion"},{"floor":16,"key":"GamblersBrew"},{"floor":17,"key":"AttackPotion"},{"floor":27,"key":"Dexterity Potion"},{"floor":30,"key":"Fruit Juice"},{"floor":35,"key":"Regen Potion"}],"is_trial":true,"path_per_floor":["M","?","$","?","M","R","?","M","T","M","R","T","?","E","R","B",null,"M","?","$","$","?","?","?","R","T","M","$","R","M","M","R","B",null,"M","?","?","?","$","R","M","$","T","R","?","?","M","?","R","B",null],"character_chosen":"WATCHER","items_purchased":["ClearTheMind","Shuriken","Medical Kit","Finesse","FlurryOfBlows","FossilizedHelix","FlurryOfBlows+1","Master of Strategy","Chrysalis"],"campfire_rested":0,"item_purchase_floors":[3,20,21,21,28,39,39,39,42],"current_hp_per_floor":[72,77,77,58,58,58,58,58,58,58,58,58,58,58,58,50,82,82,82,82,82,84,84,84,84,84,84,84,84,84,73,73,71,91,91,91,91,91,91,91,91,91,98,98,98,98,98,93,93,93],"gold":810,"neow_bonus":"","is_daily":false,"chose_seed":false,"campfire_upgraded":9,"win_rate":0.0,"timestamp":1609928663,"path_taken":["M","?","$","?","M","R","?","?","T","?","R","?","?","E","R","BOSS","M","?","$","$","?","?","?","R","T","?","$","R","M","M","R","BOSS","M","?","?","?","$","R","?","$","T","R","?","?","?","?","R","BOSS"],"items_purchased_type":["Card","Relic","Relic","Card","Card","Relic","Card","Card","Card"],"build_version":"2020-12-22","purchased_purges":2,"victory":true,"max_hp_per_floor":[72,77,77,77,77,77,77,77,77,77,77,77,77,77,77,77,82,82,82,82,82,84,84,84,84,84,84,84,84,84,84,84,91,91,91,91,91,91,91,91,91,91,98,98,98,98,98,93,93,93],"card_choices":[{"not_picked":["CarveReality","Evaluate","FlyingSleeves"],"picked":"SKIP","floor":14},{"not_picked":["MasterReality","Establishment"],"picked":"Alpha","floor":16},{"not_picked":["Halt","EmptyFist"],"picked":"Adaptation","floor":17},{"not_picked":["LikeWater+1","ReachHeaven","ThirdEye"],"picked":"Singing Bowl","floor":22},{"not_picked":["Wish","LessonLearned+1","Judgement"],"picked":"Singing Bowl","floor":33}],"player_experience":71165,"relics_obtained":[{"floor":1,"key":"Unceasing Top"},{"floor":5,"key":"CeramicFish"},{"floor":8,"key":"Bottled Lightning"},{"floor":9,"key":"Sundial"},{"floor":10,"key":"Meat on the Bone"},{"floor":12,"key":"Bag of Marbles"},{"floor":14,"key":"Damaru"},{"floor":18,"key":"Singing Bowl"},{"floor":22,"key":"Red Mask"},{"floor":26,"key":"Potion Belt"},{"floor":27,"key":"Oddly Smooth Stone"},{"floor":30,"key":"Molten Egg 2"},{"floor":31,"key":"Regal Pillow"},{"floor":35,"key":"MealTicket"},{"floor":41,"key":"Pen Nib"},{"floor":43,"key":"Strawberry"},{"floor":47,"key":"CaptainsWheel"}],"event_choices":[{"damage_healed":0,"gold_gain":0,"player_choice":"Donut","damage_taken":0,"max_hp_gain":5,"max_hp_loss":0,"event_name":"Big Fish","floor":2,"gold_loss":0},{"damage_healed":0,"gold_gain":0,"player_choice":"Take Damage","damage_taken":19,"relics_obtained":["Golden Idol"],"max_hp_gain":0,"max_hp_loss":0,"event_name":"Golden Idol","floor":4,"gold_loss":0},{"damage_healed":0,"gold_gain":0,"player_choice":"Forge","damage_taken":0,"max_hp_gain":0,"max_hp_loss":0,"event_name":"Accursed Blacksmith","floor":7,"gold_loss":0,"cards_upgraded":["ClearTheMind"]},{"damage_healed":0,"gold_gain":60,"player_choice":"Gained Gold","damage_taken":0,"max_hp_gain":0,"max_hp_loss":0,"event_name":"Golden Wing","floor":13,"gold_loss":0},{"damage_healed":0,"gold_gain":99,"player_choice":"Stole From Cult","damage_taken":0,"max_hp_gain":0,"max_hp_loss":0,"event_name":"Nest","floor":19,"gold_loss":0},{"damage_healed":0,"gold_gain":0,"player_choice":"Fought Bandits","damage_taken":0,"max_hp_gain":0,"max_hp_loss":0,"event_name":"Masked Bandits","floor":22,"gold_loss":0},{"damage_healed":0,"gold_gain":0,"player_choice":"Read","damage_taken":0,"max_hp_gain":0,"max_hp_loss":0,"event_name":"The Library","floor":23,"gold_loss":0,"cards_obtained":["SandsOfTime"]},{"damage_healed":0,"gold_gain":0,"player_choice":"Upgraded","damage_taken":0,"max_hp_gain":0,"max_hp_loss":0,"event_name":"Upgrade Shrine","floor":24,"gold_loss":0,"cards_upgraded":["Adaptation"]},{"cards_removed":["SandsOfTime"],"damage_healed":0,"gold_gain":0,"player_choice":"Removed Attack","damage_taken":0,"max_hp_gain":0,"max_hp_loss":0,"event_name":"Falling","floor":36,"gold_loss":0},{"damage_healed":0,"gold_gain":999,"player_choice":"Gold","damage_taken":0,"max_hp_gain":0,"max_hp_loss":0,"event_name":"MindBloom","floor":37,"gold_loss":0,"cards_obtained":["Normality","Normality"]},{"cards_removed":["Normality"],"damage_healed":0,"gold_gain":0,"player_choice":"Took Card","damage_taken":0,"max_hp_gain":0,"max_hp_loss":0,"event_name":"NoteForYourself","floor":38,"gold_loss":0,"cards_obtained":["Strike_R"]},{"damage_healed":0,"gold_gain":222,"player_choice":"Wore Mask","damage_taken":0,"max_hp_gain":0,"max_hp_loss":0,"event_name":"Tomb of Lord Red Mask","floor":45,"gold_loss":0},{"damage_healed":0,"gold_gain":0,"player_choice":"Upgraded","damage_taken":0,"max_hp_gain":0,"max_hp_loss":0,"event_name":"Upgrade Shrine","floor":46,"gold_loss":0,"cards_upgraded":["FearNoEvil"]},{"damage_healed":0,"gold_gain":0,"player_choice":"Max HP","damage_taken":0,"max_hp_gain":0,"max_hp_loss":5,"event_name":"Winding Halls","floor":48,"gold_loss":0}],"is_beta":false,"boss_relics":[{"not_picked":["Ectoplasm","Runic Pyramid"],"picked":"Tiny House"},{"not_picked":["Snecko Eye","Velvet Choker"],"picked":"Cursed Key"}],"items_purged_floors":[39,42],"is_endless":false,"potions_floor_spawned":[5,16,27,30,33,35],"ascension_level":0}}