{"host":"rz01j32460kf2mtw","time":1609940632,"event":{"mods":["BaseMod","Downfall","Minty Spire (QoL Compilation)","Prisma Mod","Quick Restart","StSLib"],"gold_per_floor":[99,109,122,122,122,122,145,163,163,163,163,163],"floor_reached":11,"playtime":278,"items_purged":[],"score":61,"play_id":"d418f2e3-a0b6-453a-b8d7-cc5cb64628ff","local_time":"20210106064352","is_ascension_mode":false,"campfire_choices":[{"data":"bronze:Goto","floor":1,"key":"SMITH"},{"data":"bronze:OilSpill","floor":6,"key":"SMITH"},{"data":"bronze:Flail","floor":10,"key":"SMITH"}],"circlet_count":0,"master_deck":["bronze:Strike","bronze:Strike+1","bronze:Strike","bronze:Strike","bronze:Defend","bronze:Defend+1","bronze:Defend+1","bronze:Defend","bronze:Replicate","bronze:Goto+1","bronze:OilSpill+1","bronze:Constructor","downfall:Malfunctioning","bronze:Flail+1"],"relics":["bronze:BronzeCore","Incense Burner","Tiny Chest","Blood Vial"],"acts_visited":["Exordium"],"potions_floor_usage":[11],"damage_taken":[{"damage":0,"enemies":"Small Slimes","floor":2,"turns":4},{"damage":7,"enemies":"2 Louse","floor":3,"turns":2},{"damage":0,"enemies":"Cultist","floor":8,"turns":3},{"damage":37,"enemies":"Lagavulin","floor":11,"turns":6}],"seed_played":"-3699519033654392","potions_obtained":[{"floor":2,"key":"bronze:BurnAndBuffPotion"}],"is_trial":false,"path_per_floor":["R","M","M","?","?","R","T","M","?","R","E"],"character_chosen":"THE_AUTOMATON","items_purchased":[],"campfire_rested":0,"item_purchase_floors":[],"current_hp_per_floor":[63,63,56,56,31,31,31,33,33,33,0,0],"gold":163,"neow_bonus":"ONE_RARE_RELIC","is_daily":false,"chose_seed":false,"campfire_upgraded":3,"win_rate":0.0,"timestamp":1609940632,"path_taken":["R","M","M","?","?","R","T","M","?","R","E"],"items_purchased_type":[],"build_version":"2020-12-22","purchased_purges":0,"victory":false,"max_hp_per_floor":[63,63,63,63,63,63,63,63,63,63,63,63],"card_choices":[{"not_picked":["bronze:BronzeArmor","bronze:Turbo"],"picked":"bronze:OilSpill","floor":2},{"not_picked":["bronze:BitShift","bronze:Turbo"],"picked":"bronze:Constructor","floor":3},{"not_picked":["bronze:MaxOutput","bronze:FollowUp"],"picked":"bronze:Flail","floor":8}],"player_experience":880645,"relics_obtained":[{"floor":7,"key":"Blood Vial"}],"event_choices":[{"damage_healed":0,"gold_gain":0,"player_choice":"Success","damage_taken":25,"relics_obtained":["Tiny Chest"],"max_hp_gain":0,"max_hp_loss":0,"event_name":"Scrap Ooze","floor":5,"gold_loss":0},{"damage_healed":0,"gold_gain":0,"player_choice":"Ignored","damage_taken":0,"max_hp_gain":0,"max_hp_loss":0,"event_name":"NoteForYourself","floor":9,"gold_loss":0}],"is_beta":false,"boss_relics":[],"items_purged_floors":[],"is_endless":false,"potions_floor_spawned":[2],"killed_by":"Lagavulin","ascension_level":0}}