{"host":"llpusn9usp8rznkj","time":1609973806,"event":{"mods":["2.2 Compatiblity","Aspiration","BaseMod","Colored Map","Colored Powertips","Conspire","Hubris","Minty Spire (QoL Compilation)","Quick Restart","Rare Cards Sparkle","Replay The Spire","StSLib","The Cursed"],"gold_per_floor":[117,117,117,117,134,134,164,177,177,177,136,150,167,197,197,197,197],"floor_reached":16,"playtime":466,"items_purged":[],"score":270,"play_id":"50878f14-da6e-4212-962e-6b61e600a0b4","local_time":"20210106175646","is_ascension_mode":true,"campfire_choices":[{"data":"Zap","floor":6.0,"key":"SMITH"},{"data":"Defragment","floor":15,"key":"SMITH"}],"circlet_count":0,"master_deck":["AscendersBane","Strike_B","Strike_B","Defend_B","Defend_B+1","Defend_B","Zap+1","Dualcast","Glacier","Leap","Conserve Battery","Ball Lightning","Defragment+1","Fission","Coolheaded","BasicCrystalCard","ReplayRNGCard"],"relics":["Cracked Core","NeowsBlessing","Solar Panel","Replay:PocketPolymizer","Cables","Girya"],"acts_visited":["Exordium"],"potions_floor_usage":[13,14],"damage_taken":[{"damage":0.0,"enemies":"Small Slimes","floor":1.0,"turns":1.0},{"damage":0.0,"enemies":"2 Louse","floor":5.0,"turns":1.0},{"damage":0.0,"enemies":"3 Sentries","floor":7.0,"turns":1.0},{"damage":0.0,"enemies":"Jaw Worm","floor":8.0,"turns":4.0},{"damage":0.0,"enemies":"Looter","floor":12.0,"turns":3.0},{"damage":0,"enemies":"Gremlin Gang","floor":13,"turns":4},{"damage":26,"enemies":"Gremlin Nob","floor":14,"turns":4},{"damage":52,"enemies":"Slime Boss","floor":16,"turns":6}],"seed_played":"7099595175407769406","potions_obtained":[{"floor":1.0,"key":"SkillPotion"},{"floor":13,"key":"Swift Potion"},{"floor":14,"key":"Toxic Potion"}],"is_trial":false,"path_per_floor":["M","?","?","T","M","R","E","M","T","?","$","M","M","E","R","B"],"character_chosen":"DEFECT","items_purchased":["Defragment"],"campfire_rested":0,"item_purchase_floors":[11],"current_hp_per_floor":[64,64,64,64,66,66,68,70,70,63,63,65,67,45,45,0,0],"gold":197,"neow_bonus":"THREE_ENEMY_KILL","is_daily":false,"chose_seed":false,"campfire_upgraded":2,"win_rate":0.0,"timestamp":1609973806,"path_taken":["M","?","?","?","M","R","E","M","T","?","?","M","?","E","R","BOSS"],"items_purchased_type":["Card"],"build_version":"2020-12-22","purchased_purges":0,"victory":false,"max_hp_per_floor":[71,71,71,71,71,71,71,71,71,71,71,71,71,71,71,71,71],"card_choices":[{"not_picked":["Stack","Cold Snap"],"picked":"Glacier","floor":1.0},{"not_picked":["hubris:PowerSurge","Turbo"],"picked":"Conserve Battery","floor":5.0},{"not_picked":["Redo","ReplaySort","Stack"],"picked":"SKIP","floor":7.0},{"not_picked":["Leap","Rebound"],"picked":"Ball Lightning","floor":8.0},{"not_picked":["Beam Cell","ReplaySort"],"picked":"Fission","floor":12.0},{"not_picked":["BootSequence","Stack"],"picked":"Coolheaded","floor":13},{"not_picked":["Steam","Compile Driver"],"picked":"BasicCrystalCard","floor":14}],"player_experience":1125627,"relics_obtained":[{"floor":4.0,"key":"Solar Panel"},{"floor":7.0,"key":"Replay:PocketPolymizer"},{"floor":9.0,"key":"Cables"},{"floor":14,"key":"Girya"}],"event_choices":[{"damage_healed":0.0,"max_hp_gain":0.0,"max_hp_loss":0.0,"gold_gain":0.0,"cards_transformed":["Strike_B"],"event_name":"Living Wall","player_choice":"Change","floor":2.0,"gold_loss":0.0,"damage_taken":0.0,"cards_obtained":["Leap"]},{"cards_removed":["Defend_B"],"damage_healed":0.0,"max_hp_gain":0.0,"max_hp_loss":0.0,"gold_gain":0.0,"event_name":"Golden Wing","player_choice":"Card Removal","floor":10.0,"gold_loss":0.0,"damage_taken":7.0}],"is_beta":false,"boss_relics":[],"items_purged_floors":[],"is_endless":false,"potions_floor_spawned":[1,13,14],"killed_by":"Slime Boss","ascension_level":20}}