{"host":"g01l53quoe6lrer0","time":1609919621,"event":{"mods":["2.2 Compatiblity","AchievementEnabler","BaseMod","Colored Map","Highlight Path","Keyboard Shortcuts","Minty Spire (QoL Compilation)","Permanent Neow","Quick Restart","StSLib","SuperFastMode","everything is the same but u backflip on backflip"],"gold_per_floor":[112,112,132,82,98,98,142,171,171,209,209,209,243,257,257,387,387,411,11,11,25,46,46,70,70,147,187,187,205,205,105,105,233,233,247,247,262,63,63,63,97,97,97,97,97,130,151,169,169,169],"floor_reached":51,"playtime":1671,"items_purged":["Strike_R","Strike_R","Strike_R"],"score":1186,"play_id":"ac6c4c59-827d-4f3a-8e3c-bc5c0fab5160","local_time":"20210106165341","is_ascension_mode":true,"campfire_choices":[{"data":"Bludgeon","floor":6.0,"key":"SMITH"},{"floor":12.0,"key":"REST"},{"data":"Body Slam","floor":15.0,"key":"SMITH"},{"data":"Entrench","floor":23.0,"key":"SMITH"},{"floor":25.0,"key":"REST"},{"data":"Entrench","floor":30.0,"key":"SMITH"},{"data":"Strike_R","floor":32.0,"key":"PURGE"},{"data":"Entrench","floor":40.0,"key":"SMITH"},{"floor":42.0,"key":"REST"},{"data":"Sever Soul+1","floor":45.0,"key":"PURGE"},{"floor":49.0,"key":"REST"}],"circlet_count":0,"master_deck":["Defend_R","Defend_R","Defend_R","Defend_R","Bash","Bludgeon+1","Seeing Red","Thunderclap","Twin Strike","Body Slam+1","Headbutt","Shockwave","Shrug It Off","Barricade+1","Entrench+1","Body Slam","Havoc+1","Entrench+1","Impervious","CurseOfTheBell","Entrench+1","Corruption+1","Second Wind","Spot Weakness"],"relics":["Burning Blood","Golden Idol","Frozen Egg 2","Odd Mushroom","Bottled Flame","Red Skull","Mercury Hourglass","Peace Pipe","Mark of Pain","Matryoshka","Dream Catcher","Pear","Darkstone Periapt","Calling Bell","Toy Ornithopter","Meat on the Bone","Girya","Nunchaku","Ancient Tea Set","Letter Opener","Mango","Dead Branch"],"acts_visited":["Exordium","TheCity","TheBeyond"],"potions_floor_usage":[50,50,50],"damage_taken":[{"damage":2.0,"enemies":"Jaw Worm","floor":1.0,"turns":3.0},{"damage":0.0,"enemies":"Small Slimes","floor":3.0,"turns":3.0},{"damage":1.0,"enemies":"Cultist","floor":5.0,"turns":3.0},{"damage":34.0,"enemies":"Lagavulin","floor":7.0,"turns":7.0},{"damage":27.0,"enemies":"The Mushroom Lair","floor":8.0,"turns":4.0},{"damage":8.0,"enemies":"Gremlin Nob","floor":10.0,"turns":3.0},{"damage":10.0,"enemies":"Lagavulin","floor":13.0,"turns":4.0},{"damage":0.0,"enemies":"3 Louse","floor":14.0,"turns":2.0},{"damage":12.0,"enemies":"Slime Boss","floor":16.0,"turns":8.0},{"damage":17.0,"enemies":"3 Byrds","floor":18.0,"turns":6.0},{"damage":9.0,"enemies":"Shell Parasite","floor":21.0,"turns":5.0},{"damage":34.0,"enemies":"Snake Plant","floor":22.0,"turns":4.0},{"damage":8.0,"enemies":"Chosen and Byrds","floor":24.0,"turns":3.0},{"damage":0.0,"enemies":"Gremlin Leader","floor":27.0,"turns":6.0},{"damage":0.0,"enemies":"Snecko","floor":29.0,"turns":2.0},{"damage":21.0,"enemies":"Automaton","floor":33.0,"turns":8.0},{"damage":5.0,"enemies":"Orb Walker","floor":35.0,"turns":4.0},{"damage":22.0,"enemies":"3 Shapes","floor":37.0,"turns":6.0},{"damage":21.0,"enemies":"Nemesis","floor":41.0,"turns":7.0},{"damage":0.0,"enemies":"Giant Head","floor":46.0,"turns":9.0},{"damage":13.0,"enemies":"Jaw Worm Horde","floor":47.0,"turns":4.0},{"damage":44.0,"enemies":"4 Shapes","floor":48.0,"turns":6.0},{"damage":77,"enemies":"Time Eater","floor":50,"turns":9}],"seed_played":"-6910723415070487435","potions_obtained":[{"floor":1.0,"key":"LiquidBronze"},{"floor":7.0,"key":"SneckoOil"},{"floor":10.0,"key":"CultistPotion"},{"floor":18.0,"key":"Fruit Juice"},{"floor":22.0,"key":"LiquidMemories"},{"floor":24.0,"key":"DistilledChaos"},{"floor":35.0,"key":"Block Potion"},{"floor":47.0,"key":"EssenceOfSteel"},{"floor":48.0,"key":"EntropicBrew"}],"is_trial":false,"path_per_floor":["M","?","M","?","M","R","E","?","T","E","T","R","E","M","R","B",null,"M","$","?","M","M","R","M","R","T","E","?","M","R","$","R","B",null,"M","?","M","$","?","R","E","R","T","T","R","E","M","M","R","B",null],"character_chosen":"IRONCLAD","items_purchased":["Entrench","Matryoshka","Entrench"],"campfire_rested":4,"item_purchase_floors":[19,19,38],"current_hp_per_floor":[72,54,60,60,65,65,37,16,16,14,14,35,31,37,37,31,62,51,51,51,48,25,25,23,46,56,62,62,68,68,68,68,53,85,86,86,70,70,70,70,55,82,82,96,96,107,105,67,99,55],"gold":169,"neow_bonus":"THREE_RARE_CARDS","is_daily":false,"chose_seed":false,"campfire_upgraded":5,"win_rate":0.0,"timestamp":1609919621,"path_taken":["M","?","M","?","M","R","E","?","T","E","?","R","E","?","R","BOSS","M","$","?","M","M","R","M","R","T","E","?","M","R","?","R","BOSS","M","?","M","$","?","R","E","R","T","?","R","E","M","M","R","BOSS"],"items_purchased_type":["Card","Relic","Card"],"build_version":"2020-12-22","purchased_purges":3,"victory":true,"max_hp_per_floor":[72,72,72,72,72,72,72,72,72,72,72,72,72,72,72,72,72,72,72,72,72,77,77,77,77,87,87,87,87,87,87,87,87,93,93,93,93,93,93,93,93,93,93,107,107,107,107,107,107,107],"card_choices":[{"not_picked":["Reaper","Impervious"],"picked":"Bludgeon","floor":0.0},{"not_picked":["Feel No Pain","Wild Strike"],"picked":"Power Through","floor":1.0},{"not_picked":["Thunderclap","Hemokinesis"],"picked":"Seeing Red","floor":3.0},{"not_picked":["Clothesline","Hemokinesis"],"picked":"Thunderclap","floor":5.0},{"not_picked":["Dropkick","Thunderclap"],"picked":"Twin Strike","floor":7.0},{"not_picked":["Pommel Strike","True Grit"],"picked":"Body Slam","floor":8.0},{"not_picked":["Iron Wave","Sentinel"],"picked":"Headbutt","floor":10.0},{"not_picked":["Rupture+1","Cleave"],"picked":"Shockwave","floor":13.0},{"not_picked":["Armaments","Burning Pact"],"picked":"Shrug It Off","floor":14.0},{"not_picked":["Feed","Reaper"],"picked":"Barricade+1","floor":16.0},{"not_picked":["Sword Boomerang","Headbutt","Twin Strike+1"],"picked":"SKIP","floor":18.0},{"not_picked":["Havoc","Anger+1"],"picked":"Body Slam","floor":21.0},{"not_picked":["Disarm","Inflame+1","Body Slam"],"picked":"SKIP","floor":22.0},{"not_picked":["Sever Soul+1","Combust+1"],"picked":"Havoc+1","floor":24.0},{"not_picked":["Carnage","Havoc","Flex+1"],"picked":"SKIP","floor":27.0},{"not_picked":["Rampage+1","Sword Boomerang","Anger+1"],"picked":"SKIP","floor":29.0},{"not_picked":["Juggernaut+1","Berserk+1"],"picked":"Impervious","floor":33.0},{"not_picked":["Twin Strike","Body Slam"],"picked":"Sever Soul+1","floor":35.0},{"not_picked":["Infernal Blade+1","Twin Strike+1","Reaper"],"picked":"SKIP","floor":37.0},{"not_picked":["Headbutt","Seeing Red+1","Shockwave+1"],"picked":"SKIP","floor":41.0},{"not_picked":["Intimidate+1","Corruption+1","Headbutt+1"],"picked":"SKIP","floor":46.0},{"not_picked":["Intimidate+1","Headbutt+1"],"picked":"Corruption+1","floor":46.0},{"not_picked":["Thunderclap","Clash"],"picked":"Second Wind","floor":47.0},{"not_picked":["Reckless Charge+1","Dropkick+1"],"picked":"Spot Weakness","floor":48.0}],"player_experience":46445,"relics_obtained":[{"floor":7.0,"key":"Frozen Egg 2"},{"floor":8.0,"key":"Odd Mushroom"},{"floor":9.0,"key":"Bottled Flame"},{"floor":10.0,"key":"Red Skull"},{"floor":11.0,"key":"Mercury Hourglass"},{"floor":13.0,"key":"Peace Pipe"},{"floor":26.0,"key":"Dream Catcher"},{"floor":26.0,"key":"Pear"},{"floor":27.0,"key":"Darkstone Periapt"},{"floor":34.0,"key":"Toy Ornithopter"},{"floor":34.0,"key":"Meat on the Bone"},{"floor":34.0,"key":"Girya"},{"floor":41.0,"key":"Nunchaku"},{"floor":43.0,"key":"Ancient Tea Set"},{"floor":43.0,"key":"Letter Opener"},{"floor":44.0,"key":"Mango"},{"floor":46.0,"key":"Dead Branch"}],"event_choices":[{"damage_healed":0.0,"max_hp_gain":0.0,"max_hp_loss":0.0,"gold_gain":0.0,"event_name":"Golden Idol","player_choice":"Take Damage","floor":2.0,"gold_loss":0.0,"damage_taken":18.0,"relics_obtained":["Golden Idol"]},{"cards_removed":["Strike_R"],"damage_healed":0.0,"max_hp_gain":0.0,"max_hp_loss":0.0,"gold_gain":0.0,"event_name":"The Cleric","player_choice":"Card Removal","floor":4.0,"gold_loss":50.0,"damage_taken":0.0},{"damage_healed":0.0,"max_hp_gain":0.0,"max_hp_loss":0.0,"gold_gain":0.0,"event_name":"Mushrooms","player_choice":"Fought Mushrooms","floor":8.0,"gold_loss":0.0,"damage_taken":0.0},{"damage_healed":0.0,"max_hp_gain":0.0,"max_hp_loss":0.0,"gold_gain":0.0,"event_name":"Vampires","player_choice":"Ignored","floor":20.0,"gold_loss":0.0,"damage_taken":0.0},{"damage_healed":0.0,"max_hp_gain":0.0,"max_hp_loss":0.0,"gold_gain":0.0,"event_name":"The Library","player_choice":"Read","floor":28.0,"gold_loss":0.0,"damage_taken":0.0,"cards_obtained":["Entrench"]},{"damage_healed":0.0,"max_hp_gain":0.0,"max_hp_loss":0.0,"gold_gain":0.0,"event_name":"Tomb of Lord Red Mask","player_choice":"Ignored","floor":36.0,"gold_loss":0.0,"damage_taken":0.0},{"cards_removed":["Power Through"],"damage_healed":0.0,"max_hp_gain":0.0,"max_hp_loss":0.0,"gold_gain":0.0,"event_name":"Falling","player_choice":"Removed Skill","floor":39.0,"gold_loss":0.0,"damage_taken":0.0}],"is_beta":false,"boss_relics":[{"not_picked":["Pandora\u0027s Box","Astrolabe"],"picked":"Mark of Pain"},{"not_picked":["Philosopher\u0027s Stone","Black Blood"],"picked":"Calling Bell"}],"items_purged_floors":[19,31,38],"is_endless":false,"potions_floor_spawned":[1,7,10,18,22,24,35,47,48],"ascension_level":9}}