{"host":"c97twqu0op5dg8i4","time":1609972786,"event":{"mods":["BaseMod","Minty Spire (QoL Compilation)"],"gold_per_floor":[115,131,81,81,6,6,40,40,40,40,58,58,92,108,108,212,262,273,198,218,236,236,236,262,282,332,27,39,39,39],"floor_reached":29,"playtime":1085,"items_purged":["Strike_P","Strike_P"],"score":377,"play_id":"fe0079b1-0562-45fe-b4b7-0f5413459604","local_time":"20210106173946","is_ascension_mode":true,"campfire_choices":[{"data":"WindmillStrike","floor":6,"key":"SMITH"},{"data":"Eruption","floor":10,"key":"SMITH"},{"data":"CarveReality","floor":15,"key":"SMITH"},{"floor":23,"key":"REST"}],"circlet_count":0,"master_deck":["Defend_P","Defend_P","Defend_P","Eruption+1","Vigilance","EmptyFist","WindmillStrike+1","DevaForm+1","FlurryOfBlows+1","Protect","CarveReality+1","Omniscience","Consecrate","EmptyBody","CutThroughFate","FollowUp","Halt+1","Halt"],"relics":["PureWater","NeowsBlessing","Unceasing Top","Toy Ornithopter","GoldenEye","Frozen Egg 2","Tiny House","Bag of Preparation","Oddly Smooth Stone","Orrery"],"acts_visited":["Exordium","TheCity"],"potions_floor_usage":[20,20,24,25,28,29],"damage_taken":[{"damage":0,"enemies":"2 Louse","floor":1,"turns":1},{"damage":0,"enemies":"Jaw Worm","floor":2,"turns":1},{"damage":0,"enemies":"Lagavulin","floor":7,"turns":1},{"damage":1,"enemies":"Small Slimes","floor":11,"turns":3},{"damage":22,"enemies":"Gremlin Nob","floor":13,"turns":4},{"damage":10,"enemies":"3 Louse","floor":14,"turns":4},{"damage":0,"enemies":"Slime Boss","floor":16,"turns":6},{"damage":4,"enemies":"Chosen","floor":18,"turns":3},{"damage":32,"enemies":"2 Thieves","floor":20,"turns":3},{"damage":22,"enemies":"Snake Plant","floor":21,"turns":5},{"damage":46,"enemies":"Slavers","floor":24,"turns":6},{"damage":0,"enemies":"3 Cultists","floor":25,"turns":2},{"damage":0,"enemies":"Chosen and Byrds","floor":28,"turns":4},{"damage":0,"enemies":"Centurion and Healer","floor":29,"turns":2}],"seed_played":"1726206656689157032","potions_obtained":[{"floor":2,"key":"SpeedPotion"},{"floor":7,"key":"CultistPotion"},{"floor":14,"key":"Fire Potion"},{"floor":18,"key":"DuplicationPotion"},{"floor":24,"key":"AttackPotion"},{"floor":25,"key":"Energy Potion"},{"floor":28,"key":"SteroidPotion"}],"is_trial":false,"path_per_floor":["M","M","?","?","$","R","E","?","T","R","M","?","E","M","R","B",null,"M","?","M","M","?","R","E","M","T","$","M","M"],"character_chosen":"WATCHER","items_purchased":["SkillPotion","Orrery"],"campfire_rested":1,"item_purchase_floors":[27,27],"current_hp_per_floor":[72,72,72,69,69,69,69,69,69,69,68,72,50,40,40,40,77,73,73,50,28,28,51,10,15,15,15,20,25,25],"gold":39,"neow_bonus":"THREE_ENEMY_KILL","is_daily":false,"chose_seed":false,"campfire_upgraded":3,"win_rate":0.0,"timestamp":1609972786,"path_taken":["M","M","?","?","?","R","E","?","T","R","M","?","E","M","R","BOSS","M","?","M","M","?","R","E","?","T","$","M","M"],"items_purchased_type":["Potion","Relic"],"build_version":"2020-12-22","purchased_purges":2,"victory":false,"max_hp_per_floor":[72,72,72,72,72,72,72,72,72,72,72,72,72,72,72,72,77,77,77,77,77,77,77,77,77,77,77,77,77,77],"card_choices":[{"not_picked":["Halt","JustLucky"],"picked":"EmptyFist","floor":1},{"not_picked":["Evaluate","CrushJoints"],"picked":"WindmillStrike","floor":2},{"not_picked":["Prostrate","ThirdEye"],"picked":"DevaForm","floor":7},{"not_picked":["Protect","WaveOfTheHand"],"picked":"FlurryOfBlows","floor":11},{"not_picked":["Wallop","ClearTheMind"],"picked":"Protect","floor":13},{"not_picked":["Nirvana+1","FollowUp"],"picked":"CarveReality","floor":14},{"not_picked":["Scrawl","ConjureBlade"],"picked":"Omniscience","floor":16},{"not_picked":["Sanctity","CrushJoints"],"picked":"Consecrate","floor":17},{"not_picked":["FlyingSleeves","BattleHymn+1","Worship"],"picked":"SKIP","floor":18},{"not_picked":["ClearTheMind","Weave"],"picked":"EmptyBody","floor":20},{"not_picked":["JustLucky","ClearTheMind"],"picked":"CutThroughFate","floor":21},{"not_picked":["WreathOfFlame","Swivel+1","CutThroughFate"],"picked":"SKIP","floor":24},{"not_picked":["MentalFortress+1","Brilliance"],"picked":"FollowUp","floor":25},{"not_picked":["ThirdEye","FlyingSleeves+1"],"picked":"Halt+1","floor":27},{"not_picked":["EmptyFist","Prostrate"],"picked":"Halt","floor":27},{"not_picked":["Wireheading+1","Protect","SashWhip"],"picked":"SKIP","floor":28}],"player_experience":239940,"relics_obtained":[{"floor":7,"key":"Toy Ornithopter"},{"floor":9,"key":"GoldenEye"},{"floor":13,"key":"Frozen Egg 2"},{"floor":24,"key":"Bag of Preparation"},{"floor":26,"key":"Oddly Smooth Stone"}],"event_choices":[{"cards_removed":["Strike_P"],"damage_healed":0,"gold_gain":0,"player_choice":"Card Removal","damage_taken":0,"max_hp_gain":0,"max_hp_loss":0,"event_name":"The Cleric","floor":3,"gold_loss":50},{"damage_healed":0,"gold_gain":0,"player_choice":"Success","damage_taken":3,"relics_obtained":["Unceasing Top"],"max_hp_gain":0,"max_hp_loss":0,"event_name":"Scrap Ooze","floor":4,"gold_loss":0},{"damage_healed":0,"gold_gain":0,"player_choice":"Grow","damage_taken":0,"max_hp_gain":0,"max_hp_loss":0,"event_name":"Living Wall","floor":8,"gold_loss":0,"cards_upgraded":["DevaForm"]},{"damage_healed":4,"gold_gain":0,"player_choice":"Full Heal","damage_taken":0,"max_hp_gain":0,"max_hp_loss":0,"event_name":"Wheel of Change","floor":12,"gold_loss":0},{"cards_removed":["Defend_P"],"damage_healed":0,"gold_gain":0,"player_choice":"Gave Gold","damage_taken":0,"max_hp_gain":0,"max_hp_loss":0,"event_name":"Beggar","floor":19,"gold_loss":75},{"cards_removed":["Strike_P"],"damage_healed":0,"gold_gain":0,"player_choice":"Elegance","damage_taken":0,"max_hp_gain":0,"max_hp_loss":0,"event_name":"Back to Basics","floor":22,"gold_loss":0}],"is_beta":false,"boss_relics":[{"not_picked":["VioletLotus","Fusion Hammer"],"picked":"Tiny House"}],"items_purged_floors":[5,27],"is_endless":false,"potions_floor_spawned":[2,7,14,18,24,25,28],"killed_by":"Centurion and Healer","ascension_level":3}}