{"host":"j8ly90ps7nkk24ot","time":1610001160,"event":{"mods":["AchievementEnabler","Act Like it!","Arknights The Spire","Aspiration","BaseMod","Better Note","Better Sensory Stone","Better Skull","Block Reminder","Clockwork Mod","Colored Map","Colored Powertips","DeckTracker","Dio Mod","Downfall","Fiend Mod","Googly Eyes","GungeonMod","Halation","Hermit","Highlight Path","Minty Spire (QoL Compilation)","Permanent Neow","Practice Mode","Quick Restart","Rare Cards Sparkle","Relic Sorter","Relic Stats","Replay The Spire","StSLib","SuperFastMode","Synergy Search","The Bladedancer","The Bug Knight","The Construct","The Disciple","The Exalted","The Juggle","The Necromancer","The Saiyan","The Servant 0.9.4","The Showman","The Wild Card","TheBandit","TheHero","Waifu the Spire","everything is the same but u backflip on backflip","slay the spire mod where everything is the same but ironclad has a cowboy hat"],"gold_per_floor":[111,121,121,141,69,69,101,101,127,145,162,162,182,357,357,357,357],"floor_reached":16,"playtime":739,"items_purged":[],"score":102,"play_id":"a1050b05-af66-46d6-a41f-c50b262785be","local_time":"20210106223240","is_ascension_mode":false,"campfire_choices":[{"data":"ats:True Silver Slash","floor":6,"key":"SMITH"},{"data":"Doubt","floor":15,"key":"SMITH"}],"circlet_count":0,"master_deck":["ats:Strike C","ats:Strike G","ats:Strike S","ats:Strike V","ats:Armor Crushing Shot","ats:Defend","ats:Defend","ats:Defend+1","ats:Defend","ats:Emotion Absorption","ats:True Silver Slash+1","ats:Ignite","ats:Hammer On+1","ats:Consecutive Shot Auto","ats:Explosion Area Strengthen","ats:Apocalypse","ats:Revitalization","ats:Apocalypse","ats:Assault Order","Parasite","ats:Very Hot Blade"],"relics":["ats:Sanity","ats:Originium","Bromod:ArcaneNullifier","halation:PrussianBluePaint"],"acts_visited":["Exordium"],"potions_floor_usage":[10,16],"damage_taken":[{"damage":0,"enemies":"Small Slimes","floor":1,"turns":2},{"damage":9,"enemies":"Cultist","floor":2,"turns":4},{"damage":0,"enemies":"Jaw Worm","floor":4,"turns":4},{"damage":32,"enemies":"3 Sentries","floor":7,"turns":5},{"damage":8,"enemies":"Large Slime","floor":10,"turns":4},{"damage":0,"enemies":"Lots of Slimes","floor":11,"turns":1},{"damage":21,"enemies":"Blue Slaver","floor":13,"turns":4},{"damage":49,"enemies":"Hexaghost","floor":16,"turns":9}],"seed_played":"-723782787328997944","potions_obtained":[{"floor":4,"key":"Explosive Potion"},{"floor":7,"key":"ats:Top Emergency Sanity Potion"},{"floor":10,"key":"Weak Potion"}],"is_trial":false,"path_per_floor":["M","M","?","M","$","R","E","?","T","M","M","?","M","?","R","B"],"character_chosen":"DOCTOR_CLASS","items_purchased":["ats:Explosion Area Strengthen","ats:Apocalypse"],"campfire_rested":0,"item_purchase_floors":[5,5],"current_hp_per_floor":[72,63,63,63,63,63,35,35,35,31,31,49,35,35,35,0,0],"gold":357,"neow_bonus":"ONE_RANDOM_RARE_CARD","is_daily":false,"chose_seed":false,"campfire_upgraded":2,"win_rate":0.0,"timestamp":1610001160,"path_taken":["M","M","?","M","$","R","E","?","T","M","?","?","M","?","R","BOSS"],"items_purchased_type":["Card","Card"],"build_version":"2020-12-22","purchased_purges":0,"victory":false,"max_hp_per_floor":[72,72,72,72,72,72,72,72,72,72,72,72,72,72,72,72,72],"relic_stats":{"counters":[8,32],"obtain_stats":[{"ats:Originium":7,"Bromod:ArcaneNullifier":7,"halation:PrussianBluePaint":9,"DemoMod:GlassGuonStoneRelic":2,"ats:Sanity":0},{"ats:Originium":4,"Bromod:ArcaneNullifier":4,"halation:PrussianBluePaint":4,"DemoMod:GlassGuonStoneRelic":2,"ats:Sanity":0},{"ats:Originium":14,"Bromod:ArcaneNullifier":14,"halation:PrussianBluePaint":14,"DemoMod:GlassGuonStoneRelic":5,"ats:Sanity":0}]},"card_choices":[{"not_picked":["ats:Guardian Obelisk","ats:LN2 Cannon"],"picked":"ats:Ignite","floor":1},{"not_picked":["ats:Cat Scratch","ats:Soul Absorption"],"picked":"ats:Hammer On","floor":2},{"not_picked":["ats:Cat Scratch","ats:Encircling Forest"],"picked":"ats:Consecutive Shot Auto","floor":4},{"not_picked":["ats:Leaping Hammer","ats:Apocalypse"],"picked":"ats:Revitalization","floor":7},{"not_picked":["ats:Counter Healing Mode","ats:Rat Pack"],"picked":"ats:Apocalypse","floor":10},{"not_picked":["ats:Leaping Hammer","ats:Demon Strength"],"picked":"ats:Assault Order","floor":11},{"not_picked":["ats:Hammer On","ats:Leaping Hammer"],"picked":"ats:Very Hot Blade","floor":13}],"player_experience":141594,"relics_obtained":[{"floor":7,"key":"ats:Originium"},{"floor":7,"key":"Bromod:ArcaneNullifier"},{"floor":9,"key":"halation:PrussianBluePaint"}],"event_choices":[{"damage_healed":0,"gold_gain":0,"player_choice":"Leave","damage_taken":0,"max_hp_gain":0,"max_hp_loss":0,"event_name":"The Cleric","floor":3,"gold_loss":0},{"damage_healed":0,"gold_gain":0,"player_choice":"Upgraded","damage_taken":0,"max_hp_gain":0,"max_hp_loss":0,"event_name":"Upgrade Shrine","floor":8,"gold_loss":0,"cards_upgraded":["ats:Hammer On"]},{"damage_healed":18,"gold_gain":0,"player_choice":"Healed and dodged fight","damage_taken":0,"max_hp_gain":0,"max_hp_loss":0,"event_name":"Mushrooms","floor":12,"gold_loss":0,"cards_obtained":["Parasite"]},{"damage_healed":0,"gold_gain":175,"player_choice":"AGREE","damage_taken":0,"max_hp_gain":0,"max_hp_loss":0,"event_name":"Liars Game","floor":14,"gold_loss":0,"cards_obtained":["Doubt"]}],"is_beta":false,"boss_relics":[],"items_purged_floors":[],"is_endless":false,"potions_floor_spawned":[4,7,10],"killed_by":"Hexaghost","ascension_level":0}}