{"host":"b0l902yh1rk3g5bq","time":1609905300,"event":{"mods":["AchievementEnabler","Act Like it!","Aspiration","BaseMod","Better Match","Better Sensory Stone","Better Skull","Better Third Choice","BetterRewards","Challenge The Spire","Colored Map","Colored Powertips","Conspire","Downfall","Energized Spire","GifTheSpireLib","Halation","Hubris","Infinite Spire","Minty Spire (QoL Compilation)","Quick Restart","Rare Cards Sparkle","Replay The Spire","StSLib","Stuff the Spire","Trackpad","Virulent Crown","Wandering Minibosses","egg","everything is the same but u backflip on backflip","vexMod"],"gold_per_floor":[114,114,134,46,46,77,102,129,129,164,164,194,221,254,254,351,451,465,465,338,372,397,429,560,560,560,592,624,659,659,686,686,785,785,804,804,904,730,764,795,827,852,875,907,907,907,940,974,974,1024],"floor_reached":51,"playtime":1980,"items_purged":["Bane","Hidden Blade","Flying Knee","Storm of Steel"],"score":1761,"play_id":"e034554b-779b-4be8-b798-b9338fd5a339","local_time":"20210106045500","daily_mods":["Draft","Heirloom","Flight","DeadlyEvents","Elite Swarm"],"is_ascension_mode":true,"campfire_choices":[{"floor":11,"key":"REST"},{"floor":15,"key":"REST"},{"data":"Cloak And Dagger","floor":30,"key":"SMITH"},{"data":"A Thousand Cuts","floor":30,"key":"SMITH"},{"data":"Infinite Blades","floor":32,"key":"SMITH"},{"data":"After Image","floor":32,"key":"SMITH"},{"data":"hubris:InfiniteBlow+2","floor":46,"key":"SMITH"},{"data":"hubris:Rewind","floor":46,"key":"SMITH"},{"data":"hubris:InfiniteBlow+3","floor":49,"key":"SMITH"},{"data":"After Image","floor":49,"key":"SMITH"}],"circlet_count":0,"master_deck":["Accuracy","Backflip","Blur","Backstab","Cloak And Dagger+1","Sucker Punch","Terror","StuffTheSpire:Incantation","Dodge and Roll","Hidden Blade","All Out Attack+1","Caltrops","Infinite Blades+1","Blade Dance","A Thousand Cuts+1","After Image+1","Die Die Die+1","Calculated Gamble","StuffTheSpire:DoubleShiv+1","infinitespire:Collect+1","After Image+1","Footwork+1","Blade Dance","hubris:Rewind+1","hubris:InfiniteBlow+4"],"relics":["Ring of the Snake","hubris:BundleOfHerbs","hubris:Icosahedron","aspiration:SneckoTail","Replay:Multitool","hubris:MobiusCoin","trackpad:BottledShadow","Centennial Puzzle","Replay:Rubber Ducky","MealTicket","Bronze Scales","Replay:Wanted Poster","aspiration:RitualStick","Bottled Lightning","trackpad:IceCube","vexMod:ConsolationPrize","Replay:Arrowhead","Membership Card","hubris:TerracottaHorce","conspire:BottledYoYo","Gremlin Horn","ReplayTheSpireMod:Ninjato","hubris:Potato","Replay:Ringing Soul","hubris:VirtuousBlindfold","Anchor","Whetstone","StuffTheSpire:Barrel","trackpad:WondrousWand","Orichalcum","StuffTheSpire:Expresso","hubris:AncientText","hubris:PeanutButter","trackpad:SappingStone"],"acts_visited":["Exordium","TheCity","TheBeyond"],"potions_floor_usage":[16,50,50,50],"damage_taken":[{"damage":2,"enemies":"Jaw Worm","floor":1,"turns":2},{"damage":2,"enemies":"Cultist","floor":3,"turns":3},{"damage":6,"enemies":"Gremlin Nob","floor":6,"turns":3},{"damage":9,"enemies":"Lagavulin","floor":7,"turns":5},{"damage":14,"enemies":"Gremlin Nob","floor":8,"turns":3},{"damage":21,"enemies":"3 Sentries","floor":10,"turns":4},{"damage":0,"enemies":"Gremlin Nob","floor":12,"turns":2},{"damage":0,"enemies":"Lagavulin","floor":13,"turns":5},{"damage":0,"enemies":"Gremlin Nob","floor":14,"turns":2},{"damage":0,"enemies":"Slime Boss","floor":16,"turns":3},{"damage":0,"enemies":"Shell Parasite","floor":18,"turns":2},{"damage":2,"enemies":"conspire:MimicChest","floor":21,"turns":3},{"damage":0,"enemies":"Replay:Snechameleon","floor":22,"turns":3},{"damage":10,"enemies":"Gremlin Leader","floor":23,"turns":5},{"damage":0,"enemies":"conspire:Head Lice","floor":24,"turns":4},{"damage":6,"enemies":"conspire:SneckoGhost","floor":27,"turns":3},{"damage":0,"enemies":"Gremlin Leader","floor":28,"turns":3},{"damage":0,"enemies":"conspire:SneckoGhost","floor":29,"turns":4},{"damage":0,"enemies":"conspire:Head Lice","floor":31,"turns":2},{"damage":0,"enemies":"Collector","floor":33,"turns":3},{"damage":0,"enemies":"Orb Walker","floor":35,"turns":2},{"damage":0,"enemies":"R_Hoarder","floor":39,"turns":3},{"damage":0,"enemies":"Nemesis","floor":40,"turns":3},{"damage":0,"enemies":"Reptomancer","floor":41,"turns":2},{"damage":0,"enemies":"R_Hoarder","floor":42,"turns":4},{"damage":0,"enemies":"Nemesis","floor":44,"turns":4},{"damage":0,"enemies":"Reptomancer","floor":47,"turns":3},{"damage":0,"enemies":"Nemesis","floor":48,"turns":3},{"damage":0,"enemies":"Time Eater","floor":50,"turns":8}],"seed_played":"-172356485734129929","potions_obtained":[{"floor":3,"key":"Block Potion"},{"floor":7,"key":"Ancient Potion"},{"floor":8,"key":"AttackPotion"},{"floor":13,"key":"CunningPotion"},{"floor":22,"key":"Block Potion"}],"is_trial":true,"path_per_floor":["M","?","M","$","?","E","E","E","T","E","R","E","E","E","R","B",null,"M","?","$","?","E","E","E","AVR","T","E","E","E","R","E","R","B",null,"M","?","?","$","E","E","E","E","T","E","AVR","R","E","E","R","B",null],"character_chosen":"THE_SILENT","items_purchased":["Infinite Blades","Blade Dance","StuffTheSpire:DoubleShiv+1","Footwork+1","Anchor","Blade Dance"],"campfire_rested":2,"item_purchase_floors":[4,4,20,38,38,38],"current_hp_per_floor":[68,70,68,68,68,62,53,39,39,18,39,39,39,39,60,60,70,70,56,70,68,68,58,58,58,58,52,52,52,52,52,52,55,69,69,69,69,76,76,76,76,76,76,76,79,79,79,79,79,79],"gold":1024,"neow_bonus":"","is_daily":false,"chose_seed":false,"campfire_upgraded":8,"win_rate":0.0,"timestamp":1609905300,"path_taken":["M","?","?","$","?","E","E","E","T","E","R","E","E","E","R","BOSS","M","?","$","?","?","E","E","AVR","T","E","E","E","R","?","R","BOSS","M","?","?","$","?","E","E","E","T","E","AVR","R","E","E","R","BOSS"],"items_purchased_type":["Card","Card","Card","Card","Relic","Card"],"build_version":"2020-12-22","purchased_purges":4,"victory":true,"max_hp_per_floor":[70,70,70,70,70,70,70,70,70,70,70,70,70,70,70,70,70,70,70,70,70,70,70,70,70,70,70,70,70,70,70,70,73,73,73,73,73,76,76,76,76,76,76,76,79,79,79,79,79,79],"card_choices":[{"not_picked":["StuffTheSpire:MirrorStance","StuffTheSpire:BumpUp"],"picked":"Accuracy","floor":0},{"not_picked":["Flying Knee","Quick Slash"],"picked":"Hidden Blade","floor":0},{"not_picked":["Underhanded Strike","Dagger Spray"],"picked":"Backflip","floor":0},{"not_picked":["Acrobatics","Prepared"],"picked":"Blur","floor":0},{"not_picked":["Dagger Spray","Prepared"],"picked":"Backstab","floor":0},{"not_picked":["StuffTheSpire:Injection","Underhanded Strike"],"picked":"Bane","floor":0},{"not_picked":["conspire:PoisonWeapons","Acrobatics"],"picked":"Flechettes","floor":0},{"not_picked":["StuffTheSpire:Injection","Flying Knee"],"picked":"Cloak And Dagger","floor":0},{"not_picked":["hubris:Sniper","StuffTheSpire:Injection"],"picked":"Sucker Punch","floor":0},{"not_picked":["Quick Slash","hubris:TrickCloak"],"picked":"Terror","floor":0},{"not_picked":["ReplayTheSpireMod:Speed Training","Reflex"],"picked":"StuffTheSpire:Incantation","floor":0},{"not_picked":["Dagger Spray","StuffTheSpire:Python"],"picked":"Dodge and Roll","floor":0},{"not_picked":["Eviscerate","StuffTheSpire:Injection"],"picked":"Flying Knee","floor":0},{"not_picked":["Slice","Deadly Poison"],"picked":"Hidden Blade","floor":0},{"not_picked":["Hidden Blade","Endless Agony"],"picked":"All Out Attack","floor":0},{"not_picked":["Endless Agony","StuffTheSpire:Fury","Flying Knee"],"picked":"SKIP","floor":1},{"not_picked":["Flying Knee","Deflect"],"picked":"Caltrops","floor":3},{"not_picked":["Storm of Steel","Doppelganger"],"picked":"A Thousand Cuts","floor":6},{"not_picked":["Grand Finale","Bullet Time","aspiration:Lunge"],"picked":"SKIP","floor":7},{"not_picked":["Malaise","Night Terror","Doppelganger"],"picked":"SKIP","floor":8},{"not_picked":["Tools of the Trade","Corpse Explosion","ReplayTheSpireMod:From All Sides"],"picked":"SKIP","floor":10},{"not_picked":["Burst","aspiration:Lunge"],"picked":"After Image","floor":12},{"not_picked":["Replay:Bag of Tricks","infinitespire:Neurotoxin"],"picked":"Die Die Die","floor":13},{"not_picked":["Glass Knife","Envenom","Venomology"],"picked":"SKIP","floor":14},{"not_picked":["Deflect","Underhanded Strike"],"picked":"Calculated Gamble","floor":18},{"not_picked":["Bullet Time","Grand Finale","Night Terror"],"picked":"SKIP","floor":22},{"not_picked":["Venomology","ReplayTheSpireMod:Necrosis","StuffTheSpire:FinalStruggle"],"picked":"SKIP","floor":23},{"not_picked":["Storm of Steel","Die Die Die","Corpse Explosion"],"picked":"SKIP","floor":24},{"not_picked":["Adrenaline","infinitespire:Neurotoxin"],"picked":"After Image","floor":27},{"not_picked":["Atom Bomb","Doppelganger","Corpse Explosion"],"picked":"SKIP","floor":28},{"not_picked":["Poison Darts","Replay:Bag of Tricks","Burst"],"picked":"SKIP","floor":29},{"not_picked":["Atom Bomb","Night Terror","Glass Knife"],"picked":"SKIP","floor":31},{"not_picked":["Venomology","Wraith Form v2"],"picked":"Storm of Steel","floor":33},{"not_picked":["Slice+1","Sucker Punch+1","Riddle With Holes"],"picked":"SKIP","floor":35},{"not_picked":["Replay:Bag of Tricks","Glass Knife","ReplayTheSpireMod:Necrosis"],"picked":"SKIP","floor":39},{"not_picked":["Phantasmal Killer","Storm of Steel","Unload"],"picked":"SKIP","floor":40},{"not_picked":["Phantasmal Killer","infinitespire:Neurotoxin","Replay:Bag of Tricks"],"picked":"SKIP","floor":41},{"not_picked":["Envenom","Venomology","Doppelganger"],"picked":"SKIP","floor":42},{"not_picked":["ReplayTheSpireMod:From All Sides","Corpse Explosion","Poison Darts"],"picked":"SKIP","floor":44},{"not_picked":["StuffTheSpire:FinalStruggle","aspiration:Lunge","Corpse Explosion"],"picked":"SKIP","floor":47},{"not_picked":["Poison Darts","Bullet Time","Storm of Steel"],"picked":"SKIP","floor":48}],"player_experience":624837,"relics_obtained":[{"floor":6,"key":"aspiration:SneckoTail"},{"floor":7,"key":"Replay:Multitool"},{"floor":8,"key":"hubris:MobiusCoin"},{"floor":9,"key":"trackpad:BottledShadow"},{"floor":10,"key":"Centennial Puzzle"},{"floor":12,"key":"Replay:Rubber Ducky"},{"floor":13,"key":"MealTicket"},{"floor":14,"key":"Bronze Scales"},{"floor":21,"key":"Bottled Lightning"},{"floor":22,"key":"trackpad:IceCube"},{"floor":23,"key":"vexMod:ConsolationPrize"},{"floor":24,"key":"Replay:Arrowhead"},{"floor":26,"key":"conspire:BottledYoYo"},{"floor":27,"key":"Gremlin Horn"},{"floor":28,"key":"ReplayTheSpireMod:Ninjato"},{"floor":29,"key":"hubris:Potato"},{"floor":31,"key":"Replay:Ringing Soul"},{"floor":39,"key":"Whetstone"},{"floor":40,"key":"StuffTheSpire:Barrel"},{"floor":41,"key":"trackpad:WondrousWand"},{"floor":43,"key":"Orichalcum"},{"floor":44,"key":"StuffTheSpire:Expresso"},{"floor":47,"key":"hubris:PeanutButter"},{"floor":48,"key":"trackpad:SappingStone"}],"event_choices":[{"cards_removed":["Flechettes"],"damage_healed":2,"gold_gain":0,"player_choice":"Offered Uncommon","damage_taken":0,"max_hp_gain":0,"max_hp_loss":0,"event_name":"Bonfire Elementals","floor":2,"gold_loss":0},{"damage_healed":0,"gold_gain":100,"player_choice":"Pray","damage_taken":0,"max_hp_gain":0,"max_hp_loss":0,"event_name":"Golden Shrine","floor":37,"gold_loss":0}],"is_beta":false,"boss_relics":[{"not_picked":["hubris:HollowSoul","infinitespire:Cupcake"],"picked":"Replay:Wanted Poster"},{"not_picked":["halation:Yufonium","Abe\u0027s Treasure"],"picked":"hubris:VirtuousBlindfold"}],"items_purged_floors":[20,25,38,45],"is_endless":false,"potions_floor_spawned":[3,7,8,12,13,14,18,22,24,28,31,39,40,44],"ascension_level":1}}