{"host":"1hzg86ju9fvxh562","time":1609957920,"event":{"mods":["AchievementEnabler","Act Like it!","AlwaysNeverKeys","BaseMod","Bestiary","Better Altar","Better Match","Better Note","Better Sensory Stone","Better Skull","Better Third Choice","Colored Map","Colored Powertips","Curses Come First","Displayed Cursed Tome","Filter the Spire","Highlight Path","Keyboard Shortcuts","Minty Spire (QoL Compilation)","Rare Cards Sparkle","Relic Sorter","Relic Stats","Spicy Shops","StSLib","everything is the same but u backflip on backflip","slay the spire mod where everything is the same but ironclad has a cowboy hat"],"gold_per_floor":[114,189,189,209,134,134,104,133,133,145,161,191,191,202,202,300,350,366,366,366,376,393,421,421,218,241,241,115,130,130,130],"floor_reached":30,"playtime":1374,"items_purged":["Consume","Decay","Beam Cell+1"],"score":283,"play_id":"5602e241-13d7-44b6-b996-df3a2a427699","local_time":"20210106163200","is_ascension_mode":false,"campfire_choices":[{"data":"Seek","floor":6.0,"key":"SMITH"},{"data":"Hologram","floor":13.0,"key":"SMITH"},{"data":"Dualcast","floor":15.0,"key":"SMITH"},{"data":"FTL","floor":24.0,"key":"SMITH"},{"data":"Reinforced Body","floor":27.0,"key":"SMITH"}],"circlet_count":0,"master_deck":["Zap+1","Dualcast+1","Turbo+1","Meteor Strike+1","Storm","Rip and Tear+1","FTL+1","Seek+1","Reinforced Body+1","Hologram+1","Hologram+1"],"relics":["Pandora\u0027s Box","Torii","Tiny House","Smiling Mask","Membership Card","Whetstone","Bag of Marbles"],"acts_visited":["Exordium","TheCity"],"potions_floor_usage":[29],"damage_taken":[{"damage":7.0,"enemies":"Jaw Worm","floor":1.0,"turns":3.0},{"damage":0.0,"enemies":"2 Louse","floor":4.0,"turns":1.0},{"damage":18.0,"enemies":"3 Sentries","floor":8.0,"turns":5.0},{"damage":0.0,"enemies":"Cultist","floor":10.0,"turns":2.0},{"damage":0.0,"enemies":"Red Slaver","floor":11.0,"turns":2.0},{"damage":0.0,"enemies":"Gremlin Nob","floor":12.0,"turns":2.0},{"damage":0.0,"enemies":"3 Louse","floor":14.0,"turns":2.0},{"damage":5.0,"enemies":"Hexaghost","floor":16.0,"turns":5.0},{"damage":0.0,"enemies":"Spheric Guardian","floor":18.0,"turns":1.0},{"damage":0.0,"enemies":"Chosen","floor":21.0,"turns":2.0},{"damage":2.0,"enemies":"Snake Plant","floor":22.0,"turns":2.0},{"damage":85.0,"enemies":"Book of Stabbing","floor":23.0,"turns":8.0},{"damage":1,"enemies":"3 Cultists","floor":29,"turns":3},{"damage":1,"enemies":"Chosen and Byrds","floor":30,"turns":2}],"seed_played":"-828928554078809518","potions_obtained":[{"floor":4.0,"key":"EntropicBrew"},{"floor":7.0,"key":"Energy Potion"},{"floor":7.0,"key":"DuplicationPotion"},{"floor":11.0,"key":"Swift Potion"},{"floor":16.0,"key":"Swift Potion"},{"floor":17.0,"key":"FairyPotion"}],"is_trial":false,"path_per_floor":["M","?","?","M","$","R","?","E","T","M","M","E","R","M","R","B",null,"M","?","?","M","M","E","R","$","T","R","$","M","M"],"character_chosen":"DEFECT","items_purchased":["Membership Card","Bag of Marbles"],"campfire_rested":0,"item_purchase_floors":[25,28],"current_hp_per_floor":[68,57,42,42,42,42,42,24,24,24,24,24,24,24,24,19,80,80,80,80,80,78,18,18,18,18,18,18,17,16,16],"gold":130,"neow_bonus":"BOSS_RELIC","is_daily":false,"chose_seed":false,"campfire_upgraded":5,"win_rate":0.0,"timestamp":1609957920,"path_taken":["M","?","?","M","$","R","?","E","T","?","M","E","R","M","R","BOSS","M","?","?","M","M","E","R","?","T","R","$","?","M"],"items_purchased_type":["Relic","Relic"],"build_version":"2020-12-22","purchased_purges":3,"victory":false,"max_hp_per_floor":[75,75,75,75,75,75,75,75,75,75,75,75,75,75,75,75,80,80,80,80,80,80,80,80,80,80,80,80,80,80,80],"relic_stats":{"Torii":19,"counters":[14,40],"Pandora\u0027s Box":["Turbo","Meteor Strike","Storm","Rip and Tear","FTL","Consume","Seek","Reinforced Body"],"Whetstone":["Meteor Strike","Rip and Tear"],"Smiling Mask":13,"obtain_stats":[{"Tiny House":17,"Torii":12,"Pandora\u0027s Box":0,"Bag of Marbles":28,"Membership Card":25,"Whetstone":26,"Cracked Core":0,"Smiling Mask":23},{"Tiny House":8,"Torii":6,"Pandora\u0027s Box":0,"Bag of Marbles":12,"Membership Card":12,"Whetstone":12,"Cracked Core":0,"Smiling Mask":12},{"Tiny House":22,"Torii":15,"Pandora\u0027s Box":0,"Bag of Marbles":35,"Membership Card":35,"Whetstone":35,"Cracked Core":0,"Smiling Mask":35}]},"card_choices":[{"not_picked":["Compile Driver","Cold Snap","Beam Cell"],"picked":"SKIP","floor":1.0},{"not_picked":["White Noise","Melter","Defragment"],"picked":"SKIP","floor":4.0},{"not_picked":["Melter","Go for the Eyes","Scrape"],"picked":"SKIP","floor":8.0},{"not_picked":["Reprogram","Darkness","Hello World"],"picked":"SKIP","floor":10.0},{"not_picked":["Storm","Rebound"],"picked":"Hologram","floor":11.0},{"not_picked":["Recycle","Cold Snap","Electrodynamics"],"picked":"SKIP","floor":12.0},{"not_picked":["Coolheaded","Redo"],"picked":"Hologram","floor":14.0},{"not_picked":["Steam Power","Ball Lightning","Gash"],"picked":"SKIP","floor":18.0},{"not_picked":["Cold Snap+1","Beam Cell","Rebound"],"picked":"SKIP","floor":21.0},{"not_picked":["Beam Cell","Doom and Gloom+1","Barrage"],"picked":"SKIP","floor":22.0},{"not_picked":["Cold Snap","Rebound+1"],"picked":"Beam Cell+1","floor":23.0},{"not_picked":["Static Discharge","Rebound+1","Leap+1"],"picked":"SKIP","floor":29}],"player_experience":435228,"relics_obtained":[{"floor":12.0,"key":"Torii"},{"floor":23.0,"key":"Smiling Mask"},{"floor":26.0,"key":"Whetstone"}],"event_choices":[{"damage_healed":0.0,"max_hp_gain":0.0,"max_hp_loss":0.0,"gold_gain":75.0,"event_name":"betterThird:BetterGoop","player_choice":"Gold","floor":2.0,"gold_loss":0.0,"damage_taken":11.0},{"damage_healed":57.0,"max_hp_gain":0.0,"max_hp_loss":75.0,"gold_gain":0.0,"event_name":"betterThird:BetterShining","player_choice":"Upgrade","floor":3.0,"gold_loss":0.0,"damage_taken":15.0,"cards_upgraded":["Zap","Turbo"]},{"damage_healed":0.0,"max_hp_gain":0.0,"max_hp_loss":0.0,"gold_gain":0.0,"event_name":"The Woman in Blue","player_choice":"Bought 2 Potions","floor":7.0,"gold_loss":0.0,"damage_taken":0.0},{"damage_healed":0.0,"max_hp_gain":0.0,"max_hp_loss":0.0,"gold_gain":0.0,"event_name":"Lab","player_choice":"Got Potions","floor":19.0,"gold_loss":0.0,"damage_taken":0.0},{"damage_healed":0.0,"max_hp_gain":0.0,"max_hp_loss":0.0,"gold_gain":0.0,"event_name":"Wheel of Change","player_choice":"Cursed","floor":20.0,"gold_loss":0.0,"damage_taken":0.0,"cards_obtained":["Decay"]}],"is_beta":false,"boss_relics":[{"not_picked":["SlaversCollar","Fusion Hammer"],"picked":"Tiny House"}],"items_purged_floors":[5,25,28],"is_endless":false,"potions_floor_spawned":[4,11,14,16,18],"killed_by":"Chosen and Byrds","ascension_level":0}}