{"host":"3vgzk5mhz751jdrj","time":1609957902,"event":{"mods":["2.2 Compatiblity","AchievementEnabler","Act Like it!","Aspiration","BaseMod","Better Match","Better Note","Better Sensory Stone","Better Skull","Better Third Choice","Block Reminder","Colored Map","Conspire","Displayed Cursed Tome","Downfall","Friendly Minions","GifTheSpireLib","Halation","Hubris","Marked Mod","Mimic Mod","Minty Spire (QoL Compilation)","Quick Restart","Rare Cards Sparkle","Replay The Spire","Reworked Bosses","Shop Mod","Spicy Shops","Spikes Relics","StSLib","Stuff the Spire","Trackpad","vexMod"],"gold_per_floor":[99,99,12,12,27,27,27,56,73,73,90,115,40,53,66,66,66,66],"floor_reached":16,"playtime":975,"items_purged":[],"score":110,"play_id":"341d4040-29d2-41f8-b125-71f4ab37f56e","local_time":"20210106133142","is_ascension_mode":false,"campfire_choices":[{"data":"champ:Taunt","floor":1,"key":"SMITH"},{"data":"champ:Lariat","floor":6,"key":"SMITH"},{"data":"champ:AdrenalArmor","floor":10,"key":"SMITH"},{"data":"champ:Backstep","floor":13,"key":"SMITH"}],"circlet_count":0,"master_deck":["champ:Strike","champ:Strike","champ:Strike","champ:Defend","champ:Defend","champ:Defend","champ:Defend","champ:Execute","champ:Taunt+1","champ:Lariat+1","champ:CalledShot+1","champ:DeathBlow","champ:EnragedBash","champ:AdrenalArmor+1","champ:BerserkersShout","champ:Backstep+1","champ:Encircle","champ:FaceSlap"],"relics":["champ:ChampionCrown","Boot","Replay:Accelerometer","halation:PrussianBluePaint","vexMod:InvisibilityCloak","downfall:HeartBlessingGreen"],"acts_visited":["Exordium"],"potions_floor_usage":[12,16,16],"damage_taken":[{"damage":13,"enemies":"downfall:FleeingMerchant","floor":3,"turns":4},{"damage":24,"enemies":"conspire:RoseBush","floor":5,"turns":4},{"damage":31,"enemies":"Gremlin Nob","floor":8,"turns":5},{"damage":28,"enemies":"Jaw Worm","floor":9,"turns":4},{"damage":13,"enemies":"2 Louse","floor":11,"turns":2},{"damage":62,"enemies":"Lagavulin","floor":12,"turns":7},{"damage":22,"enemies":"conspire:2 RoseBushes","floor":14,"turns":6},{"damage":20,"enemies":"Gremlin Gang","floor":15,"turns":3},{"damage":72,"enemies":"downfall:Defect","floor":16,"turns":6}],"seed_played":"5345932315982996353","potions_obtained":[{"floor":11,"key":"champ:CounterPotion"},{"floor":12,"key":"LifebloodPotion"},{"floor":14,"key":"Venom Potion"},{"floor":15,"key":"AttackPotion"}],"is_trial":false,"path_per_floor":["R","?","$","?","M","R","T","E","M","R","M","E","R","M","M","B"],"character_chosen":"THE_CHAMP","items_purchased":["champ:CalledShot"],"campfire_rested":0,"item_purchase_floors":[3],"current_hp_per_floor":[90,90,90,90,86,86,86,70,62,62,62,53,53,49,46,0,0,0],"gold":66,"neow_bonus":"RANDOM_COMMON_RELIC","is_daily":false,"chose_seed":false,"campfire_upgraded":4,"win_rate":0.0,"timestamp":1609957902,"path_taken":["R","?","?","?","M","R","T","E","M","R","?","E","R","M","M","BOSS"],"items_purchased_type":["Card"],"build_version":"2020-12-22","purchased_purges":0,"victory":false,"max_hp_per_floor":[90,90,90,90,90,90,90,90,90,90,90,90,90,90,90,90,90,90],"card_choices":[{"not_picked":["champ:DefensiveShout","champ:TornadoPunch"],"picked":"champ:Lariat","floor":3},{"not_picked":["champ:AdrenalArmor","champ:FlashCut"],"picked":"champ:DeathBlow","floor":5},{"not_picked":["champ:Riposte","champ:TornadoPunch"],"picked":"champ:EnragedBash","floor":8},{"not_picked":["champ:BringItOn","champ:Haymaker"],"picked":"champ:AdrenalArmor","floor":9},{"not_picked":["champ:DefensiveStyle","champ:FanOfKnives"],"picked":"champ:BerserkersShout","floor":11},{"not_picked":["champ:RecklessLeap","champ:EnGarde"],"picked":"champ:Backstep","floor":12},{"not_picked":["champ:TornadoPunch","champ:IronFortress"],"picked":"champ:Encircle","floor":14},{"not_picked":["champ:EndlessRage","champ:FanOfKnives"],"picked":"champ:FaceSlap","floor":15}],"player_experience":337967,"relics_obtained":[{"floor":7,"key":"Replay:Accelerometer"},{"floor":8,"key":"halation:PrussianBluePaint"},{"floor":12,"key":"vexMod:InvisibilityCloak"}],"event_choices":[{"damage_healed":0,"gold_gain":0,"player_choice":"Forge","damage_taken":0,"max_hp_gain":0,"max_hp_loss":0,"event_name":"Accursed Blacksmith","floor":4,"gold_loss":0,"cards_upgraded":["champ:CalledShot"]}],"is_beta":false,"boss_relics":[],"items_purged_floors":[],"is_endless":false,"potions_floor_spawned":[11,12,14,15],"killed_by":"downfall:Defect","ascension_level":0}}