{"host":"ks0rgj8xgppw8yky","time":1609908693,"event":{"mods":["BaseMod","Better Match","Better Note","Better Sensory Stone","Colored Powertips","Conspire","Downfall","GungeonMod","Hubris","Jorbs\u0027s Wanderer Trilogy","Marisa????????","Minty Spire (QoL Compilation)","StSLib","The Bug Knight","The Druid","The Forsaken","The Jungle","The Servant 0.9.4"],"gold_per_floor":[116,41,59,76,52,86,86,119,168,182,201,211,211,231,231,329,329,340,46,60,77,77,77,89,89,89,89,420,432,459,459,459,459,459],"floor_reached":33,"playtime":2690,"items_purged":["Strike_R"],"score":279,"play_id":"5e5f808c-f7c8-4aa5-acd3-d0341010ca99","local_time":"20210105235133","is_ascension_mode":false,"campfire_choices":[{"floor":7,"key":"REST"},{"data":"Iron Wave","floor":13,"key":"SMITH"},{"floor":15,"key":"REST"},{"floor":23,"key":"REST"},{"data":"Iron Wave","floor":25,"key":"SMITH"},{"data":"Spot Weakness","floor":27,"key":"SMITH"},{"floor":32,"key":"REST"}],"circlet_count":0,"master_deck":["Strike_R","Strike_R","Strike_R","Strike_R","Defend_R","Defend_R","Defend_R","Defend_R","Bash+1","Iron Wave+1","Flex","True Grit","conspire:ExplosiveBarrier","Twin Strike","Inflame","Spot Weakness+1","Double Tap","Juggernaut","DemoMod:WhiteBlade","DemoMod:BlackBlade","Sword Boomerang+1","Iron Wave+1","Whirlwind","Flex+1","Armaments"],"relics":["Burning Blood","Nunchaku","hubris:Metronome","hubris:SlimyHat","SlaversCollar","DemoMod:NanoMachines","Art of War","Old Coin","Red Mask"],"acts_visited":["Exordium","TheCity"],"potions_floor_usage":[10,12,14,16,16,21,30],"damage_taken":[{"damage":1,"enemies":"Cultist","floor":1,"turns":3},{"damage":0,"enemies":"Small Slimes","floor":3,"turns":3},{"damage":0,"enemies":"conspire:RoseBush","floor":4,"turns":4},{"damage":29,"enemies":"Gremlin Nob","floor":6,"turns":4},{"damage":52,"enemies":"Lagavulin","floor":8,"turns":7},{"damage":3,"enemies":"conspire:2 RoseBushes","floor":10,"turns":5},{"damage":7,"enemies":"Blue Slaver","floor":11,"turns":3},{"damage":1,"enemies":"Exordium Wildlife","floor":12,"turns":3},{"damage":0,"enemies":"conspire:2 RoseBushes","floor":14,"turns":5},{"damage":27,"enemies":"The Guardian","floor":16,"turns":8},{"damage":31,"enemies":"3 Byrds","floor":18,"turns":6},{"damage":3,"enemies":"2 Thieves","floor":20,"turns":4},{"damage":15,"enemies":"Cultist and Chosen","floor":21,"turns":5},{"damage":0,"enemies":"Snecko","floor":24,"turns":5},{"damage":11,"enemies":"Gremlin Leader","floor":28,"turns":5},{"damage":16,"enemies":"3 Cultists","floor":29,"turns":6},{"damage":30,"enemies":"Masked Bandits","floor":30,"turns":4},{"damage":66,"enemies":"Champ","floor":33,"turns":8}],"seed_played":"2808103636660877289","potions_obtained":[{"floor":4,"key":"SkillPotion"},{"floor":8,"key":"PowerPotion"},{"floor":11,"key":"SpeedPotion"},{"floor":12,"key":"Block Potion"},{"floor":14,"key":"LiquidBronze"},{"floor":20,"key":"Swift Potion"},{"floor":29,"key":"AttackPotion"}],"is_trial":false,"path_per_floor":["M","$","M","M","$","E","R","E","T","M","M","M","R","M","R","B",null,"M","$","M","M","?","R","M","R","T","R","E","M","?","?","R","B"],"character_chosen":"IRONCLAD","items_purchased":["True Grit","DemoMod:NanoMachines"],"campfire_rested":4,"item_purchase_floors":[5,19],"current_hp_per_floor":[80,80,80,80,80,57,80,34,34,37,36,41,41,47,71,50,80,55,55,58,49,49,73,79,79,79,79,74,64,40,40,64,0,0],"gold":459,"neow_bonus":"UPGRADE_CARD","is_daily":false,"chose_seed":false,"campfire_upgraded":3,"win_rate":0.0,"timestamp":1609908693,"path_taken":["M","?","M","M","$","E","R","E","T","M","M","M","R","?","R","BOSS","M","$","?","?","?","R","M","R","T","R","E","M","?","?","R","BOSS"],"items_purchased_type":["Card","Relic"],"build_version":"2020-12-22","purchased_purges":1,"victory":false,"max_hp_per_floor":[80,80,80,80,80,80,80,80,80,80,80,80,80,80,80,80,80,80,80,80,80,80,80,80,80,80,80,80,80,80,80,80,80,80],"card_choices":[{"not_picked":["Pommel Strike","hubris:SharpeningStone"],"picked":"Iron Wave","floor":1},{"not_picked":["Reckless Charge","Warcry","Intimidate"],"picked":"SKIP","floor":3},{"not_picked":["Body Slam","Second Wind"],"picked":"Flex","floor":4},{"not_picked":["Flame Barrier","Perfected Strike"],"picked":"conspire:ExplosiveBarrier","floor":6},{"not_picked":["Perfected Strike","Power Through"],"picked":"Twin Strike","floor":8},{"not_picked":["Perfected Strike","Wild Strike"],"picked":"Inflame","floor":10},{"not_picked":["Anger","Havoc"],"picked":"Spot Weakness","floor":11},{"not_picked":["Havoc","Rampage"],"picked":"Double Tap","floor":12},{"not_picked":["Perfected Strike","Thunderclap","Heavy Blade"],"picked":"SKIP","floor":14},{"not_picked":["Double Tap","Berserk"],"picked":"Juggernaut","floor":16},{"not_picked":["Seeing Red","Havoc","Whirlwind"],"picked":"SKIP","floor":18},{"not_picked":["Rampage","DemoMod:BlackBlade+1"],"picked":"DemoMod:WhiteBlade","floor":20},{"not_picked":["Clash","Flex"],"picked":"Sword Boomerang+1","floor":21},{"not_picked":["Metallicize","Perfected Strike+1"],"picked":"Iron Wave","floor":24},{"not_picked":["Heavy Blade","Headbutt+1"],"picked":"Whirlwind","floor":28},{"not_picked":["hubris:ReadiedAction","conspire:Charge+1"],"picked":"Flex+1","floor":29},{"not_picked":["Hemokinesis","Wild Strike"],"picked":"Armaments","floor":30}],"player_experience":955103,"relics_obtained":[{"floor":6,"key":"Nunchaku"},{"floor":8,"key":"hubris:Metronome"},{"floor":9,"key":"hubris:SlimyHat"},{"floor":26,"key":"Art of War"},{"floor":28,"key":"Old Coin"},{"floor":30,"key":"Red Mask"}],"event_choices":[{"cards_removed":["Defend_R"],"damage_healed":0,"gold_gain":0,"player_choice":"Give","damage_taken":0,"max_hp_gain":0,"max_hp_loss":0,"event_name":"betterNote:BetterNote","floor":22,"gold_loss":0,"cards_obtained":["HollowMod:NailStrikeStart"]},{"damage_healed":0,"gold_gain":0,"player_choice":"Fought Bandits","damage_taken":0,"max_hp_gain":0,"max_hp_loss":0,"event_name":"Masked Bandits","floor":30,"gold_loss":0},{"damage_healed":0,"gold_gain":0,"player_choice":"Leave","damage_taken":0,"max_hp_gain":0,"max_hp_loss":0,"event_name":"conspire:Investor","floor":31,"gold_loss":0}],"is_beta":false,"boss_relics":[{"not_picked":["hubris:CrackedHourglass","hubris:RunicObelisk"],"picked":"SlaversCollar"}],"items_purged_floors":[2],"is_endless":false,"potions_floor_spawned":[4,8,11,12,14,20,29],"killed_by":"Champ","ascension_level":0}}