{"host":"Qube","time":1609914060,"event":{"mods":["AchievementEnabler","BaseMod","Colored Map","Colored Powertips","Minty Spire (QoL Compilation)","Quick Restart","Random Character Button","StSLib"],"gold_per_floor":[119,139,152,152,162,162,187,187,187,221,221,237,261,261,261,261,261],"floor_reached":16,"playtime":932,"items_purged":[],"score":193,"play_id":"dbaa4d31-32b4-4f4c-bb69-86a356da2333","local_time":"20210105222100","is_ascension_mode":true,"campfire_choices":[{"data":"Shockwave","floor":6.0,"key":"SMITH"},{"floor":8.0,"key":"REST"},{"data":"Feel No Pain","floor":11.0,"key":"SMITH"},{"data":"Armaments","floor":15.0,"key":"SMITH"}],"circlet_count":0,"master_deck":["AscendersBane","Strike_R","Strike_R","Strike_R","Strike_R","Strike_R","Defend_R","Defend_R","Defend_R","Defend_R","Bash","Spot Weakness","Shrug It Off","Feel No Pain+1","Shockwave+1","Intimidate","Shockwave","Armaments+1"],"relics":["Burning Blood","Regal Pillow","White Beast Statue","Centennial Puzzle","Boot","Odd Mushroom"],"acts_visited":["Exordium"],"potions_floor_usage":[16],"damage_taken":[{"damage":8.0,"enemies":"Jaw Worm","floor":1.0,"turns":4.0},{"damage":0.0,"enemies":"2 Louse","floor":2.0,"turns":3.0},{"damage":6.0,"enemies":"Small Slimes","floor":3.0,"turns":5.0},{"damage":9.0,"enemies":"2 Fungi Beasts","floor":5.0,"turns":4.0},{"damage":49.0,"enemies":"Gremlin Nob","floor":7.0,"turns":5.0},{"damage":23.0,"enemies":"3 Sentries","floor":10.0,"turns":9.0},{"damage":11.0,"enemies":"Exordium Thugs","floor":12.0,"turns":5.0},{"damage":20.0,"enemies":"The Mushroom Lair","floor":13.0,"turns":7.0},{"damage":29,"enemies":"The Guardian","floor":16,"turns":10}],"seed_played":"-6371379679641474427","potions_obtained":[{"floor":3.0,"key":"BloodPotion"},{"floor":5.0,"key":"LiquidBronze"},{"floor":7.0,"key":"SpeedPotion"},{"floor":10.0,"key":"Block Potion"},{"floor":12.0,"key":"Energy Potion"},{"floor":13.0,"key":"LiquidMemories"}],"is_trial":false,"path_per_floor":["M","M","M","?","M","R","E","R","T","E","R","M","?","?","R","B"],"character_chosen":"IRONCLAD","items_purchased":[],"campfire_rested":1,"item_purchase_floors":[],"current_hp_per_floor":[73,79,79,61,58,58,31,70,70,53,53,48,34,39,39,10,10],"gold":261,"neow_bonus":"TEN_PERCENT_HP_BONUS","is_daily":false,"chose_seed":false,"campfire_upgraded":3,"win_rate":0.0,"timestamp":1609914060,"path_taken":["M","M","M","?","M","R","E","R","T","E","R","M","?","?","R","BOSS"],"items_purchased_type":[],"build_version":"2020-12-18","purchased_purges":0,"victory":false,"max_hp_per_floor":[82,82,82,82,82,82,82,82,82,82,82,82,82,87,87,87,87],"card_choices":[{"not_picked":["Heavy Blade","Cleave"],"picked":"Spot Weakness","floor":1.0},{"not_picked":["Pommel Strike","True Grit"],"picked":"Shrug It Off","floor":2.0},{"not_picked":["Fire Breathing","Headbutt"],"picked":"Feel No Pain","floor":3.0},{"not_picked":["Dark Embrace","Clash"],"picked":"Shockwave","floor":5.0},{"not_picked":["Flex","Sever Soul","Thunderclap"],"picked":"SKIP","floor":7.0},{"not_picked":["Wild Strike","Warcry"],"picked":"Intimidate","floor":10.0},{"not_picked":["Entrench","Twin Strike"],"picked":"Shockwave","floor":12.0},{"not_picked":["Searing Blow","Dark Embrace"],"picked":"Armaments","floor":13.0}],"player_experience":811939,"relics_obtained":[{"floor":7.0,"key":"White Beast Statue"},{"floor":9.0,"key":"Centennial Puzzle"},{"floor":10.0,"key":"Boot"},{"floor":13.0,"key":"Odd Mushroom"}],"event_choices":[{"damage_healed":0.0,"max_hp_gain":0.0,"max_hp_loss":0.0,"gold_gain":0.0,"event_name":"Scrap Ooze","player_choice":"Success","floor":4.0,"gold_loss":0.0,"damage_taken":18.0,"relics_obtained":["Regal Pillow"]},{"damage_healed":0.0,"max_hp_gain":0.0,"max_hp_loss":0.0,"gold_gain":0.0,"event_name":"Mushrooms","player_choice":"Fought Mushrooms","floor":13.0,"gold_loss":0.0,"damage_taken":0.0},{"damage_healed":0.0,"max_hp_gain":5.0,"max_hp_loss":0.0,"gold_gain":0.0,"event_name":"Big Fish","player_choice":"Donut","floor":14.0,"gold_loss":0.0,"damage_taken":0.0}],"is_beta":true,"boss_relics":[],"items_purged_floors":[],"is_endless":false,"potions_floor_spawned":[3,5,7,10,12,13],"killed_by":"The Guardian","ascension_level":15}}