{"host":"4rvakrj1idbgia3f","time":1609975097,"event":{"mods":["BaseMod","Colored Map","Colored Powertips","DeckTracker","Highlight Path","Minty Spire (QoL Compilation)","Random Character Button","StSLib"],"gold_per_floor":[116,116,116,136,153,187,187,200,282,298,298,333,3,20,20,94,94,110,130,130,181,194,194,234,234,243,277,277,120,144,144,144],"floor_reached":31,"playtime":1239,"items_purged":["Defend_R","Regret"],"score":570,"play_id":"b08aa5f4-8c4d-4b53-9bab-265a15b68880","local_time":"20210107081817","is_ascension_mode":true,"campfire_choices":[{"data":"Armaments","floor":7,"key":"SMITH"},{"data":"Feel No Pain","floor":15,"key":"SMITH"},{"data":"Immolate","floor":23,"key":"SMITH"},{"data":"Corruption","floor":25,"key":"SMITH"},{"data":"True Grit","floor":28,"key":"SMITH"}],"circlet_count":0,"master_deck":["AscendersBane","Strike_R+1","Strike_R+1","Strike_R+1","Strike_R+1","Strike_R+1","Defend_R+1","Defend_R+1","Defend_R+1","Bash","Armaments+1","Perfected Strike+1","Shrug It Off","Cleave","Feel No Pain+1","Metallicize","Fiend Fire+1","Feel No Pain","Fiend Fire","Fire Breathing","Immolate+1","True Grit+1","Corruption+1","Injury","True Grit","Disarm"],"relics":["Burning Blood","NeowsBlessing","Thread and Needle","Bottled Tornado","Toy Ornithopter","TungstenRod","DollysMirror","Cursed Key","CeramicFish","Matryoshka","Whetstone","Paper Frog","Gambling Chip"],"acts_visited":["Exordium","TheCity"],"potions_floor_usage":[6,8,24,27,27],"damage_taken":[{"damage":0,"enemies":"Jaw Worm","floor":1,"turns":1},{"damage":0,"enemies":"2 Louse","floor":4,"turns":2},{"damage":0,"enemies":"Cultist","floor":5,"turns":1},{"damage":45,"enemies":"Lagavulin","floor":6,"turns":9},{"damage":10,"enemies":"Large Slime","floor":8,"turns":6},{"damage":0,"enemies":"3 Louse","floor":10,"turns":4},{"damage":12,"enemies":"3 Sentries","floor":12,"turns":8},{"damage":0,"enemies":"Exordium Wildlife","floor":14,"turns":3},{"damage":50,"enemies":"Hexaghost","floor":16,"turns":13},{"damage":14,"enemies":"3 Byrds","floor":18,"turns":6},{"damage":7,"enemies":"Spheric Guardian","floor":19,"turns":5},{"damage":5,"enemies":"Centurion and Healer","floor":22,"turns":9},{"damage":31,"enemies":"Slavers","floor":24,"turns":7},{"damage":65,"enemies":"Book of Stabbing","floor":27,"turns":8},{"damage":0,"enemies":"Snake Plant","floor":30,"turns":4},{"damage":21,"enemies":"Shelled Parasite and Fungi","floor":31,"turns":1}],"seed_played":"-4445234637597828377","potions_obtained":[{"floor":5,"key":"Block Potion"},{"floor":8,"key":"Fruit Juice"},{"floor":10,"key":"FairyPotion"},{"floor":12,"key":"BloodPotion"},{"floor":22,"key":"ColorlessPotion"},{"floor":24,"key":"Swift Potion"},{"floor":27,"key":"SpeedPotion"}],"is_trial":false,"path_per_floor":["M","?","?","M","M","E","R","M","T","M","?","E","$","M","R","B",null,"M","M","?","T","M","R","E","R","T","E","R","$","M","M"],"character_chosen":"IRONCLAD","items_purchased":["Feel No Pain","DollysMirror","BloodPotion"],"campfire_rested":0,"item_purchase_floors":[13,13,29],"current_hp_per_floor":[74,51,75,75,75,36,36,37,37,43,43,37,37,43,43,30,68,60,59,59,59,60,60,40,40,40,7,7,7,13,0,0],"gold":144,"neow_bonus":"THREE_ENEMY_KILL","is_daily":false,"chose_seed":false,"campfire_upgraded":5,"win_rate":0.0,"timestamp":1609975097,"path_taken":["M","?","?","M","?","E","R","M","T","M","?","E","$","M","R","BOSS","M","M","?","?","M","R","E","R","T","E","R","$","M","?"],"items_purchased_type":["Card","Relic","Potion"],"build_version":"2020-12-22","purchased_purges":2,"victory":false,"max_hp_per_floor":[75,75,75,75,75,75,75,80,80,80,80,80,80,80,80,80,80,80,80,80,80,80,80,80,80,80,80,80,80,80,80,80],"card_choices":[{"not_picked":["Combust","Infernal Blade"],"picked":"Armaments","floor":1},{"not_picked":["Sword Boomerang","Clash"],"picked":"Perfected Strike","floor":4},{"not_picked":["Combust","Thunderclap"],"picked":"Shrug It Off","floor":5},{"not_picked":["Flex","Warcry"],"picked":"Cleave","floor":6},{"not_picked":["Carnage","Ghostly Armor"],"picked":"Feel No Pain","floor":8},{"not_picked":["Entrench","Iron Wave"],"picked":"Metallicize","floor":10},{"not_picked":["Heavy Blade","Burning Pact"],"picked":"Fiend Fire","floor":12},{"not_picked":["Second Wind","Clothesline"],"picked":"Fire Breathing","floor":14},{"not_picked":["Fiend Fire","Reaper"],"picked":"Immolate","floor":16},{"not_picked":["Armaments","Anger"],"picked":"True Grit","floor":18},{"not_picked":["Rampage","Entrench+1","Rage+1"],"picked":"SKIP","floor":19},{"not_picked":["Inflame","Seeing Red","Flex+1"],"picked":"SKIP","floor":22},{"not_picked":["Battle Trance","Fire Breathing"],"picked":"Corruption","floor":24},{"not_picked":["Fiend Fire","Carnage"],"picked":"True Grit","floor":27},{"not_picked":["Fire Breathing","Warcry"],"picked":"Disarm","floor":30}],"player_experience":1959554,"relics_obtained":[{"floor":6,"key":"Thread and Needle"},{"floor":9,"key":"Bottled Tornado"},{"floor":12,"key":"TungstenRod"},{"floor":21,"key":"CeramicFish"},{"floor":24,"key":"Matryoshka"},{"floor":26,"key":"Whetstone"},{"floor":26,"key":"Paper Frog"},{"floor":27,"key":"Gambling Chip"}],"event_choices":[{"damage_healed":0,"gold_gain":0,"player_choice":"Entered Light","damage_taken":23,"max_hp_gain":0,"max_hp_loss":0,"event_name":"Shining Light","floor":2,"gold_loss":0,"cards_upgraded":["Strike_R","Defend_R"]},{"damage_healed":24,"gold_gain":0,"player_choice":"Full Heal","damage_taken":0,"max_hp_gain":0,"max_hp_loss":0,"event_name":"Wheel of Change","floor":3,"gold_loss":0},{"damage_healed":0,"gold_gain":0,"player_choice":"Searched \u00271\u0027 times","damage_taken":0,"relics_obtained":["Toy Ornithopter"],"max_hp_gain":0,"max_hp_loss":0,"event_name":"Dead Adventurer","floor":11,"gold_loss":0},{"damage_healed":0,"gold_gain":0,"player_choice":"Simplicity","damage_taken":0,"max_hp_gain":0,"max_hp_loss":0,"event_name":"Back to Basics","floor":20,"gold_loss":0,"cards_upgraded":["Strike_R","Strike_R","Strike_R","Strike_R","Defend_R","Defend_R"]}],"is_beta":false,"boss_relics":[{"not_picked":["Runic Pyramid","Black Blood"],"picked":"Cursed Key"}],"items_purged_floors":[13,29],"is_endless":false,"potions_floor_spawned":[5,8,10,12,22,24,27],"killed_by":"Shelled Parasite and Fungi","ascension_level":20}}