{"host":"v4nyfngrgywi7zc6","time":1609909488,"event":{"mods":["2.2 Compatiblity","BaseMod","Custom Start","Minty Spire (QoL Compilation)","Shop Mod","StSLib","The Bug Knight","The Dragon Tamer","The Jungle","The Marked"],"gold_per_floor":[118,43,43,43,58,72,72,93,93,93,93,112,112,125,125,245,245,265,265,265,265,265,265],"floor_reached":21,"playtime":1093,"items_purged":["DTMod:Strike"],"score":169,"play_id":"3a5f7795-7b4c-4fd8-a9be-e53e8538eae2","local_time":"20210105230448","is_ascension_mode":false,"metric_token":659,"campfire_choices":[{"data":"DTMod:Training","floor":7,"key":"SMITH"},{"data":"DTMod:ShadowImage","floor":10,"key":"SMITH"},{"floor":13,"key":"REST"},{"data":"DTMod:Astonish","floor":15,"key":"SMITH"}],"dtmod_dragon_data":[46,50,1,-1,8,0],"circlet_count":0,"master_deck":["DTMod:Strike","DTMod:Strike","DTMod:Strike","DTMod:DoubleHit","DTMod:TargetDefense","DTMod:TargetDefense","DTMod:TargetDefense","DTMod:TargetDefense","DTMod:SwitchingTactic","Pain","DTMod:ShadowImage+1","DTMod:BalancedStrike","DTMod:Training+1","DTMod:TauntingStrike","DTMod:InvisibleFlame","DTMod:Astonish+1","DTMod:OpeningTactic"],"relics":["DTMod:PactStone","Golden Idol","Bottled Lightning","Coffee Dripper","theJungle:BirthdayCakeSlice"],"acts_visited":["Exordium","Exordium"],"potions_floor_usage":[14,16,18],"damage_taken":[{"damage":4,"enemies":"Cultist","floor":1,"turns":4},{"damage":0,"enemies":"2 Louse","floor":5,"turns":4},{"damage":4,"enemies":"Jaw Worm","floor":6,"turns":5},{"damage":0,"enemies":"Exordium Wildlife","floor":8,"turns":3},{"damage":12,"enemies":"2 Fungi Beasts","floor":12,"turns":3},{"damage":0,"enemies":"Large Slime","floor":14,"turns":4},{"damage":17,"enemies":"The Guardian","floor":16,"turns":11},{"damage":3,"enemies":"Shell Parasite","floor":18,"turns":6},{"damage":8,"enemies":"theJungle:MUSHROOMGANG","floor":21,"turns":4}],"seed_played":"4536031036953069902","potions_obtained":[{"floor":5,"key":"Fire Potion"},{"floor":12,"key":"LiquidMemories"},{"floor":18,"key":"Fruit Juice"}],"is_trial":false,"path_per_floor":["M","$","$","?","M","M","R","M","T","R","$","M","R","M","R","B",null,"M","?","?","M"],"character_chosen":"THE_DT","items_purchased":[],"campfire_rested":1,"item_purchase_floors":[],"current_hp_per_floor":[41,41,41,41,41,37,37,37,37,37,37,25,37,37,37,20,42,44,49,52,44,44,44],"gold":265,"neow_bonus":"THREE_RARE_CARDS","is_daily":false,"chose_seed":false,"campfire_upgraded":3,"win_rate":0.0,"timestamp":1609909488,"path_taken":["M","?","$","?","M","M","R","M","T","R","$","M","R","M","R","BOSS","M","?","?","M"],"items_purchased_type":[],"build_version":"2020-12-22","purchased_purges":1,"victory":false,"max_hp_per_floor":[45,45,45,42,42,42,42,42,42,42,42,42,42,42,42,42,42,47,52,52,52,52,52],"card_choices":[{"not_picked":["DTMod:Multitask","DTMod:EchoTactic"],"picked":"DTMod:ShadowImage","floor":0},{"not_picked":["DTMod:Feint","DTMod:HeatWave"],"picked":"DTMod:BalancedStrike","floor":1},{"not_picked":["DTMod:Conduct","DTMod:MagicField"],"picked":"DTMod:Training","floor":5},{"not_picked":["DTMod:BuildUp","DTMod:Feint"],"picked":"DTMod:TauntingStrike","floor":6},{"not_picked":["DTMod:HeatWave","DTMod:Punisher"],"picked":"DTMod:InvisibleFlame","floor":8},{"not_picked":["DTMod:Threaten","DTMod:BurningEnergy","DTMod:BlazingStrike"],"picked":"SKIP","floor":12},{"not_picked":["DTMod:QuickFly","DTMod:Cover"],"picked":"DTMod:Astonish","floor":14},{"not_picked":["DTMod:TriAttack","DTMod:FierySynthesis"],"picked":"DTMod:OpeningTactic","floor":16},{"not_picked":["DTMod:ShieldDrain","DTMod:Feint","DTMod:BlazingStrike"],"picked":"SKIP","floor":18}],"player_experience":226576,"relics_obtained":[{"floor":9,"key":"Bottled Lightning"}],"event_choices":[{"damage_healed":0,"gold_gain":0,"player_choice":"Lose Max HP","damage_taken":0,"relics_obtained":["Golden Idol"],"max_hp_gain":0,"max_hp_loss":3,"event_name":"Golden Idol","floor":4,"gold_loss":0}],"is_beta":false,"boss_relics":[{"not_picked":["Snecko Eye","Runic Dome"],"picked":"Coffee Dripper"}],"items_purged_floors":[2],"is_endless":false,"potions_floor_spawned":[5,12,18],"killed_by":"theJungle:MUSHROOMGANG","ascension_level":0}}