{"host":"1a3cjta80tad0aqj","time":1609910268,"event":{"mods":["2.2 Compatiblity","AchievementEnabler","BaseMod","Colored Map","DeckTracker","KOR Keyword Fix","Keyboard Shortcuts","Minty Spire (QoL Compilation)","Permanent Neow","Quick Restart","Random Character Button","StSLib","SuperFastMode","everything is the same but u backflip on backflip"],"gold_per_floor":[111,122,136,154,165,165,182,182,206,206,5,5,5,19,19,122,122,112,124,124,135,150,75,91,91,144,44,44,44],"floor_reached":28,"playtime":1209,"items_purged":["Parasite","Defend_B+1"],"score":214,"play_id":"92d71d40-f34a-4038-bc53-f407ce32c36a","local_time":"20210106141748","is_ascension_mode":false,"campfire_choices":[{"data":"Dualcast","floor":6,"key":"SMITH"},{"data":"Doom and Gloom","floor":10,"key":"SMITH"},{"data":"Streamline","floor":15,"key":"SMITH"}],"circlet_count":0,"master_deck":["Strike_B+1","Strike_B+1","Strike_B+1","Defend_B+1","Defend_B+1","Zap","Dualcast+1","Doom and Gloom+1","Streamline+1","Leap","FTL+1","Chaos","Steam","Lockon","Beam Cell","Electrodynamics","Rebound+1","Sweeping Beam+1"],"relics":["Inserter","Boot","Sozu","Whetstone"],"acts_visited":["Exordium","TheCity"],"potions_floor_usage":[16,16,24],"damage_taken":[{"damage":1,"enemies":"Cultist","floor":1,"turns":3},{"damage":7,"enemies":"2 Louse","floor":2,"turns":2},{"damage":0,"enemies":"Small Slimes","floor":3,"turns":2},{"damage":3,"enemies":"3 Louse","floor":4,"turns":3},{"damage":3,"enemies":"2 Fungi Beasts","floor":5,"turns":2},{"damage":9,"enemies":"Blue Slaver","floor":7,"turns":4},{"damage":1,"enemies":"Exordium Wildlife","floor":14,"turns":6},{"damage":35,"enemies":"Hexaghost","floor":16,"turns":8},{"damage":11,"enemies":"2 Thieves","floor":18,"turns":4},{"damage":10,"enemies":"Chosen","floor":19,"turns":3},{"damage":17,"enemies":"Snake Plant","floor":21,"turns":3},{"damage":21,"enemies":"Centurion and Healer","floor":22,"turns":5},{"damage":8,"enemies":"Shelled Parasite and Fungi","floor":24,"turns":3},{"damage":10,"enemies":"Sentry and Sphere","floor":28,"turns":2}],"seed_played":"4178344255389653811","potions_obtained":[{"floor":2,"key":"Strength Potion"},{"floor":5,"key":"AttackPotion"},{"floor":16,"key":"PotionOfCapacity"}],"is_trial":false,"path_per_floor":["M","M","M","M","M","R","M","?","T","R","$","?","?","M","R","B",null,"M","M","$","M","M","?","M","?","T","$","M"],"character_chosen":"DEFECT","items_purchased":["Lockon","Explosive Potion"],"campfire_rested":0,"item_purchase_floors":[11,11],"current_hp_per_floor":[74,67,67,64,61,61,52,70,70,70,70,63,63,62,62,27,72,61,51,51,34,13,13,5,5,5,5,0,0],"gold":44,"neow_bonus":"BOSS_RELIC","is_daily":false,"chose_seed":false,"campfire_upgraded":3,"win_rate":0.0,"timestamp":1609910268,"path_taken":["M","?","M","M","M","R","M","?","T","R","$","?","?","M","R","BOSS","M","M","$","M","M","?","M","?","T","$","M"],"items_purchased_type":["Card","Potion"],"build_version":"2020-12-22","purchased_purges":2,"victory":false,"max_hp_per_floor":[75,75,75,75,75,75,75,75,75,75,72,72,72,72,72,72,72,72,72,72,72,72,72,72,72,72,72,72,72],"card_choices":[{"not_picked":["Turbo","Cold Snap"],"picked":"Doom and Gloom","floor":1},{"not_picked":["Consume","Gash"],"picked":"Streamline","floor":2},{"not_picked":["Scrape","Compile Driver"],"picked":"Leap","floor":3},{"not_picked":["Streamline","Go for the Eyes"],"picked":"FTL","floor":4},{"not_picked":["Coolheaded","Tempest"],"picked":"Chaos","floor":5},{"not_picked":["Loop","Hologram"],"picked":"Steam","floor":7},{"not_picked":["Hologram","Turbo"],"picked":"Beam Cell","floor":14},{"not_picked":["Thunder Strike","Rainbow"],"picked":"Electrodynamics","floor":16},{"not_picked":["Leap","Coolheaded","Gash"],"picked":"SKIP","floor":18},{"not_picked":["Go for the Eyes","Ball Lightning"],"picked":"Rebound+1","floor":19},{"not_picked":["All For One","Loop","Barrage"],"picked":"SKIP","floor":21},{"not_picked":["Turbo","Recycle"],"picked":"Sweeping Beam","floor":22},{"not_picked":["Stack","Compile Driver","Rebound"],"picked":"SKIP","floor":24}],"player_experience":163331,"relics_obtained":[{"floor":9,"key":"Boot"},{"floor":26,"key":"Whetstone"}],"event_choices":[{"damage_healed":18,"gold_gain":0,"player_choice":"Healed and dodged fight","damage_taken":0,"max_hp_gain":0,"max_hp_loss":0,"event_name":"Mushrooms","floor":8,"gold_loss":0,"cards_obtained":["Parasite"]},{"cards_removed":["Defend_B"],"damage_healed":0,"gold_gain":0,"player_choice":"Card Removal","damage_taken":7,"max_hp_gain":0,"max_hp_loss":0,"event_name":"Golden Wing","floor":12,"gold_loss":0},{"damage_healed":0,"gold_gain":0,"player_choice":"Ignored","damage_taken":0,"max_hp_gain":0,"max_hp_loss":0,"event_name":"Liars Game","floor":13,"gold_loss":0},{"cards_removed":["Strike_B"],"damage_healed":0,"gold_gain":0,"player_choice":"Gave Gold","damage_taken":0,"max_hp_gain":0,"max_hp_loss":0,"event_name":"Beggar","floor":23,"gold_loss":75},{"damage_healed":0,"gold_gain":0,"player_choice":"Simplicity","damage_taken":0,"max_hp_gain":0,"max_hp_loss":0,"event_name":"Back to Basics","floor":25,"gold_loss":0,"cards_upgraded":["Strike_B","Strike_B","Strike_B","Defend_B","Defend_B","Defend_B"]}],"is_beta":false,"boss_relics":[{"not_picked":["Velvet Choker","Fusion Hammer"],"picked":"Sozu"}],"items_purged_floors":[11,27],"is_endless":false,"potions_floor_spawned":[2,5,16,19],"killed_by":"Sentry and Sphere","ascension_level":0}}