{"host":"ivg6uxy7auliciht","time":1609913925,"event":{"mods":["BaseMod","Bestiary","Hermit","Minty Spire (QoL Compilation)","Replay The Spire","Shop Mod","StSLib","The Cursed","The Dragon Tamer","The Gatherer","The Necromancer"],"gold_per_floor":[115,132,143,91,115,115,149,159,233,244,275,275,10,20,20,124,124,134,150,165,127,143,169,169,169,195,205,205],"floor_reached":27,"playtime":2602,"items_purged":[],"score":245,"play_id":"4f865efe-088b-41b5-a34c-f1a6d650e6d5","local_time":"20210106011845","is_ascension_mode":false,"campfire_choices":[{"data":"Vampiric_Strike","floor":6,"key":"SMITH"},{"data":"Summon_Undead_Army","floor":15,"key":"SMITH"},{"data":"Life_Drain","floor":25,"key":"SMITH"}],"circlet_count":0,"master_deck":["Strike_W","Strike_W","Strike_W","Strike_W","Defend_W","Defend_W","Defend_W","Defend_W","Negative_Energy_Arrows","Bone_Wall","Flesh_Made_Foul","Blood_Shield","Bone_Armor","Life_Tap+1","Vampiric_Strike+1","Grasp_Heart","Flesh_Made_Foul","Life_Drain+1","Bone_Prison","Summon_Undead_Army+1","Thousand_Bone_Knives","Grasp_Heart","Negative_Energy_Shield","Death_Coil+1","Negative_Energy_Javelin+1","Summon_Undead_Army","Violent_Necrosis+1","Death_March_Dance","Necronomicurse"],"relics":["Vampire_Amulet","Bird Faced Urn","Torii","Letter Opener","Strawberry","Membership Card","MerchantsRug","SlaversCollar","Ornamental Fan","Necronomicon","Replay:Bandana"],"acts_visited":["Exordium","TheCity"],"potions_floor_usage":[7,11,18,23,27,27],"damage_taken":[{"damage":2,"enemies":"Jaw Worm","floor":1,"turns":6},{"damage":2,"enemies":"Small Slimes","floor":2,"turns":3},{"damage":6,"enemies":"Cultist","floor":3,"turns":5},{"damage":17,"enemies":"Replay:BlueRogue","floor":7,"turns":10},{"damage":1,"enemies":"2 Fungi Beasts","floor":8,"turns":4},{"damage":9,"enemies":"3 Louse","floor":10,"turns":3},{"damage":27,"enemies":"Lagavulin","floor":11,"turns":8},{"damage":1,"enemies":"Looter","floor":14,"turns":4},{"damage":54,"enemies":"Fading Forest","floor":16,"turns":11},{"damage":42,"enemies":"2 Thieves","floor":18,"turns":5},{"damage":15,"enemies":"3 Byrds","floor":19,"turns":7},{"damage":9,"enemies":"Centurion and Healer","floor":20,"turns":6},{"damage":8,"enemies":"Cultist and Chosen","floor":22,"turns":5},{"damage":41,"enemies":"Slavers","floor":23,"turns":4},{"damage":40,"enemies":"Masked Bandits","floor":27,"turns":3}],"seed_played":"-2050043541405513539","potions_obtained":[{"floor":1,"key":"Explosive Potion"},{"floor":7,"key":"Block Potion"},{"floor":11,"key":"Flashbang"},{"floor":16,"key":"Strength Potion"},{"floor":20,"key":"DuplicationPotion"},{"floor":23,"key":"Strength Potion"}],"is_trial":false,"path_per_floor":["M","M","M","$","?","R","E","M","T","M","E","?","$","M","R","B",null,"M","M","M","$","M","E","?","R","T","?"],"character_chosen":"NECROMANCER","items_purchased":["Life_Tap+1","Summon_Undead_Army","Membership Card","MerchantsRug","Summon_Undead_Army"],"campfire_rested":0,"item_purchase_floors":[4,13,13,13,21],"current_hp_per_floor":[82,82,78,78,58,58,47,53,53,53,46,46,46,55,55,30,89,60,62,68,68,66,40,24,24,24,0,0],"gold":205,"neow_bonus":"TEN_PERCENT_HP_BONUS","is_daily":false,"chose_seed":false,"campfire_upgraded":3,"win_rate":0.0,"timestamp":1609913925,"path_taken":["M","M","M","$","?","R","E","M","T","M","E","?","$","M","R","BOSS","M","M","M","$","M","E","?","R","T","?"],"items_purchased_type":["Card","Card","Relic","Relic","Card"],"build_version":"2020-12-22","purchased_purges":0,"victory":false,"max_hp_per_floor":[82,82,82,82,82,82,82,82,82,82,89,89,89,89,89,89,89,89,89,89,89,89,89,89,89,89,89,89],"card_choices":[{"not_picked":["Shackles_Of_Pain","Negative_Energy_Javelin"],"picked":"Flesh_Made_Foul","floor":1},{"not_picked":["Scare","Corrupt"],"picked":"Blood_Shield","floor":2},{"not_picked":["Bones_to_Steel","Bone_Shift"],"picked":"Bone_Armor","floor":3},{"not_picked":["Stop_Heart","Slay_Living"],"picked":"Vampiric_Strike","floor":5},{"not_picked":["Blood_Curse","Stop_Heart"],"picked":"Grasp_Heart","floor":7},{"not_picked":["Chill_Blood","Epidemic"],"picked":"Flesh_Made_Foul","floor":8},{"not_picked":["Bone_Shift","Spectral_Walk"],"picked":"Life_Drain","floor":10},{"not_picked":["Scare","Blood_for_Blood"],"picked":"Bone_Prison","floor":11},{"not_picked":["Finger_Of_Death","Spectral_Armor"],"picked":"Thousand_Bone_Knives","floor":14},{"not_picked":["Blood_Magic","Reap_The_Weak"],"picked":"Grasp_Heart","floor":16},{"not_picked":["Spectral_Armor","Bone_Armor+1"],"picked":"Negative_Energy_Shield","floor":18},{"not_picked":["Violent_Necrosis","Spectral_Walk"],"picked":"Death_Coil+1","floor":19},{"not_picked":["Epidemic+1","Shackles_Of_Pain"],"picked":"Negative_Energy_Javelin+1","floor":20},{"not_picked":["Epidemic","Consume_Illness"],"picked":"Violent_Necrosis+1","floor":22},{"not_picked":["Negative_Energy_Javelin+1","Bones_to_Steel"],"picked":"Death_March_Dance","floor":23}],"player_experience":26777,"relics_obtained":[{"floor":5,"key":"Bird Faced Urn"},{"floor":7,"key":"Torii"},{"floor":9,"key":"Letter Opener"},{"floor":11,"key":"Strawberry"},{"floor":23,"key":"Ornamental Fan"},{"floor":24,"key":"Necronomicon"},{"floor":26,"key":"Replay:Bandana"}],"event_choices":[{"damage_healed":0,"gold_gain":0,"player_choice":"Bought 0 Potions","damage_taken":0,"max_hp_gain":0,"max_hp_loss":0,"event_name":"The Woman in Blue","floor":12,"gold_loss":0},{"damage_healed":0,"gold_gain":0,"player_choice":"Obtained Book","damage_taken":16,"max_hp_gain":0,"max_hp_loss":0,"event_name":"Cursed Tome","floor":24,"gold_loss":0},{"damage_healed":0,"gold_gain":0,"player_choice":"Fought Bandits","damage_taken":0,"max_hp_gain":0,"max_hp_loss":0,"event_name":"Masked Bandits","floor":27,"gold_loss":0}],"is_beta":false,"boss_relics":[{"not_picked":["Replay:Drink Me","Ectoplasm"],"picked":"SlaversCollar"}],"items_purged_floors":[],"is_endless":false,"potions_floor_spawned":[1,7,11,16,20,23],"killed_by":"Masked Bandits","ascension_level":0}}