{"host":"1u4zr9vl8my47i07","time":1609893510,"event":{"mods":["AchievementEnabler","BaseMod","DeckTracker","Highlight Path","Keyboard Shortcuts","Minty Spire (QoL Compilation)","Relic Stats","StSLib","SuperFastMode","The Animator","Uncapped","Waifu the Spire","everything is the same but u backflip on backflip"],"gold_per_floor":[118,136,136,156,172,172,187,262,289,289,304,284,300,40,40,137,137,156,156,156,156,172,87,87,12,61,74,102,102,115,115,115,115,115],"floor_reached":33,"playtime":1480,"items_purged":["Strike_G"],"score":599,"play_id":"f03c673c-eea7-4b2f-a523-961087ccea44","local_time":"20210106093830","is_ascension_mode":true,"campfire_choices":[{"data":"A Thousand Cuts","floor":6.0,"key":"SMITH"},{"floor":10.0,"key":"REST"},{"data":"Footwork","floor":15.0,"key":"SMITH"},{"data":"Tactician","floor":24.0,"key":"SMITH"},{"data":"Blade Dance","floor":29.0,"key":"SMITH"},{"data":"Cloak And Dagger","floor":32,"key":"SMITH"}],"circlet_count":0,"master_deck":["AscendersBane","Strike_G","Strike_G","Strike_G","Strike_G","Defend_G","Defend_G","Defend_G","Defend_G","Defend_G","Survivor","Neutralize","A Thousand Cuts+1","Footwork+1","PiercingWail","Backflip","Skewer","Blade Dance+1","Backstab","Grand Finale","Cloak And Dagger+1","Ghostly","Ghostly","Ghostly","Ghostly","Ghostly","Tactician+1","Finisher"],"relics":["Ring of the Snake","Lantern","Kunai","HoveringKite","Toy Ornithopter","CeramicFish","Pen Nib"],"acts_visited":["Exordium","TheCity"],"potions_floor_usage":[31,33],"damage_taken":[{"damage":12.0,"enemies":"Small Slimes","floor":1.0,"turns":5.0},{"damage":7.0,"enemies":"Cultist","floor":2.0,"turns":6.0},{"damage":4.0,"enemies":"2 Louse","floor":4.0,"turns":3.0},{"damage":4.0,"enemies":"Lots of Slimes","floor":5.0,"turns":7.0},{"damage":1.0,"enemies":"Red Slaver","floor":7.0,"turns":4.0},{"damage":2.0,"enemies":"Blue Slaver","floor":11.0,"turns":5.0},{"damage":2.0,"enemies":"3 Louse","floor":13.0,"turns":2.0},{"damage":31.0,"enemies":"Slime Boss","floor":16.0,"turns":14.0},{"damage":7.0,"enemies":"Chosen","floor":18.0,"turns":6.0},{"damage":2.0,"enemies":"Spheric Guardian","floor":22.0,"turns":6.0},{"damage":1.0,"enemies":"Centurion and Healer","floor":27.0,"turns":9.0},{"damage":6.0,"enemies":"Snake Plant","floor":28.0,"turns":6.0},{"damage":5.0,"enemies":"Shelled Parasite and Fungi","floor":30.0,"turns":8.0},{"damage":0,"enemies":"Gremlin Leader","floor":31,"turns":1},{"damage":10,"enemies":"Automaton","floor":33,"turns":10}],"seed_played":"2796738863197799997","potions_obtained":[{"floor":4.0,"key":"SteroidPotion"},{"floor":5.0,"key":"SteroidPotion"},{"floor":11.0,"key":"SmokeBomb"},{"floor":12.0,"key":"Weak Potion"},{"floor":18.0,"key":"Block Potion"}],"is_trial":false,"path_per_floor":["M","M","?","M","M","R","M","?","T","R","M","?","M","$","R","B",null,"M","?","?","?","M","?","R","$","T","M","M","R","M","E","R","B"],"character_chosen":"THE_SILENT","items_purchased":["Kunai"],"campfire_rested":1,"item_purchase_floors":[14],"current_hp_per_floor":[51,44,44,40,36,36,35,24,24,45,43,43,41,41,41,10,55,48,48,35,35,33,33,33,33,33,32,26,26,21,26,26,21,21],"gold":115,"neow_bonus":"ONE_RANDOM_RARE_CARD","is_daily":false,"chose_seed":false,"campfire_upgraded":5,"win_rate":0.0,"timestamp":1609893510,"path_taken":["M","M","?","M","?","R","M","?","T","R","M","?","?","?","R","BOSS","M","?","?","?","M","?","R","$","T","M","M","R","?","E","R","BOSS"],"items_purchased_type":["Relic"],"build_version":"2020-12-22","purchased_purges":1,"victory":false,"max_hp_per_floor":[70,70,70,70,70,70,70,70,70,70,70,70,70,70,70,70,70,70,70,35,35,35,35,35,35,35,35,35,35,35,35,35,35,35],"relic_stats":{"counters":[15,92],"CeramicFish":9,"HoveringKite":[6],"Pen Nib":[7],"Kunai":[25],"obtain_stats":[{"Lantern":9,"CeramicFish":23,"HoveringKite":17,"Pen Nib":26,"Kunai":14,"Toy Ornithopter":19,"Ring of the Snake":0},{"Lantern":5,"CeramicFish":10,"HoveringKite":8,"Pen Nib":10,"Kunai":7,"Toy Ornithopter":9,"Ring of the Snake":0},{"Lantern":25,"CeramicFish":58,"HoveringKite":46,"Pen Nib":58,"Kunai":32,"Toy Ornithopter":52,"Ring of the Snake":0}],"Toy Ornithopter":10,"Ring of the Snake":[30]},"card_choices":[{"not_picked":["Deadly Poison","Bane"],"picked":"Footwork","floor":1.0},{"not_picked":["Dodge and Roll","Masterful Stab"],"picked":"PiercingWail","floor":2.0},{"not_picked":["Quick Slash","Leg Sweep"],"picked":"Backflip","floor":4.0},{"not_picked":["Bouncing Flask","Underhanded Strike"],"picked":"Skewer","floor":5.0},{"not_picked":["Concentrate","Doppelganger","Flying Knee"],"picked":"SKIP","floor":7.0},{"not_picked":["Cloak And Dagger","Expertise"],"picked":"Blade Dance","floor":11.0},{"not_picked":["Bane","Sucker Punch"],"picked":"Backstab","floor":13.0},{"not_picked":["Malaise","Storm of Steel"],"picked":"Grand Finale","floor":16.0},{"not_picked":["Expertise","Poisoned Stab"],"picked":"Cloak And Dagger","floor":18.0},{"not_picked":["Sucker Punch","Eviscerate","Dash"],"picked":"SKIP","floor":22.0},{"not_picked":["Concentrate","Sucker Punch","Dagger Spray"],"picked":"SKIP","floor":27.0},{"not_picked":["Deflect","Infinite Blades"],"picked":"Finisher","floor":28.0},{"not_picked":["Deflect+1","Sucker Punch","Footwork+1"],"picked":"SKIP","floor":30.0}],"player_experience":293114,"relics_obtained":[{"floor":9.0,"key":"Lantern"},{"floor":26.0,"key":"Pen Nib"}],"event_choices":[{"damage_healed":0.0,"max_hp_gain":0.0,"max_hp_loss":0.0,"gold_gain":0.0,"event_name":"Match and Keep!","player_choice":"0 cards matched","floor":3.0,"gold_loss":0.0,"damage_taken":0.0,"cards_obtained":[]},{"damage_healed":0.0,"max_hp_gain":0.0,"max_hp_loss":0.0,"gold_gain":75.0,"event_name":"World of Goop","player_choice":"Gather Gold","floor":8.0,"gold_loss":0.0,"damage_taken":11.0},{"damage_healed":0.0,"max_hp_gain":0.0,"max_hp_loss":0.0,"gold_gain":0.0,"event_name":"The Woman in Blue","player_choice":"Bought 1 Potion","floor":12.0,"gold_loss":0.0,"damage_taken":0.0},{"damage_healed":0.0,"max_hp_gain":0.0,"max_hp_loss":0.0,"gold_gain":0.0,"event_name":"The Mausoleum","player_choice":"Opened","floor":19.0,"gold_loss":0.0,"damage_taken":0.0,"relics_obtained":["Toy Ornithopter"]},{"damage_healed":0.0,"max_hp_gain":0.0,"max_hp_loss":35.0,"gold_gain":0.0,"event_name":"Ghosts","player_choice":"Became a Ghost","floor":20.0,"gold_loss":0.0,"damage_taken":0.0,"cards_obtained":["Ghostly","Ghostly","Ghostly","Ghostly","Ghostly"]},{"damage_healed":0.0,"max_hp_gain":0.0,"max_hp_loss":0.0,"gold_gain":0.0,"event_name":"The Library","player_choice":"Read","floor":21.0,"gold_loss":0.0,"damage_taken":0.0,"cards_obtained":["Tactician"]},{"damage_healed":0.0,"max_hp_gain":0.0,"max_hp_loss":0.0,"gold_gain":0.0,"event_name":"Addict","player_choice":"Obtained Relic","floor":23.0,"gold_loss":85.0,"damage_taken":0.0,"relics_obtained":["CeramicFish"]}],"is_beta":false,"boss_relics":[{"not_picked":["Snecko Eye","SacredBark"],"picked":"HoveringKite"}],"items_purged_floors":[25],"is_endless":false,"potions_floor_spawned":[4,5,11,18,27],"killed_by":"Automaton","ascension_level":12}}