{"host":"qgrlfjrqk9z96gfi","time":1609906254,"event":{"mods":["BaseMod","Block Reminder","Colored Map","DeckTracker","Minty Spire (QoL Compilation)"],"gold_per_floor":[116,116,3,16,27,59,59,87,112,130,130,165,183,197,197,271,271,289,309,31,81,96,96,113,129,155,155,170,170,181,196,196,196,196],"floor_reached":33,"playtime":1330,"items_purged":[],"score":546,"play_id":"dec9cc7a-611d-4156-9115-ac0f7b1df718","local_time":"20210105181054","is_ascension_mode":true,"campfire_choices":[{"floor":7.0,"key":"REST"},{"floor":11.0,"key":"REST"},{"floor":15.0,"key":"REST"},{"floor":23,"key":"REST"},{"floor":29,"key":"REST"},{"floor":32,"key":"REST"}],"circlet_count":0,"master_deck":["AscendersBane","Strike_G","Strike_G+1","Strike_G","Strike_G+1","Strike_G","Defend_G","Defend_G","Defend_G+1","Defend_G","Defend_G+1","Survivor","Neutralize","Noxious Fumes","Terror","Quick Slash","Dagger Throw","Deadly Poison","PiercingWail","Blade Dance","Phantasmal Killer","Accuracy","Corpse Explosion","Infinite Blades","Backstab","Backflip","Dagger Spray","Venomology","Cloak And Dagger+1","Leg Sweep+1"],"relics":["Ring of the Snake","Akabeko","War Paint","Regal Pillow","Toy Ornithopter","Whetstone","Fusion Hammer","Ninja Scroll","Potion Belt"],"acts_visited":["Exordium","TheCity"],"potions_floor_usage":[19,28,28,28,30,33,33],"damage_taken":[{"damage":2.0,"enemies":"Jaw Worm","floor":1.0,"turns":6.0},{"damage":0.0,"enemies":"Small Slimes","floor":4.0,"turns":2.0},{"damage":1.0,"enemies":"Cultist","floor":5.0,"turns":3.0},{"damage":40.0,"enemies":"3 Sentries","floor":6.0,"turns":7.0},{"damage":11.0,"enemies":"Gremlin Nob","floor":8.0,"turns":3.0},{"damage":3.0,"enemies":"Looter","floor":10.0,"turns":2.0},{"damage":36.0,"enemies":"3 Sentries","floor":12.0,"turns":9.0},{"damage":5.0,"enemies":"Blue Slaver","floor":13.0,"turns":2.0},{"damage":3.0,"enemies":"2 Fungi Beasts","floor":14.0,"turns":3.0},{"damage":35.0,"enemies":"Slime Boss","floor":16.0,"turns":6.0},{"damage":15.0,"enemies":"3 Byrds","floor":18.0,"turns":3.0},{"damage":12,"enemies":"2 Thieves","floor":19,"turns":4},{"damage":34,"enemies":"Shelled Parasite and Fungi","floor":22,"turns":4},{"damage":10,"enemies":"Centurion and Healer","floor":24,"turns":6},{"damage":27,"enemies":"Sentry and Sphere","floor":25,"turns":5},{"damage":8,"enemies":"Chosen and Byrds","floor":28,"turns":4},{"damage":7,"enemies":"3 Cultists","floor":30,"turns":4},{"damage":14,"enemies":"Snake Plant","floor":31,"turns":3},{"damage":89,"enemies":"Champ","floor":33,"turns":11}],"seed_played":"7688861333902040348","potions_obtained":[{"floor":4.0,"key":"ColorlessPotion"},{"floor":5.0,"key":"CunningPotion"},{"floor":6.0,"key":"GamblersBrew"},{"floor":13.0,"key":"BlessingOfTheForge"},{"floor":16.0,"key":"Swift Potion"},{"floor":18.0,"key":"ColorlessPotion"},{"floor":25,"key":"DistilledChaos"},{"floor":28,"key":"PowerPotion"},{"floor":30,"key":"Dexterity Potion"}],"is_trial":false,"path_per_floor":["M","?","$","M","M","E","R","E","T","M","R","E","M","M","R","B",null,"M","M","$","?","M","R","M","M","T","?","M","R","M","M","R","B"],"character_chosen":"THE_SILENT","items_purchased":["Terror","Quick Slash","Ninja Scroll"],"campfire_rested":6,"item_purchase_floors":[3,3,20],"current_hp_per_floor":[57,62,62,62,61,21,42,31,31,28,64,28,23,20,56,31,61,46,39,39,39,5,41,31,4,4,4,11,47,45,31,67,0,0],"gold":196,"neow_bonus":"RANDOM_COMMON_RELIC","is_daily":false,"chose_seed":false,"campfire_upgraded":0,"win_rate":0.0,"timestamp":1609906254,"path_taken":["M","?","$","M","M","E","R","E","T","M","R","E","M","M","R","BOSS","M","M","$","?","M","R","M","M","T","?","M","R","M","M","R","BOSS"],"items_purchased_type":["Card","Card","Relic"],"build_version":"2020-12-22","purchased_purges":0,"victory":false,"max_hp_per_floor":[66,71,71,71,71,71,71,71,71,71,71,71,71,71,71,71,71,71,71,71,71,71,71,71,71,71,71,71,71,71,71,71,71,71],"card_choices":[{"not_picked":["Dagger Throw","Slice"],"picked":"Noxious Fumes","floor":1.0},{"not_picked":["Flying Knee","Blur"],"picked":"Dagger Throw","floor":4.0},{"not_picked":["Flying Knee","Blur"],"picked":"Deadly Poison","floor":5.0},{"not_picked":["Endless Agony","Riddle With Holes"],"picked":"PiercingWail","floor":6.0},{"not_picked":["All Out Attack","Dodge and Roll"],"picked":"Blade Dance","floor":8.0},{"not_picked":["Night Terror","Prepared","Outmaneuver"],"picked":"SKIP","floor":10.0},{"not_picked":["Flying Knee","Predator"],"picked":"Phantasmal Killer","floor":12.0},{"not_picked":["Outmaneuver","Distraction","Deadly Poison"],"picked":"SKIP","floor":13.0},{"not_picked":["PiercingWail","Cloak And Dagger"],"picked":"Accuracy","floor":14.0},{"not_picked":["Wraith Form v2","Storm of Steel"],"picked":"Corpse Explosion","floor":16.0},{"not_picked":["Acrobatics","Dash"],"picked":"Infinite Blades","floor":18.0},{"not_picked":["Sucker Punch","Prepared"],"picked":"Backstab","floor":19},{"not_picked":["Deflect","Eviscerate"],"picked":"Backflip","floor":22},{"not_picked":["Underhanded Strike+1","Heel Hook"],"picked":"Dagger Spray","floor":24},{"not_picked":["Outmaneuver","Deflect"],"picked":"Venomology","floor":25},{"not_picked":["PiercingWail","Dagger Spray"],"picked":"Cloak And Dagger+1","floor":28},{"not_picked":["Poisoned Stab","Prepared","Outmaneuver+1"],"picked":"SKIP","floor":30},{"not_picked":["Tactician","Slice"],"picked":"Leg Sweep+1","floor":31}],"player_experience":970941,"relics_obtained":[{"floor":6.0,"key":"War Paint"},{"floor":8.0,"key":"Regal Pillow"},{"floor":9.0,"key":"Toy Ornithopter"},{"floor":12.0,"key":"Whetstone"},{"floor":26,"key":"Potion Belt"}],"event_choices":[{"damage_healed":0.0,"max_hp_gain":5.0,"max_hp_loss":0.0,"gold_gain":0.0,"event_name":"Big Fish","player_choice":"Donut","floor":2.0,"gold_loss":0.0,"damage_taken":0.0},{"damage_healed":0,"gold_gain":50,"player_choice":"Stole From Cult","damage_taken":0,"max_hp_gain":0,"max_hp_loss":0,"event_name":"Nest","floor":21,"gold_loss":0},{"damage_healed":0,"gold_gain":0,"player_choice":"Ignored","damage_taken":0,"max_hp_gain":0,"max_hp_loss":0,"event_name":"The Mausoleum","floor":27,"gold_loss":0}],"is_beta":false,"boss_relics":[{"not_picked":["Runic Dome","Tiny House"],"picked":"Fusion Hammer"}],"items_purged_floors":[],"is_endless":false,"potions_floor_spawned":[4,5,6,13,16,18,25,28,30],"killed_by":"Champ","ascension_level":20}}