{"host":"urvvf8749ekcxo1a","time":1609930611,"event":{"mods":["BaseMod","Better Match","Better Sensory Stone","BetterRewards","Evolution","Gold Saver","Minty Spire (QoL Compilation)","Shop Mod","StSLib","The Disciple","The Dragon Tamer","The Marked","The Necromancer","The Servant 0.9.4","UnlockEverythingMod"],"gold_per_floor":[702,460,479,479,479,514,514,525,525,539,614,614,625,643,643,740,740,760,760,859,302,314,344,344,344,344,269,269,279,279,294,294,389,389,405,405,420,347,347,347,397,397,444,464,464,218,252,266,266,266],"floor_reached":51,"playtime":2267,"items_purged":["Strike_S"],"score":743,"play_id":"5fcb1834-6fde-4a5e-bfa0-3f98297edd41","local_time":"20210106055651","is_ascension_mode":false,"campfire_choices":[{"data":"KidneyShot","floor":7,"key":"SMITH"},{"data":"GearUp","floor":12,"key":"SMITH"},{"floor":15,"key":"REST"},{"data":"KillingDoll","floor":24,"key":"SMITH"},{"data":"RealityMarble","floor":28,"key":"SMITH"},{"data":"WasteNot","floor":30,"key":"SMITH"},{"data":"Ricochet","floor":32,"key":"SMITH"},{"data":"Starlight","floor":40,"key":"SMITH"},{"data":"1","floor":42,"key":"LIFT"},{"data":"2","floor":45,"key":"LIFT"},{"data":"3","floor":49,"key":"LIFT"}],"circlet_count":0,"master_deck":["Strike_S","Strike_S","Defend_S","Defend_S","Defend_S","KidneyShot+1","Exchange","GearUp+1","Misdirection","TheWorld+1","Rearm+1","WasteNot+1","Ricochet+1","Barrier+1","KillingDoll+1","Luminosity+1","RealityMarble+1","FanOfKnives+1","Bandage Up+1","The Bomb+1","FloweringNight+1","Starlight+1","ForgedInTime+1","Madness+1","Madness+1","ShatteredReality","BottledTime+1","Parasite"],"relics":["SplendidAttire","EVO:Axolotl","NeowsBlessing","Ornamental Fan","Toxic Egg 2","Centennial Puzzle","Busted Crown","Lee\u0027s Waffle","Pantograph","WingedGreaves","Girya","Dream Catcher","Bottled Tornado","Bag of Marbles"],"acts_visited":["Exordium","TheCity","TheBeyond"],"potions_floor_usage":[16,16,44,44,47,48,50],"damage_taken":[{"damage":0,"enemies":"Cultist","floor":1,"turns":1},{"damage":0,"enemies":"2 Louse","floor":3,"turns":2},{"damage":0,"enemies":"Gremlin Nob","floor":6,"turns":1},{"damage":1,"enemies":"Small Slimes","floor":8,"turns":3},{"damage":0,"enemies":"Looter","floor":10,"turns":4},{"damage":0,"enemies":"Blue Slaver","floor":13,"turns":6},{"damage":14,"enemies":"3 Louse","floor":14,"turns":2},{"damage":17,"enemies":"Hexaghost","floor":16,"turns":18},{"damage":0,"enemies":"Shell Parasite","floor":18,"turns":4},{"damage":0,"enemies":"Chosen","floor":22,"turns":6},{"damage":5,"enemies":"Gremlin Leader","floor":23,"turns":8},{"damage":8,"enemies":"Shelled Parasite and Fungi","floor":29,"turns":4},{"damage":2,"enemies":"Cultist and Chosen","floor":31,"turns":6},{"damage":13,"enemies":"Collector","floor":33,"turns":9},{"damage":7,"enemies":"3 Darklings","floor":35,"turns":5},{"damage":15,"enemies":"3 Shapes","floor":37,"turns":4},{"damage":5,"enemies":"Mind Bloom Boss Battle","floor":41,"turns":4},{"damage":0,"enemies":"Transient","floor":44,"turns":5},{"damage":32,"enemies":"Reptomancer","floor":47,"turns":6},{"damage":0,"enemies":"Writhing Mass","floor":48,"turns":3},{"damage":14,"enemies":"Time Eater","floor":50,"turns":8}],"seed_played":"7605011991649803173","potions_obtained":[{"floor":3,"key":"SneckoOil"},{"floor":8,"key":"PowerPotion"},{"floor":13,"key":"EssenceOfSteel"},{"floor":29,"key":"Block Potion"},{"floor":31,"key":"ColorlessPotion"},{"floor":33,"key":"FairyPotion"},{"floor":44,"key":"Strength Potion"},{"floor":47,"key":"Regen Potion"},{"floor":48,"key":"Weak Potion"}],"is_trial":false,"path_per_floor":["M","$","M","?","?","E","R","M","T","M","?","R","M","M","R","B",null,"M","?","?","$","M","E","R","?","T","?","R","M","R","M","R","B",null,"M","?","M","$","?","R","?","R","T","M","R","$","E","M","R","B",null],"character_chosen":"THE_SERVANT","items_purchased":["Ornamental Fan","Lee\u0027s Waffle","Pantograph","RealityMarble","ForgedInTime+1","Bottled Tornado"],"campfire_rested":1,"item_purchase_floors":[2,21,21,21,38,46],"current_hp_per_floor":[65,65,65,70,70,70,70,69,69,69,58,58,58,44,65,48,70,70,57,57,82,82,77,77,77,77,77,77,75,75,79,79,75,82,81,81,72,72,62,62,82,82,82,82,82,82,56,67,67,74],"gold":266,"neow_bonus":"THREE_ENEMY_KILL","is_daily":false,"chose_seed":false,"campfire_upgraded":7,"win_rate":0.0,"timestamp":1609930611,"path_taken":["M","?","M","?","?","E","R","?","T","M","?","R","M","M","R","BOSS","M","?","?","$","M","E","R","?","T","?","R","?","R","M","R","BOSS","M","?","?","$","?","R","?","R","T","M","R","$","E","M","R","BOSS"],"items_purchased_type":["Relic","Relic","Relic","Card","Card","Relic"],"build_version":"2020-12-22","purchased_purges":1,"victory":true,"max_hp_per_floor":[65,65,65,70,70,70,70,70,70,70,70,70,70,70,70,70,70,70,75,75,82,82,82,82,82,82,82,82,82,82,82,82,82,82,82,82,82,82,82,82,82,82,82,82,82,82,82,82,82,82],"card_choices":[{"not_picked":["Rewind","Ricochet"],"picked":"GearUp","floor":1},{"not_picked":["Rewind","Advance"],"picked":"Misdirection","floor":3},{"not_picked":["Defy+1","BestPractice"],"picked":"TheWorld+1","floor":6},{"not_picked":["FastForward+1","Moonlight"],"picked":"Rearm+1","floor":8},{"not_picked":["MoonPhase","Alleviate+1"],"picked":"WasteNot","floor":10},{"not_picked":["Rewind+1","Unruled"],"picked":"Ricochet","floor":13},{"not_picked":["Potential","Starlight"],"picked":"Barrier+1","floor":14},{"not_picked":["FlawlessForm","PendulumOfEternity"],"picked":"KillingDoll","floor":16},{"not_picked":[],"picked":"Luminosity+1","floor":18},{"not_picked":["Alleviate+1"],"picked":"SKIP","floor":22},{"not_picked":[],"picked":"FanOfKnives+1","floor":23},{"not_picked":[],"picked":"Bandage Up+1","floor":25},{"not_picked":[],"picked":"The Bomb+1","floor":25},{"not_picked":["Potential"],"picked":"SKIP","floor":29},{"not_picked":["DoubleEdge"],"picked":"SKIP","floor":31},{"not_picked":[],"picked":"FloweringNight","floor":33},{"not_picked":[],"picked":"Starlight","floor":35},{"not_picked":["RealityMarble+1"],"picked":"SKIP","floor":37},{"not_picked":[],"picked":"ShatteredReality","floor":41},{"not_picked":["DoubleEdge+1"],"picked":"SKIP","floor":44},{"not_picked":[],"picked":"BottledTime+1","floor":47},{"not_picked":["Potential"],"picked":"SKIP","floor":48}],"player_experience":111085,"relics_obtained":[{"floor":6,"key":"Toxic Egg 2"},{"floor":9,"key":"Centennial Puzzle"},{"floor":23,"key":"WingedGreaves"},{"floor":41,"key":"Girya"},{"floor":43,"key":"Dream Catcher"},{"floor":47,"key":"Bag of Marbles"}],"event_choices":[{"damage_healed":0,"gold_gain":0,"player_choice":"Donut","damage_taken":0,"max_hp_gain":5,"max_hp_loss":0,"event_name":"Big Fish","floor":4,"gold_loss":0},{"cards_removed":["Strike_S"],"damage_healed":0,"gold_gain":0,"player_choice":"Purged","damage_taken":0,"max_hp_gain":0,"max_hp_loss":0,"event_name":"Purifier","floor":5,"gold_loss":0},{"damage_healed":0,"gold_gain":75,"player_choice":"Gather Gold","damage_taken":11,"max_hp_gain":0,"max_hp_loss":0,"event_name":"World of Goop","floor":11,"gold_loss":0},{"damage_healed":0,"gold_gain":0,"player_choice":"Shed Blood","damage_taken":18,"max_hp_gain":5,"max_hp_loss":0,"event_name":"Forgotten Altar","floor":19,"gold_loss":0},{"damage_healed":0,"gold_gain":99,"player_choice":"Stole From Cult","damage_taken":0,"max_hp_gain":0,"max_hp_loss":0,"event_name":"Nest","floor":20,"gold_loss":0},{"damage_healed":0,"gold_gain":2,"player_choice":"1","damage_taken":0,"max_hp_gain":0,"max_hp_loss":0,"event_name":"betterStone:BetterStone","floor":25,"gold_loss":0},{"cards_removed":["Defend_S"],"damage_healed":0,"gold_gain":0,"player_choice":"Gave Gold","damage_taken":0,"max_hp_gain":0,"max_hp_loss":0,"event_name":"Beggar","floor":27,"gold_loss":75},{"damage_healed":0,"gold_gain":0,"player_choice":"Forge","damage_taken":0,"max_hp_gain":0,"max_hp_loss":0,"event_name":"Accursed Blacksmith","floor":36,"gold_loss":0,"cards_upgraded":["FloweringNight"]},{"damage_healed":0,"gold_gain":0,"player_choice":"Embrace Madness","damage_taken":10,"max_hp_gain":0,"max_hp_loss":0,"event_name":"Winding Halls","floor":39,"gold_loss":0,"cards_obtained":["Madness","Madness"]},{"damage_healed":0,"gold_gain":0,"player_choice":"Fight","damage_taken":0,"max_hp_gain":0,"max_hp_loss":0,"event_name":"MindBloom","floor":41,"gold_loss":0}],"is_beta":false,"boss_relics":[{"not_picked":["Astrolabe","SacredBark"],"picked":"Busted Crown"},{"not_picked":["Black Star","Calling Bell"],"picked":"SplendidAttire"}],"items_purged_floors":[21],"is_endless":false,"potions_floor_spawned":[3,8,13,29,31,33,37,44,47,48],"ascension_level":0}}