{"host":"7gewg82ormp6yt4e","time":1609932684,"event":{"mods":["BaseMod","Block Reminder","Colored Map","Colored Powertips","DeckTracker","Highlight Path","Minty Spire (QoL Compilation)","Relic Stats","StSLib","ojb\u0027s Info Mod"],"gold_per_floor":[114,125,125,125,145,145,169,189,242,256,67,67,85,123,123,217,217,235,258,278,123,139,139,178,196,221,146,146,146,164,189,189,284,284,300,319,61,61,61],"floor_reached":38,"playtime":2363,"items_purged":["Pain","Strike_B"],"score":864,"play_id":"2bef5a64-be06-4d76-965e-9447f0dd4da9","local_time":"20210106203124","is_ascension_mode":true,"campfire_choices":[{"data":"Coolheaded","floor":6,"key":"SMITH"},{"floor":15,"key":"REST"},{"data":"Seek","floor":23,"key":"SMITH"},{"floor":29,"key":"REST"},{"floor":32,"key":"REST"}],"circlet_count":0,"master_deck":["AscendersBane","Strike_B","Strike_B","Defend_B","Defend_B","Defend_B","Defend_B","Zap","Dualcast","White Noise","Coolheaded+1","Auto Shields","Rip and Tear","Go for the Eyes","Ball Lightning","Sunder","Capacitor","Coolheaded","Hologram","Seek+1","Beam Cell+1","Turbo","Conserve Battery","Hologram","Buffer","Cold Snap","Meteor Strike","Self Repair","Capacitor+1","Core Surge","Recycle"],"relics":["Cracked Core","Golden Idol","WarpedTongs","Pen Nib","FaceOfCleric","Matryoshka","Runic Pyramid","Red Mask","Vajra","Velvet Choker"],"acts_visited":["Exordium","TheCity","TheBeyond"],"potions_floor_usage":[5,14,14,18,20,33,33,38,38],"damage_taken":[{"damage":12,"enemies":"Jaw Worm","floor":1,"turns":3},{"damage":2,"enemies":"Cultist","floor":2,"turns":4},{"damage":1,"enemies":"2 Louse","floor":5,"turns":1},{"damage":5,"enemies":"Looter","floor":7,"turns":3},{"damage":17,"enemies":"Exordium Thugs","floor":8,"turns":5},{"damage":7,"enemies":"Large Slime","floor":10,"turns":4},{"damage":3,"enemies":"Looter","floor":13,"turns":3},{"damage":6,"enemies":"Gremlin Nob","floor":14,"turns":3},{"damage":0,"enemies":"The Guardian","floor":16,"turns":12},{"damage":3,"enemies":"2 Thieves","floor":18,"turns":2},{"damage":0,"enemies":"Chosen","floor":19,"turns":3},{"damage":18,"enemies":"Sentry and Sphere","floor":20,"turns":6},{"damage":0,"enemies":"3 Cultists","floor":22,"turns":2},{"damage":0,"enemies":"Masked Bandits","floor":24,"turns":5},{"damage":18,"enemies":"Snake Plant","floor":25,"turns":2},{"damage":16,"enemies":"Chosen and Byrds","floor":30,"turns":7},{"damage":11,"enemies":"Snecko","floor":31,"turns":6},{"damage":31,"enemies":"Collector","floor":33,"turns":9},{"damage":0,"enemies":"3 Shapes","floor":35,"turns":4},{"damage":34,"enemies":"3 Darklings","floor":36,"turns":5},{"damage":50,"enemies":"Transient","floor":38,"turns":5}],"seed_played":"4786000408223116619","potions_obtained":[{"floor":2,"key":"SneckoOil"},{"floor":5,"key":"SteroidPotion"},{"floor":10,"key":"ColorlessPotion"},{"floor":14,"key":"Weak Potion"},{"floor":16,"key":"Swift Potion"},{"floor":19,"key":"ColorlessPotion"},{"floor":22,"key":"EssenceOfDarkness"},{"floor":24,"key":"Explosive Potion"},{"floor":35,"key":"Block Potion"}],"is_trial":false,"path_per_floor":["M","M","?","?","M","R","M","M","T","M","$","?","M","E","R","B",null,"M","M","M","$","M","R","?","M","T","?","?","R","M","M","R","B",null,"M","M","$","M"],"character_chosen":"DEFECT","items_purchased":["Sunder","Capacitor","Conserve Battery","Core Surge","BlessingOfTheForge","Recycle"],"campfire_rested":3,"item_purchase_floors":[11,11,21,37,37,37],"current_hp_per_floor":[59,57,57,57,56,56,51,34,34,27,27,27,25,20,41,42,66,64,65,48,48,49,49,50,33,33,33,33,57,42,32,56,26,69,70,44,44,0,0],"gold":61,"neow_bonus":"TEN_PERCENT_HP_BONUS","is_daily":false,"chose_seed":false,"campfire_upgraded":2,"win_rate":0.0,"timestamp":1609932684,"path_taken":["M","M","?","?","M","R","?","M","T","M","$","?","?","E","R","BOSS","M","M","?","$","M","R","?","M","T","?","?","R","?","M","R","BOSS","M","M","$","M"],"items_purchased_type":["Card","Card","Card","Card","Potion","Card"],"build_version":"2020-12-22","purchased_purges":2,"victory":false,"max_hp_per_floor":[78,78,71,71,71,71,71,71,71,71,71,71,72,73,73,74,74,75,76,77,77,78,78,79,80,80,80,80,80,81,82,82,83,83,84,85,85,85,85],"relic_stats":{"FaceOfCleric":14,"counters":[21,94],"Golden Idol":110,"Pen Nib":[11],"obtain_stats":[{"Matryoshka":14,"FaceOfCleric":12,"Golden Idol":3,"Vajra":26,"Velvet Choker":34,"Pen Nib":9,"Red Mask":24,"Cracked Core":0,"WarpedTongs":4,"Runic Pyramid":17},{"Matryoshka":8,"FaceOfCleric":6,"Golden Idol":2,"Vajra":15,"Velvet Choker":18,"Pen Nib":5,"Red Mask":14,"Cracked Core":0,"WarpedTongs":2,"Runic Pyramid":9},{"Matryoshka":26,"FaceOfCleric":20,"Golden Idol":7,"Vajra":58,"Velvet Choker":80,"Pen Nib":16,"Red Mask":56,"Cracked Core":0,"WarpedTongs":7,"Runic Pyramid":38}],"WarpedTongs":[87]},"card_choices":[{"not_picked":["Redo","Go for the Eyes"],"picked":"White Noise","floor":1},{"not_picked":["Turbo","Melter"],"picked":"Coolheaded","floor":2},{"not_picked":["Storm","Hello World"],"picked":"Auto Shields","floor":5},{"not_picked":["Gash","Reinforced Body"],"picked":"Rip and Tear","floor":7},{"not_picked":["Hologram","Gash"],"picked":"Go for the Eyes","floor":8},{"not_picked":["Streamline","Coolheaded"],"picked":"Ball Lightning","floor":10},{"not_picked":["Stack","Force Field"],"picked":"Coolheaded","floor":13},{"not_picked":["Streamline","Scrape"],"picked":"Hologram","floor":14},{"not_picked":["Fission","Rainbow"],"picked":"Seek","floor":16},{"not_picked":["Steam","Force Field"],"picked":"Beam Cell+1","floor":18},{"not_picked":["Go for the Eyes","Rip and Tear","Streamline"],"picked":"SKIP","floor":19},{"not_picked":["Darkness","Compile Driver"],"picked":"Turbo","floor":20},{"not_picked":["Gash+1","Stack","FTL"],"picked":"SKIP","floor":22},{"not_picked":["Leap","Blizzard"],"picked":"Hologram","floor":24},{"not_picked":["Redo","Streamline+1","Ball Lightning"],"picked":"SKIP","floor":25},{"not_picked":["Loop","Beam Cell"],"picked":"Buffer","floor":30},{"not_picked":["Coolheaded","Tempest"],"picked":"Cold Snap","floor":31},{"not_picked":["Electrodynamics","All For One"],"picked":"Meteor Strike","floor":33},{"not_picked":["Force Field","Stack"],"picked":"Self Repair","floor":35},{"not_picked":["Sweeping Beam","Redo+1"],"picked":"Capacitor+1","floor":36}],"player_experience":2481847,"relics_obtained":[{"floor":9,"key":"Pen Nib"},{"floor":14,"key":"Matryoshka"},{"floor":24,"key":"Red Mask"},{"floor":26,"key":"Vajra"}],"event_choices":[{"damage_healed":0,"gold_gain":0,"player_choice":"Lose Max HP","damage_taken":0,"relics_obtained":["Golden Idol"],"max_hp_gain":0,"max_hp_loss":7,"event_name":"Golden Idol","floor":3,"gold_loss":0},{"damage_healed":0,"gold_gain":0,"player_choice":"Rummage","damage_taken":0,"relics_obtained":["WarpedTongs"],"max_hp_gain":0,"max_hp_loss":0,"event_name":"Accursed Blacksmith","floor":4,"gold_loss":0,"cards_obtained":["Pain"]},{"damage_healed":0,"gold_gain":0,"player_choice":"Trade","damage_taken":0,"relics_obtained":["FaceOfCleric"],"max_hp_gain":0,"max_hp_loss":0,"event_name":"FaceTrader","floor":12,"gold_loss":0},{"damage_healed":0,"gold_gain":0,"player_choice":"Fought Bandits","damage_taken":0,"max_hp_gain":0,"max_hp_loss":0,"event_name":"Masked Bandits","floor":24,"gold_loss":0},{"cards_removed":["Strike_B"],"damage_healed":0,"gold_gain":0,"player_choice":"Gave Gold","damage_taken":0,"max_hp_gain":0,"max_hp_loss":0,"event_name":"Beggar","floor":27,"gold_loss":75},{"damage_healed":0,"gold_gain":0,"player_choice":"Got Potions","damage_taken":0,"max_hp_gain":0,"max_hp_loss":0,"event_name":"Lab","floor":28,"gold_loss":0}],"is_beta":false,"boss_relics":[{"not_picked":["Fusion Hammer","SlaversCollar"],"picked":"Runic Pyramid"},{"not_picked":["Snecko Eye","FrozenCore"],"picked":"Velvet Choker"}],"items_purged_floors":[11,21],"is_endless":false,"potions_floor_spawned":[2,5,10,14,16,19,22,24,35],"killed_by":"Transient","ascension_level":20}}