{"host":"2461dio7vetlq1z3","time":1609904415,"event":{"mods":["2.2 Compatiblity","AchievementEnabler","BaseMod","Better Third Choice","Friendly Minions","Minty Spire (QoL Compilation)","Relic Stats","Spicy Shops","StSLib","Waifu the Spire"],"gold_per_floor":[113,123,123,142,161,188,188,223,274,310,336,363,363,21,21,104,104,124,136,145,45,66,106,106,168,168,168,168],"floor_reached":27,"playtime":1116,"items_purged":["Pain","Strike_P"],"score":646,"play_id":"23800290-8954-4f5b-b7f7-5bb4c67ab51a","local_time":"20210106044015","is_ascension_mode":true,"campfire_choices":[{"floor":7,"key":"REST"},{"floor":13,"key":"REST"},{"data":"Ragnarok","floor":15,"key":"SMITH"},{"floor":24,"key":"REST"}],"circlet_count":0,"master_deck":["AscendersBane","Strike_P","Strike_P","Strike_P","Defend_P","Defend_P","Defend_P","Defend_P","Eruption","Vigilance","CutThroughFate+1","Crescendo","EmptyBody","CarveReality+1","Ragnarok+1","Meditate","Halt","Tantrum","FollowUp","Indignation","Wish","Protect","J.A.X.","Study","Vengeance+1","Ragnarok"],"relics":["SlaversCollar","WarpedTongs","Gremlin Horn","Matryoshka","Darkstone Periapt","PreservedInsect","CeramicFish","Centennial Puzzle","Sozu","TungstenRod","Oddly Smooth Stone","Whetstone","Incense Burner"],"acts_visited":["Exordium","TheCity"],"potions_floor_usage":[6,8,11],"damage_taken":[{"damage":6,"enemies":"2 Louse","floor":1,"turns":3},{"damage":0,"enemies":"Cultist","floor":2,"turns":4},{"damage":11,"enemies":"Small Slimes","floor":4,"turns":3},{"damage":20,"enemies":"2 Fungi Beasts","floor":5,"turns":3},{"damage":19,"enemies":"3 Sentries","floor":6,"turns":9},{"damage":14,"enemies":"Lagavulin","floor":8,"turns":4},{"damage":6,"enemies":"3 Sentries","floor":10,"turns":4},{"damage":0,"enemies":"3 Louse","floor":11,"turns":2},{"damage":4,"enemies":"Looter","floor":12,"turns":4},{"damage":0,"enemies":"Slime Boss","floor":16,"turns":3},{"damage":1,"enemies":"Shell Parasite","floor":18,"turns":2},{"damage":15,"enemies":"3 Byrds","floor":19,"turns":3},{"damage":12,"enemies":"Shelled Parasite and Fungi","floor":22,"turns":2},{"damage":23,"enemies":"Book of Stabbing","floor":23,"turns":4},{"damage":13,"enemies":"Gremlin Leader","floor":25,"turns":3},{"damage":0,"enemies":"Snecko","floor":27,"turns":2}],"seed_played":"-577006346340340741","potions_obtained":[{"floor":1,"key":"Swift Potion"},{"floor":6,"key":"Weak Potion"},{"floor":10,"key":"StancePotion"},{"floor":12,"key":"Block Potion"}],"is_trial":false,"path_per_floor":["M","M","?","M","M","E","R","E","T","E","M","M","R","$","R","B",null,"M","M","?","$","M","E","R","E","T","M"],"character_chosen":"WATCHER","items_purchased":["Indignation","Centennial Puzzle"],"campfire_rested":3,"item_purchase_floors":[14,14],"current_hp_per_floor":[55,55,55,44,24,5,25,11,11,5,5,1,21,21,21,21,56,55,40,40,40,28,5,25,12,12,12,12],"gold":168,"neow_bonus":"BOSS_RELIC","is_daily":false,"chose_seed":false,"campfire_upgraded":1,"win_rate":0.0,"timestamp":1609904415,"path_taken":["M","M","?","M","M","E","R","E","T","E","?","?","R","?","R","BOSS","M","M","?","$","M","E","R","E","T","M"],"items_purchased_type":["Card","Relic"],"build_version":"2020-12-22","purchased_purges":2,"victory":false,"max_hp_per_floor":[68,68,68,68,68,68,68,68,68,68,68,68,68,68,68,68,68,68,68,68,68,68,68,68,68,68,68,68],"relic_stats":{"Darkstone Periapt":0,"Sozu":2,"Centennial Puzzle":[15],"Gremlin Horn":[7,7],"counters":[16,55],"CeramicFish":90,"PreservedInsect":123,"Whetstone":["CarveReality","CutThroughFate"],"obtain_stats":[{"Darkstone Periapt":9,"Gremlin Horn":6,"CeramicFish":10,"Oddly Smooth Stone":25,"PreservedInsect":9,"Incense Burner":26,"Whetstone":26,"WarpedTongs":3,"Sozu":17,"SlaversCollar":0,"Centennial Puzzle":14,"Matryoshka":8,"PureWater":0,"TungstenRod":23},{"Darkstone Periapt":6,"Gremlin Horn":5,"CeramicFish":7,"Oddly Smooth Stone":15,"PreservedInsect":6,"Incense Burner":15,"Whetstone":15,"WarpedTongs":2,"Sozu":10,"SlaversCollar":0,"Centennial Puzzle":9,"Matryoshka":6,"PureWater":0,"TungstenRod":14},{"Darkstone Periapt":26,"Gremlin Horn":22,"CeramicFish":30,"Oddly Smooth Stone":53,"PreservedInsect":26,"Incense Burner":53,"Whetstone":53,"WarpedTongs":7,"Sozu":39,"SlaversCollar":0,"Centennial Puzzle":36,"Matryoshka":26,"PureWater":0,"TungstenRod":50}],"TungstenRod":3,"WarpedTongs":[48]},"card_choices":[{"not_picked":["Collect","Prostrate"],"picked":"CutThroughFate","floor":1},{"not_picked":["Protect","Evaluate"],"picked":"Crescendo","floor":2},{"not_picked":["Crescendo","DeceiveReality"],"picked":"EmptyBody","floor":4},{"not_picked":["CutThroughFate","Sanctity"],"picked":"CarveReality","floor":5},{"not_picked":["Crescendo","FlurryOfBlows"],"picked":"Ragnarok","floor":6},{"not_picked":["Establishment","PathToVictory"],"picked":"Meditate","floor":8},{"not_picked":["CutThroughFate","Sanctity"],"picked":"Halt","floor":10},{"not_picked":["Indignation","CutThroughFate"],"picked":"Tantrum","floor":11},{"not_picked":["JustLucky","WindmillStrike"],"picked":"FollowUp","floor":12},{"not_picked":["Blasphemy","SpiritShield"],"picked":"Wish","floor":16},{"not_picked":["SashWhip","BowlingBash"],"picked":"Protect","floor":18},{"not_picked":["JustLucky","BowlingBash","PathToVictory"],"picked":"SKIP","floor":19},{"not_picked":["FollowUp","Tantrum"],"picked":"Study","floor":22},{"not_picked":["FlyingSleeves","FollowUp"],"picked":"Vengeance+1","floor":23},{"not_picked":["PathToVictory","BowlingBash"],"picked":"Ragnarok","floor":25}],"player_experience":1061793,"relics_obtained":[{"floor":6,"key":"Gremlin Horn"},{"floor":8,"key":"Matryoshka"},{"floor":9,"key":"Darkstone Periapt"},{"floor":9,"key":"PreservedInsect"},{"floor":10,"key":"CeramicFish"},{"floor":23,"key":"TungstenRod"},{"floor":25,"key":"Oddly Smooth Stone"},{"floor":26,"key":"Whetstone"},{"floor":26,"key":"Incense Burner"}],"event_choices":[{"damage_healed":0,"gold_gain":0,"player_choice":"Rummage","damage_taken":0,"relics_obtained":["WarpedTongs"],"max_hp_gain":0,"max_hp_loss":0,"event_name":"Accursed Blacksmith","floor":3,"gold_loss":0,"cards_obtained":["Pain"]},{"damage_healed":0,"gold_gain":0,"player_choice":"Obtain J.A.X.","damage_taken":0,"max_hp_gain":0,"max_hp_loss":0,"event_name":"Drug Dealer","floor":20,"gold_loss":0,"cards_obtained":["J.A.X."]}],"is_beta":false,"boss_relics":[{"not_picked":["Empty Cage","Velvet Choker"],"picked":"Sozu"}],"items_purged_floors":[14,21],"is_endless":false,"potions_floor_spawned":[1,6,10,12,19,23],"killed_by":"Snecko","ascension_level":20}}