{"host":"flm17o2q7bfjyna6","time":1609946263,"event":{"mods":["2.2 Compatiblity","Act Like it!","BaseMod","Better Altar","Better Match","Better Note","Better Sensory Stone","Better Skull","Better Third Choice","Better Vampires","Colored Map","Colored Powertips","DeckTracker","Hermit","Minty Spire (QoL Compilation)","Quick Restart","Replay The Spire","Reworked Bosses","Spicy Shops","StSLib","Wandering Minibosses"],"gold_per_floor":[114,129,144,144,159,159,174,189,264,214,214,214,17,47,47,147,147,162,177,177,192,132,132,147,162,187,187,2,17,47,62,62,162,162,177,207,222,237,252,252,15,15,65,80,80,95,95,125,125,141],"floor_reached":51,"playtime":3759,"items_purged":["Strike_G","Doubt"],"score":703,"play_id":"08d46ea4-8bbe-4b3a-99a6-592b08c131e9","local_time":"20210106101743","daily_mods":["Cursed Run","Uncertain Future","Binary"],"is_ascension_mode":false,"campfire_choices":[{"data":"Dagger Spray","floor":6,"key":"SMITH"},{"data":"Neutralize","floor":11,"key":"SMITH"},{"data":"Apotheosis","floor":15,"key":"SMITH"},{"data":"Panacea","floor":23,"key":"SMITH"},{"data":"Corpse Explosion","floor":32,"key":"SMITH"},{"floor":45,"key":"REST"},{"data":"PiercingWail","floor":47,"key":"SMITH"},{"data":"ReplayTheSpireMod:Faulty Equipment","floor":49,"key":"SMITH"}],"circlet_count":0,"master_deck":["Defend_G+1","Defend_G","Defend_G","Survivor","Neutralize+1","Hidden Blade","Leg Sweep","Dagger Spray+1","Inflame+1","Immolate","Dash","PiercingWail+1","Riddle With Holes+1","Apotheosis+1","Master of Strategy+1","Panacea+1","Voices","Corpse Explosion+1","Slice+1","Decay","Backstab+1","ReplayTheSpireMod:Exploit Weakness+1","Decay","Bite","Bite+1","Bite","Shame","Endless Agony+1","Poisoned Stab+1","Parasite","Riddle With Holes+1","Predator+1","Sucker Punch+1","Hidden Blade+1","Writhe","ReplayTheSpireMod:Scrap Shanks+1","Spreading Infection"],"relics":["Cursed Key","Darkstone Periapt","Du-Vu Doll","Replay:WaspNest","HandDrill","ReplayTheSpireMod:ShopPack","Mirror","Black Star","Ninja Scroll","Oddly Smooth Stone","Membership Card","War Paint","Gremlin Food","Pen Nib","Astrolabe","Tingsha","Whetstone","ClockworkSouvenir","Bottled Tornado","Bronze Scales","Replay:Bandana","Centennial Puzzle"],"acts_visited":["Exordium","TheCity","TheBeyond"],"potions_floor_usage":[18,50,50],"damage_taken":[{"damage":0,"enemies":"Small Slimes","floor":1,"turns":4},{"damage":0,"enemies":"2 Louse","floor":2,"turns":3},{"damage":1,"enemies":"Cultist","floor":3,"turns":4},{"damage":0,"enemies":"2 Fungi Beasts","floor":5,"turns":2},{"damage":0,"enemies":"Blue Slaver","floor":7,"turns":3},{"damage":0,"enemies":"Exordium Wildlife","floor":8,"turns":2},{"damage":0,"enemies":"Gremlin Nob","floor":14,"turns":4},{"damage":16,"enemies":"Fading Forest","floor":16,"turns":11},{"damage":3,"enemies":"2 Thieves","floor":18,"turns":3},{"damage":2,"enemies":"3 Byrds","floor":19,"turns":2},{"damage":0,"enemies":"Centurion and Healer","floor":21,"turns":4},{"damage":2,"enemies":"Chosen and Byrds","floor":24,"turns":3},{"damage":8,"enemies":"Cultist and Chosen","floor":25,"turns":4},{"damage":0,"enemies":"Snake Plant","floor":29,"turns":2},{"damage":4,"enemies":"Replay:Snechameleon","floor":30,"turns":3},{"damage":0,"enemies":"3 Cultists","floor":31,"turns":1},{"damage":16,"enemies":"Pondfish","floor":33,"turns":7},{"damage":0,"enemies":"3 Darklings","floor":35,"turns":1},{"damage":22,"enemies":"2 Orb Walkers","floor":36,"turns":3},{"damage":0,"enemies":"3 Shapes","floor":37,"turns":1},{"damage":22,"enemies":"Transient","floor":38,"turns":5},{"damage":0,"enemies":"Sphere and 2 Shapes","floor":39,"turns":2},{"damage":13,"enemies":"Writhing Mass","floor":44,"turns":3},{"damage":18,"enemies":"Spire Growth","floor":46,"turns":3},{"damage":2,"enemies":"Nemesis","floor":48,"turns":4},{"damage":48,"enemies":"Replay:Hell Engine","floor":50,"turns":5}],"seed_played":"-5218424555718163201","potions_obtained":[{"floor":2,"key":"LiquidMemories"},{"floor":3,"key":"Block Potion"},{"floor":5,"key":"SpeedPotion"},{"floor":14,"key":"SkillPotion"},{"floor":18,"key":"AttackPotion"},{"floor":29,"key":"Regen Potion"}],"is_trial":false,"path_per_floor":["M","M","M","?","M","R","M","M","T","?","R","?","$","E","R","B",null,"M","M","T","M","?","R","M","M","T","?","$","M","E","M","R","B",null,"M","?","M","M","M","?","$","?","T","M","R","M","R","E","R","B",null],"character_chosen":"THE_SILENT","items_purchased":["HandDrill","ReplayTheSpireMod:ShopPack","Membership Card","War Paint","Whetstone","ClockworkSouvenir","Bottled Tornado"],"campfire_rested":1,"item_purchase_floors":[13,13,28,28,41,41,41],"current_hp_per_floor":[70,70,69,44,46,46,48,50,56,56,56,56,62,64,64,66,88,85,85,91,93,93,93,92,86,92,92,98,101,103,103,103,95,112,112,90,90,72,72,106,106,106,112,99,124,112,112,117,117,93],"gold":141,"neow_bonus":"","is_daily":true,"chose_seed":false,"campfire_upgraded":7,"win_rate":0.0,"timestamp":1609946263,"path_taken":["M","M","M","?","M","R","M","M","T","?","R","?","$","E","R","BOSS","M","M","?","M","?","R","M","M","T","?","$","M","E","M","R","BOSS","M","?","M","M","M","?","$","?","T","M","R","M","R","E","R","BOSS"],"items_purchased_type":["Relic","Relic","Relic","Relic","Relic","Relic","Relic"],"build_version":"2020-12-22","purchased_purges":2,"victory":true,"max_hp_per_floor":[70,70,70,70,70,70,70,70,76,76,76,76,82,82,82,88,88,88,88,94,94,94,94,94,94,100,100,106,106,106,106,106,112,112,112,112,112,112,112,118,118,118,124,124,124,124,124,124,124,130],"card_choices":[{"not_picked":["Backflip"],"picked":"Hidden Blade","floor":1},{"not_picked":["Hidden Blade"],"picked":"Leg Sweep","floor":2},{"not_picked":["Underhanded Strike"],"picked":"Dagger Spray","floor":3},{"not_picked":["Backflip"],"picked":"Dash","floor":5},{"not_picked":["Skewer"],"picked":"PiercingWail","floor":7},{"not_picked":["Storm of Steel"],"picked":"Riddle With Holes","floor":8},{"not_picked":["Thinking Ahead"],"picked":"Apotheosis","floor":13},{"not_picked":["Enlightenment"],"picked":"Master of Strategy","floor":13},{"not_picked":["Dark Shackles"],"picked":"Panacea","floor":13},{"not_picked":["A Thousand Cuts","Outmaneuver"],"picked":"SKIP","floor":14},{"not_picked":["Malaise"],"picked":"Corpse Explosion","floor":16},{"not_picked":["Dodge and Roll","Deadly Poison+1"],"picked":"SKIP","floor":18},{"not_picked":["Riddle With Holes"],"picked":"Slice+1","floor":19},{"not_picked":["Finisher"],"picked":"Backstab+1","floor":21},{"not_picked":["Bane","Blade Dance"],"picked":"SKIP","floor":24},{"not_picked":["Backflip"],"picked":"ReplayTheSpireMod:Exploit Weakness","floor":25},{"not_picked":["Hidden Blade"],"picked":"Endless Agony+1","floor":29},{"not_picked":["Bane+1"],"picked":"Poisoned Stab+1","floor":30},{"not_picked":["Poisoned Stab"],"picked":"Backstab","floor":31},{"not_picked":["Skewer+1"],"picked":"Prepared","floor":35},{"not_picked":["Slice+1"],"picked":"Hidden Blade+1","floor":36},{"not_picked":["Backflip","Replay:Poison Smokescreen+1"],"picked":"SKIP","floor":37},{"not_picked":["Bane+1","Underhanded Strike"],"picked":"SKIP","floor":38},{"not_picked":["Flying Knee+1","Slice+1"],"picked":"SKIP","floor":39},{"not_picked":["Hidden Blade","Endless Agony"],"picked":"SKIP","floor":44},{"not_picked":["Endless Agony","Deadly Poison+1"],"picked":"SKIP","floor":46},{"not_picked":["ReplayTheSpireMod:Speed Training"],"picked":"ReplayTheSpireMod:Scrap Shanks+1","floor":48}],"player_experience":1635773,"relics_obtained":[{"floor":9,"key":"Replay:WaspNest"},{"floor":14,"key":"Mirror"},{"floor":20,"key":"Ninja Scroll"},{"floor":26,"key":"Oddly Smooth Stone"},{"floor":30,"key":"Gremlin Food"},{"floor":30,"key":"Pen Nib"},{"floor":36,"key":"Tingsha"},{"floor":43,"key":"Bronze Scales"},{"floor":48,"key":"Replay:Bandana"},{"floor":48,"key":"Centennial Puzzle"}],"event_choices":[{"damage_healed":0,"gold_gain":1,"player_choice":"Card Relic Card ","damage_taken":25,"max_hp_gain":0,"max_hp_loss":0,"event_name":"betterThird:BetterScrap","floor":4,"gold_loss":0,"cards_obtained":["Inflame","Immolate"]},{"cards_removed":["Strike_G"],"damage_healed":0,"gold_gain":0,"player_choice":"Card Removal","damage_taken":0,"max_hp_gain":0,"max_hp_loss":0,"event_name":"The Cleric","floor":10,"gold_loss":50},{"cards_removed":["Shame"],"damage_healed":0,"gold_gain":0,"player_choice":"Removed Curses","damage_taken":0,"max_hp_gain":0,"max_hp_loss":0,"event_name":"Fountain of Cleansing","floor":12,"gold_loss":0},{"damage_healed":0,"gold_gain":0,"player_choice":"Became a vampire (Vial)","damage_taken":0,"max_hp_gain":0,"max_hp_loss":0,"event_name":"Vampires","floor":27,"relics_lost":["Blood Vial"],"gold_loss":0,"cards_obtained":["Bite","Bite","Bite"]},{"damage_healed":0,"gold_gain":0,"player_choice":"Fight","damage_taken":0,"max_hp_gain":0,"max_hp_loss":0,"event_name":"Mysterious Sphere","floor":36,"gold_loss":0},{"damage_healed":28,"gold_gain":0,"player_choice":"Writhe","damage_taken":0,"max_hp_gain":0,"max_hp_loss":0,"event_name":"Winding Halls","floor":40,"gold_loss":0,"cards_obtained":["Writhe"]},{"cards_removed":["Prepared"],"damage_healed":0,"gold_gain":0,"player_choice":"Removed Skill","damage_taken":0,"max_hp_gain":0,"max_hp_loss":0,"event_name":"Falling","floor":42,"gold_loss":0}],"is_beta":false,"boss_relics":[{"not_picked":["Replay:Wanted Poster","SacredBark"],"picked":"Black Star"},{"not_picked":["Replay:Grab Bag","Runic Pyramid"],"picked":"Astrolabe"}],"items_purged_floors":[13,28],"is_endless":false,"potions_floor_spawned":[2,3,5,14,16,18,21,29,31,36,44,46],"ascension_level":0}}