{"host":"d40xu1tklzkpvzv9","time":1609936631,"event":{"mods":["Aspiration","BaseMod","BetterRewards","Colored Map","Colored Powertips","Conspire","Custom Start","DeckTracker","Downfall","Highlight Path","Hubris","Infinite Spire","Mimic Mod","Minty Spire (QoL Compilation)","Quick Restart","Replay The Spire","StSLib","SuperFastMode"],"gold_per_floor":[110,130,55,230,240,272,272,272,272],"floor_reached":8,"playtime":457,"items_purged":[],"score":56,"play_id":"f674cc33-28c0-436a-88b2-87b1936e24ec","local_time":"20210106133711","is_ascension_mode":false,"campfire_choices":[{"floor":7,"key":"REST"}],"circlet_count":0,"master_deck":["Strike_G","Strike_G","Strike_G","Strike_G","Strike_G","Defend_G","Defend_G","Defend_G","Defend_G","Defend_G","Survivor","Neutralize","Panacea","Mayhem","Predator","Blade Dance","Hidden Blade","Noxious Fumes","Doubt","Cloak And Dagger"],"relics":["Ring of the Snake","hubris:AstralHammer","ReplayFunnel"],"acts_visited":[],"potions_floor_usage":[],"damage_taken":[{"damage":0,"enemies":"Small Slimes","floor":1,"turns":5},{"damage":1,"enemies":"Jaw Worm","floor":2,"turns":3},{"damage":1,"enemies":"2 Louse","floor":5,"turns":3},{"damage":16,"enemies":"Lagavulin","floor":6,"turns":7},{"damage":37,"enemies":"Nightmare","floor":8,"turns":6}],"seed_played":"1659523160311704522","potions_obtained":[{"floor":6,"key":"Explosive Potion"}],"is_trial":false,"path_per_floor":["M","M","$","?","M","E","R","NM"],"character_chosen":"THE_SILENT","items_purchased":["Mayhem","Predator","Noxious Fumes"],"campfire_rested":1,"item_purchase_floors":[0,0,3],"current_hp_per_floor":[36,35,35,35,34,18,39,2,2],"gold":272,"neow_bonus":"","is_daily":false,"chose_seed":false,"campfire_upgraded":0,"win_rate":0.0,"timestamp":1609936631,"path_taken":["M","M","$","?","M","E","R","NM"],"items_purchased_type":["Card","Card","Card"],"build_version":"2020-12-22","purchased_purges":0,"victory":false,"max_hp_per_floor":[70,70,70,70,70,70,70,70,70],"card_choices":[{"not_picked":["Acrobatics","Deflect"],"picked":"Blade Dance","floor":1},{"not_picked":["Outmaneuver","Deflect"],"picked":"Hidden Blade","floor":2},{"not_picked":["Concentrate","Replay:Poison Smokescreen"],"picked":"Cloak And Dagger","floor":5},{"not_picked":["ReplayTheSpireMod:Tripwire","Quick Slash","Slice"],"picked":"SKIP","floor":6}],"player_experience":121567,"relics_obtained":[{"floor":6,"key":"ReplayFunnel"}],"event_choices":[{"damage_healed":0,"gold_gain":175,"player_choice":"AGREE","damage_taken":0,"max_hp_gain":0,"max_hp_loss":0,"event_name":"Liars Game","floor":4,"gold_loss":0,"cards_obtained":["Doubt"]}],"is_beta":false,"boss_relics":[],"items_purged_floors":[],"is_endless":false,"potions_floor_spawned":[6],"killed_by":"Nightmare","ascension_level":0}}