{"host":"61r95uy0hn86b9iu","time":1609894384,"event":{"mods":["AchievementEnabler","BaseMod","Better Vampires","BetterRewards","Colored Powertips","Hubris","Minty Spire (QoL Compilation)","Shop Mod","StSLib"],"gold_per_floor":[111,111,111,111,131,131,159,175,175,203,235,235,246,276,276,350,350,370,98,98,23,34,34,53,71,71,87,87,87],"floor_reached":28,"playtime":929,"items_purged":["Dual Wield"],"score":430,"play_id":"9ee7aa06-653c-4170-99d2-6f688b41c264","local_time":"20210105185304","is_ascension_mode":true,"campfire_choices":[{"data":"Carnage","floor":6.0,"key":"SMITH"},{"data":"Inflame","floor":12.0,"key":"SMITH"},{"floor":15.0,"key":"REST"},{"floor":23.0,"key":"REST"}],"circlet_count":0,"master_deck":["AscendersBane","Bash","Shockwave","Carnage+1","Clothesline","Inflame+1","Pommel Strike","Double Tap","Spot Weakness","Iron Wave","hubris:SharpeningStone","Demon Form","Reckless Charge","Burning Pact","hubris:CleavingFinish","Seeing Red","Seeing Red+1","Apotheosis","Pommel Strike+1"],"relics":["Burning Blood","NeowsBlessing","Du-Vu Doll","Calipers","Odd Mushroom","Bottled Tornado","Ice Cream","Pandora\u0027s Box","hubris:Towel","Gremlin Horn"],"acts_visited":["Exordium","TheCity"],"potions_floor_usage":[],"damage_taken":[{"damage":0.0,"enemies":"Jaw Worm","floor":1.0,"turns":1.0},{"damage":0.0,"enemies":"Small Slimes","floor":5.0,"turns":1.0},{"damage":0.0,"enemies":"Gremlin Nob","floor":7.0,"turns":1.0},{"damage":16.0,"enemies":"2 Louse","floor":8.0,"turns":2.0},{"damage":4.0,"enemies":"The Mushroom Lair","floor":10.0,"turns":4.0},{"damage":25.0,"enemies":"Lagavulin","floor":11.0,"turns":7.0},{"damage":8.0,"enemies":"Looter","floor":13.0,"turns":2.0},{"damage":10.0,"enemies":"The Guardian","floor":16.0,"turns":8.0},{"damage":51.0,"enemies":"3 Byrds","floor":18.0,"turns":6.0},{"damage":24.0,"enemies":"2 Thieves","floor":22.0,"turns":4.0},{"damage":0.0,"enemies":"Cultist and Chosen","floor":24.0,"turns":5.0},{"damage":24.0,"enemies":"Snake Plant","floor":25.0,"turns":3.0},{"damage":11.0,"enemies":"Sentry and Sphere","floor":27.0,"turns":3.0},{"damage":27,"enemies":"Shelled Parasite and Fungi","floor":28,"turns":2}],"seed_played":"994492296425409181","potions_obtained":[{"floor":7.0,"key":"EssenceOfSteel"},{"floor":10.0,"key":"Fruit Juice"},{"floor":11.0,"key":"ColorlessPotion"},{"floor":13.0,"key":"Fruit Juice"},{"floor":18.0,"key":"SkillPotion"},{"floor":22.0,"key":"Fire Potion"}],"is_trial":false,"path_per_floor":["M","?","?","?","M","R","E","M","T","?","E","R","M","?","R","B",null,"M","$","?","?","M","R","M","M","T","M","M"],"character_chosen":"IRONCLAD","items_purchased":["Apotheosis"],"campfire_rested":2,"item_purchase_floors":[19],"current_hp_per_floor":[74,59,59,59,65,65,71,61,61,68,49,49,52,52,77,73,82,37,37,37,37,19,44,50,32,32,27,0,0],"gold":87,"neow_bonus":"THREE_ENEMY_KILL","is_daily":false,"chose_seed":false,"campfire_upgraded":2,"win_rate":0.0,"timestamp":1609894384,"path_taken":["M","?","?","?","M","R","E","?","T","?","E","R","M","?","R","BOSS","M","$","?","?","M","R","M","?","T","M","M"],"items_purchased_type":["Card"],"build_version":"2020-12-22","purchased_purges":1,"victory":false,"max_hp_per_floor":[75,75,75,75,75,75,75,75,75,80,80,80,85,85,85,85,85,85,85,85,85,85,85,85,85,85,85,85,85],"card_choices":[{"not_picked":["Havoc","Thunderclap"],"picked":"Shockwave","floor":1.0},{"not_picked":["Armaments","Thunderclap"],"picked":"Clothesline","floor":5.0},{"not_picked":["Rampage","Rage"],"picked":"Inflame","floor":7.0},{"not_picked":["Havoc","Armaments"],"picked":"Pommel Strike","floor":8.0},{"not_picked":["Headbutt","Fire Breathing"],"picked":"Double Tap","floor":10.0},{"not_picked":["Perfected Strike","Flex"],"picked":"Spot Weakness","floor":11.0},{"not_picked":["Combust","Headbutt"],"picked":"Iron Wave","floor":13.0},{"not_picked":["Searing Blow","Twin Strike"],"picked":"Seeing Red+1","floor":18.0},{"not_picked":["Armaments","hubris:SharpeningStone"],"picked":"Pommel Strike+1","floor":22.0},{"not_picked":["Iron Wave","Infernal Blade","Warcry"],"picked":"SKIP","floor":24.0},{"not_picked":["Impervious","Reckless Charge","hubris:ReadiedAction"],"picked":"SKIP","floor":25.0},{"not_picked":["Wild Strike","Dropkick","Intimidate"],"picked":"SKIP","floor":27.0}],"player_experience":3233777,"relics_obtained":[{"floor":7.0,"key":"Du-Vu Doll"},{"floor":9.0,"key":"Calipers"},{"floor":10.0,"key":"Odd Mushroom"},{"floor":11.0,"key":"Bottled Tornado"},{"floor":26.0,"key":"Gremlin Horn"}],"event_choices":[{"damage_healed":0.0,"max_hp_gain":0.0,"max_hp_loss":0.0,"gold_gain":0.0,"event_name":"Shining Light","player_choice":"Entered Light","floor":2.0,"gold_loss":0.0,"damage_taken":15.0,"cards_upgraded":["Strike_R","Defend_R"]},{"cards_removed":["Strike_R"],"damage_healed":0.0,"max_hp_gain":0.0,"max_hp_loss":0.0,"gold_gain":0.0,"event_name":"Living Wall","player_choice":"Forget","floor":3.0,"gold_loss":0.0,"damage_taken":0.0},{"damage_healed":0.0,"max_hp_gain":0.0,"max_hp_loss":0.0,"gold_gain":0.0,"event_name":"Mushrooms","player_choice":"Fought Mushrooms","floor":10.0,"gold_loss":0.0,"damage_taken":0.0},{"damage_healed":0.0,"max_hp_gain":0.0,"max_hp_loss":0.0,"gold_gain":30.0,"event_name":"Dead Adventurer","player_choice":"Searched \u00273\u0027 times","floor":14.0,"gold_loss":0.0,"damage_taken":0.0,"relics_obtained":["Ice Cream"]},{"cards_removed":["Rupture"],"damage_healed":0.0,"max_hp_gain":0.0,"max_hp_loss":0.0,"gold_gain":0.0,"event_name":"Beggar","player_choice":"Gave Gold","floor":21.0,"gold_loss":75.0,"damage_taken":0.0}],"is_beta":false,"boss_relics":[{"not_picked":["Philosopher\u0027s Stone","Fusion Hammer"],"picked":"Pandora\u0027s Box"}],"items_purged_floors":[19],"is_endless":false,"potions_floor_spawned":[7,10,11,13,18,22],"killed_by":"Shelled Parasite and Fungi","ascension_level":14}}