{"host":"jx3f6ezc0g3s9edc","time":1609896670,"event":{"mods":["AchievementEnabler","BaseMod","Bestiary","Colored Map","Highlight Path","Minty Spire (QoL Compilation)","StSLib"],"gold_per_floor":[117,42,54,4,4,4,29,29,29,63,80,80,80,113,113,218,218,237,42,42,56,80,80,80,80,128,147,147,127,127,153,153,153,153],"floor_reached":33,"playtime":2013,"items_purged":["Strike_B","Strike_B"],"score":360,"play_id":"dddee840-c7c1-4603-a5a1-efcd41f24341","local_time":"20210105203110","is_ascension_mode":true,"campfire_choices":[{"data":"Zap","floor":6.0,"key":"SMITH"},{"data":"Hologram","floor":8.0,"key":"SMITH"},{"floor":15.0,"key":"REST"},{"data":"Redo","floor":23,"key":"SMITH"},{"data":"Conserve Battery","floor":25,"key":"SMITH"},{"data":"Self Repair","floor":28,"key":"SMITH"},{"data":"Self Repair","floor":30,"key":"SMITH"},{"data":"Reinforced Body","floor":32,"key":"SMITH"}],"circlet_count":0,"master_deck":["Defend_B","Defend_B","Defend_B","Zap+1","Dualcast","Hologram+1","Conserve Battery+1","Self Repair+1","Ball Lightning","Reinforced Body+1","Self Repair+1","Skim","Echo Form","Doom and Gloom","Ball Lightning","Redo+1","Heatsinks","Consume+1","Auto Shields+1"],"relics":["Cracked Core","Juzu Bracelet","Mummified Hand","Tiny Chest","InkBottle","Coffee Dripper","Lantern","Boot","Regal Pillow"],"acts_visited":["Exordium","TheCity"],"potions_floor_usage":[31],"damage_taken":[{"damage":7.0,"enemies":"Jaw Worm","floor":1.0,"turns":3.0},{"damage":0.0,"enemies":"Cultist","floor":3.0,"turns":4.0},{"damage":13.0,"enemies":"Lagavulin","floor":7.0,"turns":5.0},{"damage":43.0,"enemies":"3 Sentries","floor":10.0,"turns":7.0},{"damage":0.0,"enemies":"2 Louse","floor":11.0,"turns":2.0},{"damage":3.0,"enemies":"Gremlin Nob","floor":14.0,"turns":3.0},{"damage":53.0,"enemies":"Hexaghost","floor":16.0,"turns":12.0},{"damage":10,"enemies":"Chosen","floor":18,"turns":6},{"damage":21,"enemies":"2 Thieves","floor":21,"turns":3},{"damage":8,"enemies":"Snecko","floor":27,"turns":4},{"damage":33,"enemies":"Gremlin Leader","floor":31,"turns":5},{"damage":62,"enemies":"Champ","floor":33,"turns":9}],"seed_played":"2757429397713512961","potions_obtained":[{"floor":1.0,"key":"GamblersBrew"},{"floor":5.0,"key":"Ancient Potion"},{"floor":5.0,"key":"AttackPotion"},{"floor":10.0,"key":"Fire Potion"},{"floor":11.0,"key":"SneckoOil"},{"floor":18,"key":"FearPotion"},{"floor":29,"key":"DistilledChaos"}],"is_trial":false,"path_per_floor":["M","$","M","?","?","R","E","R","T","E","M","?","?","E","R","B",null,"M","$","?","M","T","R","?","R","T","M","R","?","R","E","R","B"],"character_chosen":"DEFECT","items_purchased":["Ball Lightning","Redo"],"campfire_rested":1,"item_purchase_floors":[19,19],"current_hp_per_floor":[68,68,68,68,68,68,55,55,55,19,19,19,19,30,54,15,65,76,76,76,69,69,69,69,69,69,68,68,68,68,55,55,0,0],"gold":153,"neow_bonus":"TEN_PERCENT_HP_BONUS","is_daily":false,"chose_seed":false,"campfire_upgraded":7,"win_rate":0.0,"timestamp":1609896670,"path_taken":["M","$","M","?","?","R","E","R","T","E","M","?","?","E","R","BOSS","M","$","?","M","?","R","?","R","T","M","R","?","R","E","R","BOSS"],"items_purchased_type":["Card","Card"],"build_version":"2020-12-22","purchased_purges":2,"victory":false,"max_hp_per_floor":[82,82,82,82,82,82,82,82,82,82,82,82,82,82,82,82,82,82,82,82,82,82,82,82,82,82,82,82,82,82,82,82,82,82],"card_choices":[{"not_picked":["Streamline","Beam Cell"],"picked":"Hologram","floor":1.0},{"not_picked":["Beam Cell","Steam"],"picked":"Conserve Battery","floor":3.0},{"not_picked":["Scrape","Steam"],"picked":"Self Repair","floor":7.0},{"not_picked":["Compile Driver","Cold Snap"],"picked":"Ball Lightning","floor":10.0},{"not_picked":["Gash","Rip and Tear"],"picked":"Reinforced Body","floor":11.0},{"not_picked":["Force Field","Coolheaded"],"picked":"Skim","floor":14.0},{"not_picked":["Amplify","Creative AI"],"picked":"Echo Form","floor":16.0},{"not_picked":["Fusion","Cold Snap"],"picked":"Doom and Gloom","floor":18},{"not_picked":["FTL","Fusion+1"],"picked":"Consume+1","floor":21},{"not_picked":["Gash","Reinforced Body","Beam Cell"],"picked":"SKIP","floor":27},{"not_picked":["Machine Learning","Double Energy"],"picked":"Auto Shields+1","floor":31}],"player_experience":723340,"relics_obtained":[{"floor":7.0,"key":"Juzu Bracelet"},{"floor":9.0,"key":"Mummified Hand"},{"floor":10.0,"key":"Tiny Chest"},{"floor":14.0,"key":"InkBottle"},{"floor":22,"key":"Lantern"},{"floor":26,"key":"Boot"},{"floor":31,"key":"Regal Pillow"}],"event_choices":[{"cards_removed":["Defend_B"],"damage_healed":0.0,"max_hp_gain":0.0,"max_hp_loss":0.0,"gold_gain":0.0,"event_name":"The Cleric","player_choice":"Card Removal","floor":4.0,"gold_loss":50.0,"damage_taken":0.0},{"damage_healed":0.0,"max_hp_gain":0.0,"max_hp_loss":0.0,"gold_gain":0.0,"event_name":"Lab","player_choice":"Got Potions","floor":5.0,"gold_loss":0.0,"damage_taken":0.0},{"damage_healed":0.0,"max_hp_gain":0.0,"max_hp_loss":0.0,"gold_gain":0.0,"cards_transformed":["Strike_B"],"event_name":"Transmorgrifier","player_choice":"Transformed","floor":12.0,"gold_loss":0.0,"damage_taken":0.0,"cards_obtained":["Self Repair"]},{"damage_healed":0.0,"max_hp_gain":0.0,"max_hp_loss":0.0,"gold_gain":0.0,"event_name":"Golden Idol","player_choice":"Ignored","floor":13.0,"gold_loss":0.0,"damage_taken":0.0},{"damage_healed":0,"gold_gain":0,"cards_transformed":["Strike_B"],"player_choice":"Transformed","damage_taken":0,"max_hp_gain":0,"max_hp_loss":0,"event_name":"Transmorgrifier","floor":20,"gold_loss":0,"cards_obtained":["Heatsinks"]},{"damage_healed":0,"gold_gain":0,"player_choice":"Ignored","damage_taken":0,"max_hp_gain":0,"max_hp_loss":0,"event_name":"N\u0027loth","floor":24,"gold_loss":0},{"damage_healed":0,"gold_gain":0,"player_choice":"Bought 1 Potion","damage_taken":0,"max_hp_gain":0,"max_hp_loss":0,"event_name":"The Woman in Blue","floor":29,"gold_loss":0}],"is_beta":false,"boss_relics":[{"not_picked":["Empty Cage","Inserter"],"picked":"Coffee Dripper"}],"items_purged_floors":[2,19],"is_endless":false,"potions_floor_spawned":[1,10,11,18],"killed_by":"Champ","ascension_level":6}}