{"host":"d8d3jqle49sogkjv","time":1609966237,"event":{"mods":["BaseMod","Colored Map","Colored Powertips","Minty Spire (QoL Compilation)","StSLib"],"gold_per_floor":[109,122,46,63,79,79,254,254,254,33,33,49,64,81,81,81,81],"floor_reached":16,"playtime":368,"items_purged":[],"score":141,"play_id":"8ac2ee09-3b08-4a3e-9e7f-9e4d2164f48a","local_time":"20210106215037","is_ascension_mode":true,"campfire_choices":[{"data":"Redo","floor":6,"key":"SMITH"},{"floor":15,"key":"REST"}],"circlet_count":0,"master_deck":["AscendersBane","Strike_B","Strike_B","Strike_B","Strike_B","Defend_B","Defend_B+1","Defend_B","Defend_B","Zap","Dualcast","Sunder","Capacitor+1","Redo+1","Barrage","Doubt","Defragment+1","Loop","Conserve Battery"],"relics":["Cracked Core","NeowsBlessing","Cables","DataDisk"],"acts_visited":["Exordium"],"potions_floor_usage":[16],"damage_taken":[{"damage":0,"enemies":"Cultist","floor":1,"turns":1},{"damage":0,"enemies":"Small Slimes","floor":2,"turns":1},{"damage":0,"enemies":"Jaw Worm","floor":4,"turns":1},{"damage":12,"enemies":"Looter","floor":5,"turns":3},{"damage":10,"enemies":"Exordium Thugs","floor":12,"turns":3},{"damage":7,"enemies":"Large Slime","floor":13,"turns":5},{"damage":5,"enemies":"Gremlin Gang","floor":14,"turns":4},{"damage":41,"enemies":"Slime Boss","floor":16,"turns":8}],"seed_played":"-7945409572535364047","potions_obtained":[{"floor":1,"key":"LiquidBronze"},{"floor":4,"key":"Block Potion"},{"floor":13,"key":"GamblersBrew"}],"is_trial":false,"path_per_floor":["M","M","$","M","M","R","?","?","T","$","?","M","M","M","R","B"],"character_chosen":"DEFECT","items_purchased":["Capacitor","Defragment","DataDisk"],"campfire_rested":1,"item_purchase_floors":[3,10,10],"current_hp_per_floor":[68,68,68,68,56,56,56,41,41,41,41,31,24,19,41,0,0],"gold":81,"neow_bonus":"THREE_ENEMY_KILL","is_daily":false,"chose_seed":false,"campfire_upgraded":1,"win_rate":0.0,"timestamp":1609966237,"path_taken":["M","M","$","M","?","R","?","?","T","?","?","?","M","M","R","BOSS"],"items_purchased_type":["Card","Card","Relic"],"build_version":"2020-12-22","purchased_purges":0,"victory":false,"max_hp_per_floor":[75,75,75,75,75,75,75,75,75,75,75,75,75,75,75,75,75],"card_choices":[{"not_picked":["Static Discharge","Leap"],"picked":"Sunder","floor":1},{"not_picked":["Consume","Steam","Leap"],"picked":"SKIP","floor":2},{"not_picked":["Turbo","Ball Lightning"],"picked":"Redo","floor":4},{"not_picked":["Steam Power","Steam"],"picked":"Barrage","floor":5},{"not_picked":["Coolheaded","Stack"],"picked":"Loop","floor":12},{"not_picked":["Rebound","Sweeping Beam"],"picked":"Conserve Battery","floor":13},{"not_picked":["Darkness","Sunder","Skim"],"picked":"SKIP","floor":14}],"player_experience":385557,"relics_obtained":[{"floor":9,"key":"Cables"}],"event_choices":[{"damage_healed":0,"gold_gain":175,"player_choice":"AGREE","damage_taken":0,"max_hp_gain":0,"max_hp_loss":0,"event_name":"Liars Game","floor":7,"gold_loss":0,"cards_obtained":["Doubt"]},{"damage_healed":0,"gold_gain":0,"player_choice":"Entered Light","damage_taken":15,"max_hp_gain":0,"max_hp_loss":0,"event_name":"Shining Light","floor":8,"gold_loss":0,"cards_upgraded":["Defend_B","Capacitor"]},{"damage_healed":0,"gold_gain":0,"player_choice":"Upgraded","damage_taken":0,"max_hp_gain":0,"max_hp_loss":0,"event_name":"Upgrade Shrine","floor":11,"gold_loss":0,"cards_upgraded":["Defragment"]}],"is_beta":false,"boss_relics":[],"items_purged_floors":[],"is_endless":false,"potions_floor_spawned":[1,4,13],"killed_by":"Slime Boss","ascension_level":10}}