{"host":"56ghxnzsglgdq727","time":1609928472,"event":{"mods":["AchievementEnabler","BaseMod","Downfall","Minty Spire (QoL Compilation)","StSLib"],"gold_per_floor":[99,119,129,26,41,491,516,73,89,74,74,100,156,175,228,228,228,228],"floor_reached":16,"playtime":955,"items_purged":["Slimebound:Icky"],"score":109,"play_id":"74c56584-7c98-49e8-b4dc-0988fbb71cd6","local_time":"20210106052112","is_ascension_mode":true,"campfire_choices":[{"data":"Discovery","floor":1,"key":"SMITH"},{"data":"champ:Taunt","floor":11,"key":"SMITH"}],"circlet_count":0,"master_deck":["champ:Strike","champ:Strike","champ:Strike","champ:Strike","champ:Defend","champ:Defend","champ:Defend","champ:Defend","champ:Execute","champ:Taunt+1","Discovery+1","champ:FocusedDefense","champ:Circumvent","champ:BringItOn","Finesse","Slimebound:Icky","Slimebound:Icky","champ:LastStand","champ:SkillfulDodge","HandOfGreed","champ:ViciousMockery","champ:TornadoPunch","champ:DefensiveStyle"],"relics":["champ:ChampionCrown","Pen Nib","Ice Cream"],"acts_visited":["Exordium"],"potions_floor_usage":[10,12,15,16,16,16],"damage_taken":[{"damage":6,"enemies":"Cultist","floor":2,"turns":3},{"damage":7,"enemies":"2 Louse","floor":3,"turns":3},{"damage":10,"enemies":"downfall:FleeingMerchant","floor":4,"turns":4},{"damage":5,"enemies":"Jaw Worm","floor":5,"turns":5},{"damage":5,"enemies":"downfall:FleeingMerchant","floor":8,"turns":4},{"damage":0,"enemies":"Red Slaver","floor":9,"turns":3},{"damage":10,"enemies":"downfall:FleeingMerchant","floor":10,"turns":4},{"damage":30,"enemies":"Lagavulin","floor":12,"turns":8},{"damage":0,"enemies":"2 Fungi Beasts","floor":13,"turns":5},{"damage":4,"enemies":"Blue Slaver","floor":14,"turns":4},{"damage":18,"enemies":"Gremlin Gang","floor":15,"turns":5},{"damage":54,"enemies":"downfall:Silent","floor":16,"turns":9}],"seed_played":"2880762604636353442","potions_obtained":[{"floor":5,"key":"champ:CounterPotion"},{"floor":12,"key":"champ:UltimateStancePotion"},{"floor":13,"key":"Strength Potion"},{"floor":14,"key":"GamblersBrew"},{"floor":15,"key":"Slimebound:ThreeZeroPotion"}],"is_trial":false,"path_per_floor":["R","M","M","$","M","?","T","$","M","$","R","E","M","M","M","B"],"character_chosen":"THE_CHAMP","items_purchased":["Finesse","champ:SkillfulDodge","DistilledChaos","HandOfGreed"],"campfire_rested":0,"item_purchase_floors":[4,8,8,8],"current_hp_per_floor":[90,84,84,84,84,84,84,84,84,84,84,59,59,55,37,0,0,0],"gold":228,"neow_bonus":"RANDOM_COLORLESS","is_daily":false,"chose_seed":false,"campfire_upgraded":2,"win_rate":0.0,"timestamp":1609928472,"path_taken":["R","M","M","$","?","?","T","$","M","?","R","E","M","?","M","BOSS"],"items_purchased_type":["Card","Card","Potion","Card"],"build_version":"2020-12-22","purchased_purges":1,"victory":false,"max_hp_per_floor":[90,90,90,90,90,90,90,90,90,90,90,90,90,90,90,90,90,90],"card_choices":[{"not_picked":["expansioncontent:DarkVoid","Dark Shackles"],"picked":"Discovery","floor":0},{"not_picked":["champ:GladiatorStyle","champ:BladeFlurry"],"picked":"champ:FocusedDefense","floor":2},{"not_picked":["champ:Haymaker","champ:FanOfKnives"],"picked":"champ:Circumvent","floor":3},{"not_picked":["champ:CalledShot","champ:StanceDance"],"picked":"champ:BringItOn","floor":4},{"not_picked":["champ:Aggression","champ:AdrenalArmor","champ:StanceDance"],"picked":"SKIP","floor":5},{"not_picked":["champ:SwordSigil","champ:Haymaker"],"picked":"champ:LastStand","floor":8},{"not_picked":["champ:RageSigil","champ:DefensiveShout","champ:FanOfKnives"],"picked":"SKIP","floor":9},{"not_picked":["champ:Balance","champ:GutPunch"],"picked":"champ:ViciousMockery","floor":10},{"not_picked":["champ:SteelEdge","champ:FlashCut","champ:BerserkersShout"],"picked":"SKIP","floor":12},{"not_picked":["champ:CrookedStrike","champ:SwordSigil"],"picked":"champ:TornadoPunch","floor":13},{"not_picked":["champ:BringItOn","champ:FlashCut","champ:RecklessLeap"],"picked":"SKIP","floor":14},{"not_picked":["champ:PerfectedStrike","champ:Haymaker"],"picked":"champ:DefensiveStyle","floor":15}],"player_experience":172622,"relics_obtained":[{"floor":7,"key":"Pen Nib"},{"floor":12,"key":"Ice Cream"}],"event_choices":[],"is_beta":false,"boss_relics":[],"items_purged_floors":[8],"is_endless":false,"potions_floor_spawned":[5,12,13,14,15],"killed_by":"downfall:Silent","ascension_level":1}}