{"host":"mgc7o2tpy0ck407l","time":1609915783,"event":{"mods":["Alarm Clock","AlwaysNeverKeys","BaseMod","Better Altar","Better Match","Better Note","Better Sensory Stone","Better Skull","Better Third Choice","Better Vampires","Block Reminder","Booster Modes","Challenge The Spire","Colored Map","Colored Powertips","Disable Question Mark Monsters","Displayed Cursed Tome","Emptier Cage","Energized Spire","Evolution","Infinite Spire","Minty Spire (QoL Compilation)","Permanent Neow","Quick Restart","Rare Cards Sparkle","Reorder Act Four","Spicy Shops","StSLib","SuperFastMode","Transform Curses","Unceasing Turn Reminder"],"gold_per_floor":[19,19,19,0,13,44,58,93,93,93,93],"floor_reached":10,"playtime":369,"items_purged":[],"score":80,"play_id":"84b03115-e167-48f1-b78a-317d33aa0c87","local_time":"20210106014943","is_ascension_mode":true,"campfire_choices":[],"circlet_count":0,"master_deck":["Barrage","Barrage","Strike_B","Defend_B","Defend_B","Defend_B","Defend_B","Zap","Dualcast","Go for the Eyes","Blizzard","Enlightenment","Genetic Algorithm","Seek"],"relics":["Cracked Core","EVO:Axolotl","infinitespire:Golems Mask","Orichalcum","infinitespire:Joker Card","Darkstone Periapt"],"acts_visited":["Exordium"],"potions_floor_usage":[10,10],"damage_taken":[{"damage":0.0,"enemies":"2 Louse","floor":1.0,"turns":3.0},{"damage":10.0,"enemies":"Small Slimes","floor":5.0,"turns":4.0},{"damage":33.0,"enemies":"3 Sentries","floor":6.0,"turns":8.0},{"damage":4.0,"enemies":"Cultist","floor":7.0,"turns":4.0},{"damage":17.0,"enemies":"Gremlin Nob","floor":8.0,"turns":5.0},{"damage":18,"enemies":"3 Sentries","floor":10,"turns":4}],"seed_played":"2274967628627448670","potions_obtained":[{"floor":7.0,"key":"Weak Potion"},{"floor":8.0,"key":"FearPotion"}],"is_trial":false,"path_per_floor":["M","?","$","?","M","E","M","E","T","E"],"character_chosen":"DEFECT","items_purchased":[],"campfire_rested":0,"item_purchase_floors":[],"current_hp_per_floor":[75,75,75,81,71,38,34,17,17,0,0],"gold":93,"neow_bonus":"ONE_RARE_RELIC","is_daily":false,"chose_seed":false,"campfire_upgraded":0,"win_rate":0.0,"timestamp":1609915783,"path_taken":["M","?","$","?","M","E","M","E","T","E"],"items_purchased_type":[],"build_version":"2020-12-22","purchased_purges":0,"victory":false,"max_hp_per_floor":[75,75,75,81,81,81,81,81,81,81,81],"card_choices":[{"not_picked":["Rip and Tear","Streamline"],"picked":"Go for the Eyes","floor":1.0},{"not_picked":["Storm","Steam"],"picked":"Genetic Algorithm","floor":5.0},{"not_picked":["Rebound","Steam Power","Turbo"],"picked":"SKIP","floor":6.0},{"not_picked":["Rebound","Coolheaded","Turbo"],"picked":"SKIP","floor":7.0},{"not_picked":["Aggregate","Hologram"],"picked":"Seek","floor":8.0}],"player_experience":737248,"relics_obtained":[{"floor":6.0,"key":"Orichalcum"},{"floor":8.0,"key":"infinitespire:Joker Card"},{"floor":9.0,"key":"Darkstone Periapt"}],"event_choices":[{"damage_healed":0.0,"max_hp_gain":0.0,"max_hp_loss":0.0,"gold_gain":0.0,"cards_transformed":["Strike_B"],"event_name":"Living Wall","player_choice":"Change","floor":2.0,"gold_loss":0.0,"damage_taken":0.0,"cards_obtained":["Blizzard"]},{"damage_healed":0.0,"max_hp_gain":0.0,"max_hp_loss":0.0,"gold_gain":0.0,"event_name":"betterThird:BetterSerpent","player_choice":"RENOUNCE","floor":4.0,"gold_loss":19.0,"damage_taken":19.0,"cards_obtained":["Enlightenment"]}],"is_beta":false,"boss_relics":[],"items_purged_floors":[],"is_endless":false,"potions_floor_spawned":[7,8],"killed_by":"3 Sentries","ascension_level":1}}