{"host":"kdt6w7ix8lwe69i9","time":1609938062,"event":{"mods":["100% Spire Juice","Bartender","BaseMod","ChefMod","Downfall","Fiend Mod","Jorbs\u0027s Wanderer Trilogy","Minty Spire (QoL Compilation)","Reimu（博丽灵梦）","Robot Space Explorer","StSLib","The Caster","The Cursed","The Disciple","The Dragon Tamer","The Druid","The Elementalist","The Forsaken","The Gatherer","The Marked","TheBandit"],"gold_per_floor":[110,121,121,140,158,188,188,208,233,36,56,56,56,21,21,118,118,102,32,32,50,50,50,69,69,69,69,87,115,115,115,115,115,115],"floor_reached":33,"playtime":2947,"items_purged":[],"score":265,"play_id":"75f5d12f-8de8-44fd-a5c0-abb33e382fe6","local_time":"20210106080102","is_ascension_mode":false,"campfire_choices":[{"data":"chefmod:TodaysSpecial","floor":7,"key":"SMITH"},{"floor":12,"key":"RECALL"},{"data":"chefmod:QuickThaw","floor":15,"key":"SMITH"},{"data":"chefmod:DimSum","floor":23,"key":"SMITH"},{"floor":25,"key":"REST"},{"floor":32,"key":"REST"}],"circlet_count":0,"master_deck":["chefmod:Strike","chefmod:Defend","chefmod:Defend","chefmod:Defend","chefmod:QuickThaw+1","chefmod:TodaysSpecial+1","chefmod:FireUp","chefmod:Sorbet","chefmod:Defrost","chefmod:HotSoup","chefmod:FryPan","chefmod:IcePick","chefmod:SliceAndDice","chefmod:FireUp","chefmod:Sorbet","chefmod:Canape","chefmod:CayenneCloud+1","chefmod:DimSum+1","chefmod:Chop","chefmod:FryPan","chefmod:BaoBuns","chefmod:Gelato","Shame","chefmod:CayenneCloud"],"relics":["chefmod:TrustyPot","Oddly Smooth Stone","ClockworkSouvenir","Empty Cage","MutagenicStrength","Meat on the Bone","Nilry\u0027s Codex","Dream Catcher","Orichalcum"],"acts_visited":["Exordium","TheCity"],"potions_floor_usage":[6,6,16,18,21],"damage_taken":[{"damage":3,"enemies":"2 Louse","floor":1,"turns":3},{"damage":3,"enemies":"Cultist","floor":2,"turns":4},{"damage":0,"enemies":"Small Slimes","floor":4,"turns":4},{"damage":5,"enemies":"Exordium Thugs","floor":5,"turns":4},{"damage":16,"enemies":"Gremlin Nob","floor":6,"turns":4},{"damage":0,"enemies":"Exordium Wildlife","floor":8,"turns":2},{"damage":0,"enemies":"Red Slaver","floor":11,"turns":2},{"damage":27,"enemies":"Hexaghost","floor":16,"turns":10},{"damage":19,"enemies":"2 Thieves","floor":18,"turns":4},{"damage":1,"enemies":"Shell Parasite","floor":21,"turns":4},{"damage":13,"enemies":"Centurion and Healer","floor":24,"turns":5},{"damage":31,"enemies":"Snecko","floor":28,"turns":7},{"damage":34,"enemies":"Book of Stabbing","floor":29,"turns":7},{"damage":107,"enemies":"Collector","floor":33,"turns":10}],"seed_played":"-2328856928200428768","potions_obtained":[{"floor":0,"key":"FairyPotion"},{"floor":0,"key":"Block Potion"},{"floor":0,"key":"Guardian:BlockOnCardUsePotion"},{"floor":4,"key":"Explosive Potion"},{"floor":6,"key":"GamblersBrew"},{"floor":8,"key":"chefmod:PotionOfPlenty"},{"floor":18,"key":"Block Potion"},{"floor":24,"key":"FairyPotion"}],"is_trial":false,"path_per_floor":["M","M","?","M","M","E","R","M","T","$","M","R","$","?","R","B",null,"M","$","?","M","?","R","M","R","T","?","M","E","?","$","R","B"],"character_chosen":"THE_CHEF","items_purchased":["ClockworkSouvenir","chefmod:FireUp","chefmod:DimSum"],"campfire_rested":2,"item_purchase_floors":[10,10,19],"current_hp_per_floor":[73,70,70,70,65,49,49,49,49,49,49,49,49,68,68,41,76,57,57,57,56,56,56,43,65,65,49,30,34,34,34,56,0,0],"gold":115,"neow_bonus":"THREE_SMALL_POTIONS","is_daily":false,"chose_seed":false,"campfire_upgraded":3,"win_rate":0.0,"timestamp":1609938062,"path_taken":["M","M","?","?","M","E","R","M","T","?","?","R","$","?","R","BOSS","M","$","?","M","?","R","?","R","T","?","M","E","?","?","R","BOSS"],"items_purchased_type":["Relic","Card","Card"],"build_version":"2020-12-22","purchased_purges":0,"victory":false,"max_hp_per_floor":[76,76,76,76,76,76,76,76,76,76,76,76,76,76,76,76,76,76,76,76,76,76,76,76,76,76,76,76,76,76,76,76,76,76],"card_choices":[{"not_picked":["chefmod:ColdSteel","chefmod:DeepFreeze"],"picked":"chefmod:FireUp","floor":1},{"not_picked":["chefmod:Granita","chefmod:DinoKale"],"picked":"chefmod:Sorbet","floor":2},{"not_picked":["chefmod:ColdSteel","chefmod:Gelato"],"picked":"chefmod:HotSoup","floor":4},{"not_picked":["chefmod:HotSoup","chefmod:LiquidNitrogen"],"picked":"chefmod:FryPan","floor":5},{"not_picked":["chefmod:AllYouCanEat","chefmod:VegetableTart"],"picked":"chefmod:IcePick","floor":6},{"not_picked":["chefmod:IcePick","chefmod:ZaruSoba"],"picked":"chefmod:SliceAndDice","floor":8},{"not_picked":["chefmod:BaoBuns","chefmod:SliceAndDice"],"picked":"chefmod:Sorbet","floor":11},{"not_picked":["chefmod:PrepCook","chefmod:TwoForOne"],"picked":"chefmod:Canape","floor":16},{"not_picked":["chefmod:QuickChop+1","chefmod:Fillet"],"picked":"chefmod:CayenneCloud+1","floor":18},{"not_picked":["chefmod:Omelette","chefmod:HotSoup"],"picked":"chefmod:Chop","floor":21},{"not_picked":["chefmod:LocoMoco","chefmod:VegetableTart"],"picked":"chefmod:FryPan","floor":24},{"not_picked":["chefmod:DinoKale","chefmod:SliceAndDice"],"picked":"chefmod:BaoBuns","floor":28},{"not_picked":["chefmod:HotSoup","chefmod:BaoBuns"],"picked":"chefmod:Gelato","floor":29},{"not_picked":["chefmod:ZaruSoba","chefmod:AlooGobi"],"picked":"chefmod:CayenneCloud","floor":32}],"player_experience":1693506,"relics_obtained":[{"floor":6,"key":"Oddly Smooth Stone"},{"floor":26,"key":"Meat on the Bone"},{"floor":27,"key":"Nilry\u0027s Codex"},{"floor":29,"key":"Dream Catcher"}],"event_choices":[{"damage_healed":0,"gold_gain":0,"cards_transformed":["chefmod:Strike"],"player_choice":"Transformed","damage_taken":0,"max_hp_gain":0,"max_hp_loss":0,"event_name":"Transmorgrifier","floor":3,"gold_loss":0,"cards_obtained":["chefmod:Defrost"]},{"damage_healed":19,"gold_gain":0,"player_choice":"Healed","damage_taken":0,"max_hp_gain":0,"max_hp_loss":0,"event_name":"The Cleric","floor":14,"gold_loss":35},{"damage_healed":0,"gold_gain":0,"player_choice":"Inject Mutagens","damage_taken":0,"relics_obtained":["MutagenicStrength"],"max_hp_gain":0,"max_hp_loss":0,"event_name":"Drug Dealer","floor":20,"gold_loss":0},{"cards_removed":["chefmod:Strike"],"damage_healed":0,"gold_gain":0,"player_choice":"Offered Basic","damage_taken":0,"max_hp_gain":0,"max_hp_loss":0,"event_name":"Bonfire Elementals","floor":22,"gold_loss":0},{"damage_healed":0,"gold_gain":0,"player_choice":"Obtained Book","damage_taken":16,"max_hp_gain":0,"max_hp_loss":0,"event_name":"Cursed Tome","floor":27,"gold_loss":0},{"damage_healed":0,"gold_gain":0,"player_choice":"Stole Relic","damage_taken":0,"relics_obtained":["Orichalcum"],"max_hp_gain":0,"max_hp_loss":0,"event_name":"Addict","floor":30,"gold_loss":0,"cards_obtained":["Shame"]}],"is_beta":false,"boss_relics":[{"not_picked":["Coffee Dripper","Runic Pyramid"],"picked":"Empty Cage"}],"items_purged_floors":[],"is_endless":false,"potions_floor_spawned":[4,5,6,8,18,24],"killed_by":"Collector","ascension_level":0}}