{"host":"cv77zuuuekizn3ic","time":1609931194,"event":{"mods":["AchievementEnabler","BaseMod","Marisa£®ÏF”Í°°ƒß¿Ì…≥£©","Minty Spire (QoL Compilation)","StSLib","Waifu the Spire","everything is the same but u backflip on backflip","slay the spire mod where everything is the same but ironclad has a cowboy hat"],"gold_per_floor":[113,113,113,39,39,71,91,117,169,188,188,221,235,260,260,334,334,349,349,289,299,317,348,348,358,358,368,239,269,285,314,314,391,391,404,154,206,206,218,247,247,247,317,317,110,138,138,156,156,156,156,156,6,36,36],"floor_reached":56,"playtime":4618,"items_purged":["Defend_B","Defend_B","Zap","Defend_B"],"score":2010,"play_id":"f0d7baea-7e7c-4c53-baaf-5cd76ed70f7d","local_time":"20210106190634","is_ascension_mode":true,"campfire_choices":[{"data":"Hyperbeam","floor":11.0,"key":"SMITH"},{"data":"Recycle","floor":15.0,"key":"SMITH"},{"data":"Skim","floor":24.0,"key":"SMITH"},{"data":"Hologram","floor":32.0,"key":"SMITH"},{"data":"Reboot","floor":41,"key":"SMITH"},{"data":"Skim","floor":47,"key":"SMITH"},{"floor":49,"key":"RECALL"},{"data":"Multi-Cast","floor":52,"key":"SMITH"}],"circlet_count":0,"master_deck":["AscendersBane","Defend_B","Self Repair","Hyperbeam+1","Recycle+1","Core Surge","Fission","Reboot+1","Auto Shields","Ghostly","Ghostly","Ghostly","Ghostly","Ghostly","Reprogram","Hologram+1","Skim+1","Turbo","Meteor Strike","Chill","Multi-Cast+1","Wraith","Skim+1"],"relics":["Cracked Core","Potion Belt","Akabeko","Pantograph","Odd Mushroom","Happy Flower","Ginger","Lantern","Runic Pyramid","Shuriken","Gremlin Horn","Eternal Feather","Nuclear Battery","Medical Kit","Turnip","Dream Catcher","HornCleat","Bag of Marbles"],"acts_visited":["Exordium","TheCity","TheBeyond","TheEnding"],"potions_floor_usage":[33,37,55,55,55,55],"damage_taken":[{"damage":2.0,"enemies":"Jaw Worm","floor":1.0,"turns":3.0},{"damage":5.0,"enemies":"3 Sentries","floor":6.0,"turns":3.0},{"damage":0.0,"enemies":"2 Louse","floor":7.0,"turns":1.0},{"damage":0.0,"enemies":"The Mushroom Lair","floor":8.0,"turns":1.0},{"damage":1.0,"enemies":"Cultist","floor":10.0,"turns":3.0},{"damage":33.0,"enemies":"Lagavulin","floor":12.0,"turns":8.0},{"damage":0.0,"enemies":"Lots of Slimes","floor":13.0,"turns":1.0},{"damage":16.0,"enemies":"Gremlin Nob","floor":14.0,"turns":4.0},{"damage":46.0,"enemies":"Slime Boss","floor":16.0,"turns":9.0},{"damage":20.0,"enemies":"3 Byrds","floor":18.0,"turns":4.0},{"damage":0.0,"enemies":"Shell Parasite","floor":21.0,"turns":4.0},{"damage":0.0,"enemies":"Centurion and Healer","floor":22.0,"turns":6.0},{"damage":5.0,"enemies":"Gremlin Leader","floor":23.0,"turns":7.0},{"damage":0.0,"enemies":"Snake Plant","floor":25.0,"turns":4.0},{"damage":0.0,"enemies":"Chosen and Byrds","floor":27.0,"turns":3.0},{"damage":1.0,"enemies":"Book of Stabbing","floor":29.0,"turns":6.0},{"damage":1.0,"enemies":"Sentry and Sphere","floor":30.0,"turns":5.0},{"damage":3.0,"enemies":"Slavers","floor":31.0,"turns":2.0},{"damage":2,"enemies":"Automaton","floor":33,"turns":6},{"damage":0,"enemies":"3 Darklings","floor":35,"turns":5},{"damage":4,"enemies":"2 Orb Walkers","floor":37,"turns":6},{"damage":0,"enemies":"3 Shapes","floor":39,"turns":3},{"damage":2,"enemies":"Giant Head","floor":40,"turns":6},{"damage":2,"enemies":"Reptomancer","floor":46,"turns":4},{"damage":0,"enemies":"Transient","floor":48,"turns":3},{"damage":10,"enemies":"Donu and Deca","floor":50,"turns":4},{"damage":0,"enemies":"Shield and Spear","floor":54,"turns":3},{"damage":22,"enemies":"The Heart","floor":55,"turns":6}],"seed_played":"3192712387897071374","potions_obtained":[{"floor":1.0,"key":"ColorlessPotion"},{"floor":10.0,"key":"Block Potion"},{"floor":12.0,"key":"Explosive Potion"},{"floor":14.0,"key":"PowerPotion"},{"floor":22.0,"key":"AttackPotion"},{"floor":25.0,"key":"SkillPotion"},{"floor":29.0,"key":"Energy Potion"},{"floor":30.0,"key":"Swift Potion"},{"floor":37,"key":"Ancient Potion"},{"floor":48,"key":"Ancient Potion"}],"is_trial":false,"path_per_floor":["M","?","?","$","?","E","M","?","T","M","R","E","M","E","R","B",null,"M","?","?","M","M","E","R","M","T","M","$","E","M","E","R","B",null,"M","$","?","?","M","E","R","?","T","?","$","E","R","M","R","B",null,"R","$","E","B",null],"character_chosen":"DEFECT","items_purchased":["Recycle","Turbo","Medical Kit","Skim"],"campfire_rested":0,"item_purchase_floors":[4,28,36,45],"current_hp_per_floor":[62,62,55,55,48,50,57,64,64,70,70,44,44,35,35,21,59,46,35,35,35,35,35,35,35,35,35,35,35,35,32,35,33,35,35,35,35,35,35,35,35,35,35,35,35,35,35,35,35,32,34,35,35,35,20],"gold":36,"neow_bonus":"RANDOM_COMMON_RELIC","is_daily":false,"chose_seed":false,"campfire_upgraded":7,"win_rate":0.0,"timestamp":1609931194,"path_taken":["M","?","?","?","?","E","?","?","T","M","R","E","M","E","R","BOSS","M","?","?","?","?","E","R","M","T","M","?","E","M","E","R","BOSS","M","$","?","?","M","E","R","?","T","?","$","E","R","?","R","BOSS","R","$","E","BOSS"],"items_purchased_type":["Card","Card","Relic","Card"],"build_version":"2020-12-22","purchased_purges":4,"victory":true,"max_hp_per_floor":[71,71,71,71,71,71,71,71,71,71,71,71,71,71,71,71,71,71,35,35,35,35,35,35,35,35,35,35,35,35,35,35,35,35,35,35,35,35,35,35,35,35,35,35,35,35,35,35,35,35,35,35,35,35,35],"card_choices":[{"not_picked":["Coolheaded","FTL"],"picked":"Self Repair","floor":1.0},{"not_picked":["Doom and Gloom","Go for the Eyes","Reinforced Body"],"picked":"SKIP","floor":6.0},{"not_picked":["Conserve Battery","Melter","Streamline"],"picked":"SKIP","floor":7.0},{"not_picked":["Steam","Rebound","Barrage"],"picked":"SKIP","floor":10.0},{"not_picked":["BootSequence","Blizzard"],"picked":"Core Surge","floor":12.0},{"not_picked":["Streamline","Go for the Eyes","Melter"],"picked":"SKIP","floor":13.0},{"not_picked":["Self Repair","Blizzard"],"picked":"Fission","floor":14.0},{"not_picked":["Buffer","Meteor Strike"],"picked":"Reboot","floor":16.0},{"not_picked":["Steam","Streamline"],"picked":"Auto Shields","floor":18.0},{"not_picked":["Recycle","Barrage+1","Turbo"],"picked":"SKIP","floor":21.0},{"not_picked":["Stack","Steam","Streamline"],"picked":"SKIP","floor":22.0},{"not_picked":["Go for the Eyes+1","Streamline"],"picked":"Skim","floor":23.0},{"not_picked":["Leap+1","Barrage+1","Stack"],"picked":"SKIP","floor":25.0},{"not_picked":["Ball Lightning+1","Steam","Compile Driver"],"picked":"SKIP","floor":27.0},{"not_picked":["Defragment","Turbo"],"picked":"Meteor Strike","floor":29.0},{"not_picked":["Sweeping Beam+1","Go for the Eyes"],"picked":"Chill","floor":30.0},{"not_picked":["Cold Snap","Hologram","Redo"],"picked":"SKIP","floor":31.0},{"not_picked":["Buffer","All For One"],"picked":"Multi-Cast","floor":33},{"not_picked":["Stack","Go for the Eyes","Capacitor"],"picked":"SKIP","floor":35},{"not_picked":["Cold Snap","Chaos","Beam Cell+1"],"picked":"SKIP","floor":39},{"not_picked":["Conserve Battery","Go for the Eyes","Defragment+1"],"picked":"SKIP","floor":40},{"not_picked":["Coolheaded","Reinforced Body","Reprogram"],"picked":"SKIP","floor":46},{"not_picked":["Leap","Scrape","Stack"],"picked":"SKIP","floor":48},{"not_picked":["White Noise+1","Redo","Consume"],"picked":"SKIP","floor":54}],"player_experience":755429,"relics_obtained":[{"floor":6.0,"key":"Pantograph"},{"floor":8.0,"key":"Odd Mushroom"},{"floor":9.0,"key":"Happy Flower"},{"floor":12.0,"key":"Ginger"},{"floor":14.0,"key":"Lantern"},{"floor":23.0,"key":"Shuriken"},{"floor":29.0,"key":"Gremlin Horn"},{"floor":31.0,"key":"Eternal Feather"},{"floor":37,"key":"Turnip"},{"floor":40,"key":"Dream Catcher"},{"floor":43,"key":"HornCleat"},{"floor":54,"key":"Bag of Marbles"}],"event_choices":[{"damage_healed":0.0,"max_hp_gain":0.0,"max_hp_loss":0.0,"gold_gain":0.0,"cards_transformed":["Strike_B"],"event_name":"Living Wall","player_choice":"Change","floor":2.0,"gold_loss":0.0,"damage_taken":0.0,"cards_obtained":["Hyperbeam"]},{"cards_removed":["Strike_B"],"damage_healed":0.0,"max_hp_gain":0.0,"max_hp_loss":0.0,"gold_gain":0.0,"event_name":"Golden Wing","player_choice":"Card Removal","floor":3.0,"gold_loss":0.0,"damage_taken":7.0},{"damage_healed":0.0,"max_hp_gain":0.0,"max_hp_loss":0.0,"gold_gain":0.0,"event_name":"Scrap Ooze","player_choice":"Success","floor":5.0,"gold_loss":0.0,"damage_taken":7.0,"relics_obtained":["Akabeko"]},{"damage_healed":0.0,"max_hp_gain":0.0,"max_hp_loss":0.0,"gold_gain":0.0,"event_name":"Mushrooms","player_choice":"Fought Mushrooms","floor":8.0,"gold_loss":0.0,"damage_taken":0.0},{"damage_healed":0.0,"max_hp_gain":0.0,"max_hp_loss":36.0,"gold_gain":0.0,"event_name":"Ghosts","player_choice":"Became a Ghost","floor":19.0,"gold_loss":0.0,"damage_taken":0.0,"cards_obtained":["Ghostly","Ghostly","Ghostly","Ghostly","Ghostly"]},{"damage_healed":0.0,"max_hp_gain":0.0,"max_hp_loss":0.0,"gold_gain":0.0,"cards_transformed":["Strike_B","Strike_B"],"event_name":"Designer","player_choice":"Transformed Cards","floor":20.0,"gold_loss":60.0,"damage_taken":0.0,"cards_obtained":["Reprogram","Hologram"]},{"damage_healed":0,"gold_gain":0,"player_choice":"Fight","damage_taken":0,"max_hp_gain":0,"max_hp_loss":0,"event_name":"Mysterious Sphere","floor":37,"gold_loss":0},{"damage_healed":0,"gold_gain":0,"player_choice":"Ignored","damage_taken":0,"max_hp_gain":0,"max_hp_loss":0,"event_name":"OrinTheCat","floor":38,"gold_loss":0},{"damage_healed":0,"gold_gain":0,"player_choice":"Ignored","damage_taken":0,"max_hp_gain":0,"max_hp_loss":0,"event_name":"Tomb of Lord Red Mask","floor":42,"gold_loss":0},{"cards_removed":["Dualcast"],"damage_healed":0,"gold_gain":0,"player_choice":"Removed Skill","damage_taken":0,"max_hp_gain":0,"max_hp_loss":0,"event_name":"Falling","floor":44,"gold_loss":0}],"is_beta":false,"boss_relics":[{"not_picked":["Tiny House","Busted Crown"],"picked":"Runic Pyramid"},{"not_picked":["SlaversCollar","Empty Cage"],"picked":"Nuclear Battery"}],"items_purged_floors":[28,36,45,53],"is_endless":false,"potions_floor_spawned":[1,10,12,14,22,25,29,30,31,37,48],"ascension_level":14}}