{"host":"05vhm55ztg7fyvhd","time":1609949037,"event":{"mods":["BaseMod","Downfall","Googly Eyes","Hubris","Minty Spire (QoL Compilation)","Replay The Spire","Shop Mod","StSLib"],"gold_per_floor":[110,185,199,199,220,220,2,2,73,98,123,154,154,174,174,174,174],"floor_reached":16,"playtime":815,"items_purged":["Defend_B"],"score":122,"play_id":"ca06aaa8-82d3-4328-b7f7-40510222727c","local_time":"20210106170357","is_ascension_mode":true,"campfire_choices":[{"floor":6,"key":"REST"},{"data":"BasicCrystalCard","floor":8,"key":"SMITH"},{"floor":15,"key":"REST"}],"circlet_count":0,"master_deck":["Strike_B","Strike_B","Strike_B","Strike_B","Defend_B","Defend_B","Defend_B","Zap","Dualcast","Blizzard","BasicCrystalCard","BasicCrystalCard+1","Loop","Glacier","Multi-Cast","Decay"],"relics":["Cracked Core","NeowsBlessing","Golden Idol","Raider\u0027s Mask","Pantograph","Oddly Smooth Stone"],"acts_visited":["Exordium"],"potions_floor_usage":[12],"damage_taken":[{"damage":0,"enemies":"Jaw Worm","floor":1,"turns":1},{"damage":0,"enemies":"Cultist","floor":3,"turns":1},{"damage":0,"enemies":"2 Louse","floor":5,"turns":1},{"damage":3,"enemies":"Blue Slaver","floor":10,"turns":3},{"damage":17,"enemies":"Large Slime","floor":11,"turns":6},{"damage":31,"enemies":"3 Sentries","floor":12,"turns":11},{"damage":13,"enemies":"Looter","floor":14,"turns":3},{"damage":62,"enemies":"Fading Forest","floor":16,"turns":10}],"seed_played":"4900818854816312206","potions_obtained":[{"floor":3,"key":"Doom Potion"},{"floor":11,"key":"EssenceOfSteel"},{"floor":14,"key":"SneckoOil"}],"is_trial":false,"path_per_floor":["M","?","M","?","M","R","$","R","T","M","M","E","?","M","R","B"],"character_chosen":"DEFECT","items_purchased":["Raider\u0027s Mask"],"campfire_rested":2,"item_purchase_floors":[7],"current_hp_per_floor":[75,64,64,46,46,68,68,68,68,65,48,17,17,4,26,0,0],"gold":174,"neow_bonus":"THREE_ENEMY_KILL","is_daily":false,"chose_seed":false,"campfire_upgraded":1,"win_rate":0.0,"timestamp":1609949037,"path_taken":["M","?","M","?","M","R","$","R","T","M","M","E","?","M","R","BOSS"],"items_purchased_type":["Relic"],"build_version":"2020-12-22","purchased_purges":1,"victory":false,"max_hp_per_floor":[75,75,75,75,75,75,75,75,75,75,75,75,75,75,75,75,75],"card_choices":[{"not_picked":["Ball Lightning","Barrage"],"picked":"Blizzard","floor":1},{"not_picked":["Static Discharge","Doom and Gloom"],"picked":"BasicCrystalCard","floor":3},{"not_picked":["Melter","Hologram"],"picked":"BasicCrystalCard","floor":5},{"not_picked":["Rebound","Barrage"],"picked":"Loop","floor":10},{"not_picked":["BasicCrystalCard","Barrage"],"picked":"Glacier","floor":11},{"not_picked":["Beam Cell","Stack"],"picked":"Multi-Cast","floor":12},{"not_picked":["Recycle","Streamline","Redo"],"picked":"SKIP","floor":14}],"player_experience":440038,"relics_obtained":[{"floor":9,"key":"Pantograph"},{"floor":12,"key":"Oddly Smooth Stone"}],"event_choices":[{"damage_healed":0,"gold_gain":75,"player_choice":"Gather Gold","damage_taken":11,"max_hp_gain":0,"max_hp_loss":0,"event_name":"World of Goop","floor":2,"gold_loss":0},{"damage_healed":0,"gold_gain":0,"player_choice":"Take Damage","damage_taken":18,"relics_obtained":["Golden Idol"],"max_hp_gain":0,"max_hp_loss":0,"event_name":"Golden Idol","floor":4,"gold_loss":0},{"damage_healed":0,"gold_gain":0,"player_choice":"Cursed","damage_taken":0,"max_hp_gain":0,"max_hp_loss":0,"event_name":"Wheel of Change","floor":13,"gold_loss":0,"cards_obtained":["Decay"]}],"is_beta":false,"boss_relics":[],"items_purged_floors":[7],"is_endless":false,"potions_floor_spawned":[3,11,14],"killed_by":"Fading Forest","ascension_level":4}}