{"host":"a1u4jo6xlg3w0wsm","time":1609913547,"event":{"mods":["BaseMod","Better Third Choice","DeckTracker","Downfall","Hermit","Hubris","Minty Spire (QoL Compilation)","Replay The Spire","StSLib"],"gold_per_floor":[117,97,115,115,125,150,150,161,161,180,208,208,225,235,235,331,331,347,347,347,367,367,367,396,396,396,13,32,32,32,47,47,148,198,218,218,218,68,87,87,116,116,116,150,150,150,170,50,50,50,50],"floor_reached":50,"playtime":3498,"items_purged":["Strike_B","Defend_B"],"score":583,"play_id":"a3c5bc25-0655-477a-b3d4-11e8a5eb7e5c","local_time":"20210106191227","is_ascension_mode":true,"campfire_choices":[{"data":"Zap","floor":7.0,"key":"SMITH"},{"floor":15.0,"key":"REST"},{"data":"Static Discharge","floor":23.0,"key":"SMITH"},{"data":"FIFO Queue","floor":30.0,"key":"SMITH"},{"floor":32.0,"key":"REST"},{"data":"Storm","floor":40.0,"key":"SMITH"},{"data":"Creative AI","floor":42.0,"key":"SMITH"},{"data":"Magnetism","floor":45.0,"key":"SMITH"},{"floor":49,"key":"RECALL"}],"circlet_count":0,"master_deck":["Zap+1","Dualcast+1","Finesse","Sweeping Beam+1","Panic Button","Sweeping Beam","Conserve Battery","hubris:Ukulele","Leap","Glacier+1","Sunder","Hologram","Core Surge","CurseOfTheBell","Static Discharge+1","Conserve Battery","Ball Lightning+1","Electrodynamics","Fusion","Force Field","FIFO Queue+1","Conserve Battery","Turbo","Heatsinks","Creative AI+1","Crystallizer+1","Tempest+1","Self Repair","Magnetism+1","Storm+1","Stack","Amplify+1","Stack","Loop+1"],"relics":["Cracked Core","Raider\u0027s Mask","Eternal Feather","Meat on the Bone","Pet Ghost","The Courier","Replay:WaspNest","Calling Bell","Vajra","Replay:Bottled Steam","hubris:CuriousFeather","Nilry\u0027s Codex","Replay:PocketPolymizer","Regal Pillow","hubris:MysteriousPyramids","Whetstone","Prayer Wheel","Tiny House","Golden Egg","hubris:DeckOfHolding","Oddly Smooth Stone"],"acts_visited":["Exordium","TheCity","TheBeyond"],"potions_floor_usage":[50,50],"damage_taken":[{"damage":6.0,"enemies":"Jaw Worm","floor":1.0,"turns":4.0},{"damage":1.0,"enemies":"Cultist","floor":3.0,"turns":3.0},{"damage":0.0,"enemies":"Small Slimes","floor":5.0,"turns":3.0},{"damage":12.0,"enemies":"Gremlin Nob","floor":6.0,"turns":1.0},{"damage":10.0,"enemies":"Looter","floor":8.0,"turns":3.0},{"damage":5.0,"enemies":"Lots of Slimes","floor":10.0,"turns":3.0},{"damage":12.0,"enemies":"Replay:BlueRogue","floor":11.0,"turns":4.0},{"damage":8.0,"enemies":"Blue Slaver","floor":13.0,"turns":3.0},{"damage":11.0,"enemies":"Large Slime","floor":14.0,"turns":4.0},{"damage":25.0,"enemies":"The Guardian","floor":16.0,"turns":10.0},{"damage":16.0,"enemies":"Shell Parasite","floor":18.0,"turns":6.0},{"damage":0.0,"enemies":"Chosen","floor":21.0,"turns":4.0},{"damage":0.0,"enemies":"Snake Plant","floor":22.0,"turns":2.0},{"damage":28.0,"enemies":"Slavers","floor":24.0,"turns":4.0},{"damage":24.0,"enemies":"Centurion and Healer","floor":28.0,"turns":4.0},{"damage":24.0,"enemies":"Snecko","floor":31.0,"turns":6.0},{"damage":26.0,"enemies":"Champ","floor":33.0,"turns":8.0},{"damage":23.0,"enemies":"3 Shapes","floor":35.0,"turns":3.0},{"damage":24.0,"enemies":"3 Darklings","floor":39.0,"turns":5.0},{"damage":27.0,"enemies":"Reptomancer","floor":41.0,"turns":4.0},{"damage":19.0,"enemies":"Giant Head","floor":44.0,"turns":6.0},{"damage":26,"enemies":"Transient","floor":47,"turns":5},{"damage":74,"enemies":"Donu and Deca","floor":50,"turns":6}],"seed_played":"-5188068193817137898","potions_obtained":[{"floor":2.0,"key":"Death Potion"},{"floor":5.0,"key":"Fire Potion"},{"floor":6.0,"key":"SpeedPotion"},{"floor":13.0,"key":"SmokeBomb"},{"floor":14.0,"key":"Venom Potion"},{"floor":16.0,"key":"LifebloodPotion"},{"floor":34.0,"key":"LiquidMemories"},{"floor":39.0,"key":"Ancient Potion"},{"floor":41.0,"key":"Milkshake"},{"floor":44.0,"key":"Dexterity Potion"}],"is_trial":false,"path_per_floor":["M","?","M","$","M","E","R","M","T","M","E","?","M","M","R","B",null,"M","?","?","M","M","R","E","?","T","$","M","?","R","M","R","B",null,"M","?","?","$","M","R","E","R","T","E","R","?","M","$","R","B"],"character_chosen":"DEFECT","items_purchased":["Raider\u0027s Mask","Eternal Feather","Meat on the Bone","hubris:MysteriousPyramids","Whetstone","Storm","Stack","Oddly Smooth Stone"],"campfire_rested":2,"item_purchase_floors":[4,4,4,27,27,38,38,48],"current_hp_per_floor":[69,69,68,27,39,39,48,38,38,45,45,45,49,38,69,44,75,59,43,43,43,43,55,39,39,39,39,27,52,67,43,75,49,80,57,57,57,57,52,70,50,68,68,56,74,74,48,48,66,0,0],"gold":50,"neow_bonus":"RANDOM_COLORLESS","is_daily":false,"chose_seed":false,"campfire_upgraded":6,"win_rate":0.0,"timestamp":1609913547,"path_taken":["M","?","M","?","?","E","R","M","T","M","E","?","M","M","R","BOSS","M","?","?","M","?","R","E","?","T","$","M","?","R","M","R","BOSS","M","?","?","$","M","R","E","R","T","E","R","?","M","$","R","BOSS"],"items_purchased_type":["Relic","Relic","Relic","Relic","Relic","Card","Card","Relic"],"build_version":"2020-12-13","purchased_purges":2,"victory":false,"max_hp_per_floor":[75,75,75,75,75,75,75,75,75,75,75,75,75,75,75,75,75,75,75,75,75,75,75,75,75,75,75,75,75,75,75,75,75,80,80,80,76,76,76,76,76,76,76,76,76,76,76,76,76,76,76],"card_choices":[{"not_picked":["Discovery","Impatience"],"picked":"Finesse","floor":0.0},{"not_picked":["Lockon","Beam Cell"],"picked":"Sweeping Beam","floor":1.0},{"not_picked":["Coolheaded","Gash"],"picked":"Panic Button","floor":3.0},{"not_picked":["Barrage","Compile Driver"],"picked":"Sweeping Beam","floor":5.0},{"not_picked":["Crystallizer","All For One"],"picked":"Conserve Battery","floor":6.0},{"not_picked":["Gash","Blizzard"],"picked":"hubris:Ukulele","floor":8.0},{"not_picked":["Compile Driver","Gash"],"picked":"Leap","floor":10.0},{"not_picked":["Multi-Cast","Rebound","Glacier"],"picked":"SKIP","floor":11.0},{"not_picked":["Gash","Leap"],"picked":"Sunder","floor":13.0},{"not_picked":["Stack","Gash"],"picked":"Hologram","floor":14.0},{"not_picked":["ReplayRNGCard","Amplify"],"picked":"Core Surge","floor":16.0},{"not_picked":["Stack+1","Go for the Eyes+1"],"picked":"Static Discharge","floor":18.0},{"not_picked":["ReplaySolidLightProjector","Hello World"],"picked":"Ball Lightning","floor":21.0},{"not_picked":["ReplayRNGCard","Stack"],"picked":"Electrodynamics","floor":24.0},{"not_picked":["Ball Lightning+1","Streamline"],"picked":"FIFO Queue","floor":28.0},{"not_picked":["hubris:Ukulele","Hologram"],"picked":"Turbo","floor":31.0},{"not_picked":["Biased Cognition","Hello World+1","Consume"],"picked":"SKIP","floor":31.0},{"not_picked":["Electrodynamics","Buffer"],"picked":"Creative AI","floor":33.0},{"not_picked":["Ball Lightning+1","Steam"],"picked":"Crystallizer+1","floor":34.0},{"not_picked":["Redo","Streamline+1"],"picked":"Tempest+1","floor":35.0},{"not_picked":["Leap+1","hubris:Ukulele+1"],"picked":"Self Repair","floor":35.0},{"not_picked":["ReplayTheSpireMod:Uncanny Aura","expansioncontent:PolyBeam"],"picked":"Magnetism","floor":36.0},{"not_picked":["Compile Driver+1","Turbo+1","Go for the Eyes+1"],"picked":"SKIP","floor":39.0},{"not_picked":["BasicCrystalCard","Hologram","Consume"],"picked":"SKIP","floor":39.0},{"not_picked":["Steam+1","Go for the Eyes+1"],"picked":"Amplify","floor":41.0},{"not_picked":["Time Bomb+1","Rip and Tear"],"picked":"Loop+1","floor":44.0},{"not_picked":["Storm+1","Panic Button","Turbo+1"],"picked":"SKIP","floor":47},{"not_picked":["Undo","Go for the Eyes","ReplaySort+1"],"picked":"SKIP","floor":47}],"player_experience":310014,"relics_obtained":[{"floor":6.0,"key":"Pet Ghost"},{"floor":9.0,"key":"The Courier"},{"floor":11.0,"key":"Replay:WaspNest"},{"floor":17.0,"key":"Vajra"},{"floor":17.0,"key":"Replay:Bottled Steam"},{"floor":17.0,"key":"hubris:CuriousFeather"},{"floor":19.0,"key":"Nilry\u0027s Codex"},{"floor":24.0,"key":"Replay:PocketPolymizer"},{"floor":26.0,"key":"Regal Pillow"},{"floor":41.0,"key":"Golden Egg"},{"floor":44.0,"key":"hubris:DeckOfHolding"}],"event_choices":[{"damage_healed":0.0,"max_hp_gain":0.0,"max_hp_loss":0.0,"gold_gain":0.0,"event_name":"The Woman in Blue","player_choice":"Bought 1 Potion","floor":2.0,"gold_loss":0.0,"damage_taken":0.0},{"damage_healed":0.0,"max_hp_gain":0.0,"max_hp_loss":0.0,"gold_gain":0.0,"event_name":"Cursed Tome","player_choice":"Obtained Book","floor":19.0,"gold_loss":0.0,"damage_taken":16.0},{"damage_healed":0.0,"max_hp_gain":0.0,"max_hp_loss":0.0,"gold_gain":0.0,"event_name":"Duplicator","player_choice":"Copied","floor":20.0,"gold_loss":0.0,"damage_taken":0.0,"cards_obtained":["Conserve Battery"]},{"damage_healed":0.0,"max_hp_gain":0.0,"max_hp_loss":0.0,"gold_gain":0.0,"cards_transformed":["Defend_B","Strike_B"],"event_name":"Drug Dealer","player_choice":"Became Test Subject","floor":25.0,"gold_loss":0.0,"damage_taken":0.0,"cards_obtained":["Fusion","Force Field"]},{"damage_healed":25.0,"max_hp_gain":0.0,"max_hp_loss":0.0,"gold_gain":0.0,"event_name":"The Library","player_choice":"Heal","floor":29.0,"gold_loss":0.0,"damage_taken":0.0},{"damage_healed":0.0,"max_hp_gain":0.0,"max_hp_loss":0.0,"gold_gain":0.0,"event_name":"SensoryStone","player_choice":"Memory 1","floor":36.0,"gold_loss":0.0,"damage_taken":0.0},{"damage_healed":0.0,"max_hp_gain":0.0,"max_hp_loss":4.0,"gold_gain":0.0,"event_name":"Winding Halls","player_choice":"Max HP","floor":37.0,"gold_loss":0.0,"damage_taken":0.0},{"damage_healed":0,"gold_gain":0,"player_choice":"Ignored","damage_taken":0,"max_hp_gain":0,"max_hp_loss":0,"event_name":"Mysterious Sphere","floor":46,"gold_loss":0}],"is_beta":false,"boss_relics":[{"not_picked":["Replay:Wanted Poster","Busted Crown"],"picked":"Calling Bell"},{"not_picked":["Velvet Choker","Ring of Chaos"],"picked":"Tiny House"}],"items_purged_floors":[27,38],"is_endless":false,"potions_floor_spawned":[5,6,13,14,16,21,22,39,41,44,47],"killed_by":"Donu and Deca","ascension_level":1}}