{"host":"b995t17pt6d05w8c","time":1609938524,"event":{"mods":["AchievementEnabler","BaseMod","Colored Map","Minty Spire (QoL Compilation)","SuperFastMode"],"gold_per_floor":[115,135,135,149,162,162,173,192,192,220,220,220,69,83,83,185,185,199,199,211,230,247,247,247,247],"floor_reached":24,"playtime":658,"items_purged":["Defend_P"],"score":222,"play_id":"54dea618-1664-4f34-9e30-b15dcc097e71","local_time":"20210106220844","is_ascension_mode":true,"campfire_choices":[{"floor":6.0,"key":"RECALL"},{"floor":11.0,"key":"REST"},{"floor":15.0,"key":"REST"},{"floor":23,"key":"REST"}],"circlet_count":0,"master_deck":["Strike_P","Strike_P","Strike_P","Strike_P","Defend_P","Defend_P","Defend_P","Eruption","Vigilance","EmptyFist","TalkToTheHand","Protect","Establishment","Crescendo","MentalFortress","Consecrate","Adaptation","Tantrum","ForeignInfluence+1","CarveReality"],"relics":["Fusion Hammer","Blood Vial","Dream Catcher","Anchor","VioletLotus"],"acts_visited":["Exordium","TheCity"],"potions_floor_usage":[24,24],"damage_taken":[{"damage":0.0,"enemies":"Cultist","floor":1.0,"turns":2.0},{"damage":0.0,"enemies":"Small Slimes","floor":2.0,"turns":3.0},{"damage":0.0,"enemies":"2 Louse","floor":4.0,"turns":3.0},{"damage":6.0,"enemies":"Looter","floor":5.0,"turns":2.0},{"damage":4.0,"enemies":"Exordium Thugs","floor":7.0,"turns":4.0},{"damage":4.0,"enemies":"2 Fungi Beasts","floor":8.0,"turns":4.0},{"damage":16.0,"enemies":"Gremlin Nob","floor":10.0,"turns":4.0},{"damage":0.0,"enemies":"Looter","floor":14.0,"turns":4.0},{"damage":22.0,"enemies":"Hexaghost","floor":16.0,"turns":10.0},{"damage":14.0,"enemies":"Spheric Guardian","floor":18.0,"turns":5.0},{"damage":25.0,"enemies":"Chosen","floor":20.0,"turns":5.0},{"damage":23,"enemies":"Snake Plant","floor":21,"turns":6},{"damage":21,"enemies":"Snecko","floor":22,"turns":4},{"damage":47,"enemies":"Gremlin Leader","floor":24,"turns":4}],"seed_played":"-6487903837763432117","potions_obtained":[{"floor":1.0,"key":"Block Potion"},{"floor":2.0,"key":"AttackPotion"},{"floor":3.0,"key":"PowerPotion"},{"floor":10.0,"key":"SneckoOil"},{"floor":21,"key":"Dexterity Potion"},{"floor":22,"key":"EssenceOfSteel"}],"is_trial":false,"path_per_floor":["M","M","?","M","M","R","M","M","T","E","R","?","$","M","R","B",null,"M","?","M","M","M","R","E"],"character_chosen":"WATCHER","items_purchased":["MentalFortress"],"campfire_rested":3,"item_purchase_floors":[13],"current_hp_per_floor":[72,72,72,72,66,66,62,58,58,44,65,53,53,55,72,50,72,58,72,47,26,7,28,0,0],"gold":247,"neow_bonus":"BOSS_RELIC","is_daily":false,"chose_seed":false,"campfire_upgraded":0,"win_rate":0.0,"timestamp":1609938524,"path_taken":["M","?","?","M","M","R","M","?","T","E","R","?","$","M","R","BOSS","M","?","M","M","M","R","E"],"items_purchased_type":["Card"],"build_version":"2020-12-22","purchased_purges":1,"victory":false,"max_hp_per_floor":[72,72,72,72,72,72,72,72,72,72,72,72,72,72,72,72,72,72,72,72,72,72,72,72,72],"card_choices":[{"not_picked":["Conclude","EmptyMind"],"picked":"EmptyFist","floor":1.0},{"not_picked":["CrushJoints","SashWhip"],"picked":"TalkToTheHand","floor":2.0},{"not_picked":["Nirvana","Study","JustLucky"],"picked":"SKIP","floor":4.0},{"not_picked":["Protect","Halt","PathToVictory"],"picked":"SKIP","floor":5.0},{"not_picked":["TalkToTheHand","SignatureMove"],"picked":"Protect","floor":7.0},{"not_picked":["EmptyBody","Fasting2","CrushJoints"],"picked":"SKIP","floor":8.0},{"not_picked":["CarveReality","FlyingSleeves"],"picked":"Establishment","floor":10.0},{"not_picked":["Halt","Consecrate"],"picked":"Crescendo","floor":11.0},{"not_picked":["Crescendo","Nirvana"],"picked":"Consecrate","floor":14.0},{"not_picked":["Nirvana","WreathOfFlame"],"picked":"Adaptation","floor":15.0},{"not_picked":["SignatureMove","Swivel+1","FlurryOfBlows"],"picked":"SKIP","floor":18.0},{"not_picked":["Weave+1","WaveOfTheHand"],"picked":"Tantrum","floor":20.0},{"not_picked":["Prostrate+1","EmptyFist+1"],"picked":"ForeignInfluence+1","floor":21},{"not_picked":["PathToVictory","Sanctity","Fasting2+1"],"picked":"SKIP","floor":22},{"not_picked":["Crescendo+1","EmptyBody"],"picked":"CarveReality","floor":23}],"player_experience":18606,"relics_obtained":[{"floor":9.0,"key":"Blood Vial"},{"floor":10.0,"key":"Dream Catcher"}],"event_choices":[{"damage_healed":0.0,"max_hp_gain":0.0,"max_hp_loss":0.0,"gold_gain":0.0,"event_name":"Lab","player_choice":"Got Potions","floor":3.0,"gold_loss":0.0,"damage_taken":0.0},{"damage_healed":0.0,"max_hp_gain":0.0,"max_hp_loss":0.0,"gold_gain":0.0,"event_name":"Scrap Ooze","player_choice":"Success","floor":12.0,"gold_loss":0.0,"damage_taken":12.0,"relics_obtained":["Anchor"]},{"damage_healed":14.0,"max_hp_gain":0.0,"max_hp_loss":0.0,"gold_gain":0.0,"event_name":"Wheel of Change","player_choice":"Full Heal","floor":19.0,"gold_loss":0.0,"damage_taken":0.0}],"is_beta":false,"boss_relics":[{"not_picked":["Tiny House","Busted Crown"],"picked":"VioletLotus"}],"items_purged_floors":[13],"is_endless":false,"potions_floor_spawned":[1,2,7,8,10,21,22],"killed_by":"Gremlin Leader","ascension_level":2}}