{"host":"wshh0nphwn6jv7vj","time":1609970411,"event":{"mods":["BaseMod","Bestiary","Minty Spire (QoL Compilation)"],"gold_per_floor":[110,129,129,129,150,190,265,283,283,314,329,479,504,129,129,225,225,238,238,238,12,26,26,57,57,80,4,17,42,73,94,94,184,184,205,70,70,91,16,56,56,76,76,76,109,109,149,167,167,167,167],"floor_reached":50,"playtime":3768,"items_purged":["Doubt","Defend_G","Endless Agony"],"score":1144,"play_id":"530c5fc9-8178-4d2d-a007-e5f981d6f3b0","local_time":"20210106170011","is_ascension_mode":true,"campfire_choices":[{"floor":15.0,"key":"REST"},{"data":"Footwork","floor":23.0,"key":"SMITH"},{"data":"Footwork","floor":25.0,"key":"SMITH"},{"data":"Malaise","floor":32.0,"key":"SMITH"},{"data":"Acrobatics","floor":41.0,"key":"SMITH"},{"floor":46.0,"key":"REST"},{"floor":49.0,"key":"RECALL"}],"circlet_count":0,"master_deck":["AscendersBane","Defend_G","Defend_G","Defend_G","Defend_G","Survivor","Neutralize","Crippling Poison","Dagger Throw","All Out Attack","Noxious Fumes","Escape Plan","Backflip","Footwork+1","Backstab","Malaise+1","PiercingWail","Bite","Bite","Bite","Bite","Footwork+1","Impatience","Noxious Fumes","Noxious Fumes","Noxious Fumes","Acrobatics+1","Escape Plan","Well Laid Plans+1","Corpse Explosion","Cloak And Dagger","PiercingWail","Dagger Throw","Caltrops","Footwork","Quick Slash","Escape Plan","Madness","Tactician+1","Bouncing Flask+1"],"relics":["Ring of the Snake","NeowsBlessing","Golden Idol","Thread and Needle","Gremlin Horn","White Beast Statue","Smiling Mask","Bronze Scales","HoveringKite","Bird Faced Urn","Anchor","Darkstone Periapt","SlaversCollar","Toy Ornithopter","Pen Nib","Mango"],"acts_visited":["Exordium","TheCity","TheBeyond"],"potions_floor_usage":[],"damage_taken":[{"damage":0.0,"enemies":"Jaw Worm","floor":1.0,"turns":1.0},{"damage":0.0,"enemies":"2 Louse","floor":2.0,"turns":1.0},{"damage":0.0,"enemies":"Cultist","floor":5.0,"turns":1.0},{"damage":30.0,"enemies":"Lagavulin","floor":6.0,"turns":12.0},{"damage":0.0,"enemies":"2 Fungi Beasts","floor":8.0,"turns":2.0},{"damage":16.0,"enemies":"Gremlin Nob","floor":10.0,"turns":5.0},{"damage":0.0,"enemies":"Blue Slaver","floor":11.0,"turns":4.0},{"damage":1.0,"enemies":"The Guardian","floor":16.0,"turns":9.0},{"damage":12.0,"enemies":"Spheric Guardian","floor":18.0,"turns":5.0},{"damage":5.0,"enemies":"2 Thieves","floor":22.0,"turns":4.0},{"damage":15.0,"enemies":"Slavers","floor":24.0,"turns":5.0},{"damage":19.0,"enemies":"3 Cultists","floor":28.0,"turns":5.0},{"damage":11.0,"enemies":"Centurion and Healer","floor":29.0,"turns":8.0},{"damage":16.0,"enemies":"Gremlin Leader","floor":30.0,"turns":8.0},{"damage":33.0,"enemies":"Chosen and Byrds","floor":31.0,"turns":6.0},{"damage":4.0,"enemies":"Automaton","floor":33.0,"turns":9.0},{"damage":0.0,"enemies":"3 Shapes","floor":35.0,"turns":4.0},{"damage":25.0,"enemies":"Orb Walker","floor":38.0,"turns":7.0},{"damage":2.0,"enemies":"Nemesis","floor":40.0,"turns":9.0},{"damage":19.0,"enemies":"Jaw Worm Horde","floor":42.0,"turns":3.0},{"damage":41.0,"enemies":"Reptomancer","floor":45.0,"turns":9.0},{"damage":4.0,"enemies":"Giant Head","floor":47.0,"turns":10.0},{"damage":0.0,"enemies":"Maw","floor":48.0,"turns":9.0},{"damage":82,"enemies":"Donu and Deca","floor":50,"turns":9}],"seed_played":"-907266270694940082","potions_obtained":[{"floor":1.0,"key":"BlessingOfTheForge"},{"floor":2.0,"key":"DistilledChaos"},{"floor":4.0,"key":"GhostInAJar"},{"floor":10.0,"key":"Poison Potion"},{"floor":11.0,"key":"FearPotion"},{"floor":16.0,"key":"SkillPotion"},{"floor":18.0,"key":"LiquidBronze"},{"floor":22.0,"key":"DistilledChaos"},{"floor":24.0,"key":"Explosive Potion"},{"floor":28.0,"key":"DistilledChaos"},{"floor":30.0,"key":"Fruit Juice"},{"floor":31.0,"key":"ColorlessPotion"},{"floor":33.0,"key":"DuplicationPotion"},{"floor":35.0,"key":"Energy Potion"},{"floor":38.0,"key":"LiquidMemories"},{"floor":40.0,"key":"Ancient Potion"},{"floor":42.0,"key":"Fire Potion"},{"floor":45.0,"key":"Explosive Potion"},{"floor":47.0,"key":"Block Potion"},{"floor":48.0,"key":"FearPotion"}],"is_trial":false,"path_per_floor":["M","M","?","?","M","E","?","M","T","E","M","?","T","$","R","B",null,"M","?","?","$","M","R","E","R","T","$","M","M","E","M","R","B",null,"M","$","?","M","$","E","R","M","T","?","E","R","E","M","R","B"],"character_chosen":"THE_SILENT","items_purchased":["Footwork","Bronze Scales","Backstab","Footwork","Impatience","Noxious Fumes","PiercingWail","Dagger Throw","Footwork"],"campfire_rested":2,"item_purchase_floors":[14,14,14,21,21,27,36,36,39],"current_hp_per_floor":[59,59,59,59,59,29,18,18,18,2,2,2,2,2,20,19,50,38,38,42,42,42,42,33,33,33,33,30,42,38,22,22,44,46,47,47,47,37,37,47,47,28,28,28,22,36,61,61,61,0,0],"gold":167,"neow_bonus":"THREE_ENEMY_KILL","is_daily":false,"chose_seed":false,"campfire_upgraded":4,"win_rate":0.0,"timestamp":1609970411,"path_taken":["M","M","?","?","?","E","?","M","T","E","M","?","?","$","R","BOSS","M","?","?","$","?","R","E","R","T","$","M","M","E","M","R","BOSS","M","$","?","?","$","E","R","M","T","?","E","R","E","M","R","BOSS"],"items_purchased_type":["Card","Relic","Card","Card","Card","Card","Card","Card","Card"],"build_version":"2020-12-22","purchased_purges":3,"victory":false,"max_hp_per_floor":[66,66,60,60,60,60,60,60,60,60,60,60,60,60,60,60,60,60,42,42,42,42,42,42,42,42,42,42,42,42,47,47,47,47,47,47,47,47,47,47,47,47,47,47,47,47,61,61,61,61,61],"card_choices":[{"not_picked":["Cloak And Dagger","Catalyst"],"picked":"Endless Agony","floor":1.0},{"not_picked":["Backflip","PiercingWail"],"picked":"Crippling Poison","floor":2.0},{"not_picked":["Dagger Spray","Footwork"],"picked":"Dagger Throw","floor":5.0},{"not_picked":["Quick Slash","Outmaneuver"],"picked":"All Out Attack","floor":6.0},{"not_picked":["Reflex","Skewer"],"picked":"Noxious Fumes","floor":8.0},{"not_picked":["Dagger Throw","Dagger Spray"],"picked":"Escape Plan","floor":10.0},{"not_picked":["Caltrops","Acrobatics"],"picked":"Backflip","floor":11.0},{"not_picked":["Adrenaline","Storm of Steel"],"picked":"Malaise","floor":16.0},{"not_picked":["Heel Hook","Cloak And Dagger"],"picked":"PiercingWail","floor":18.0},{"not_picked":["Sucker Punch","Dagger Spray","Expertise+1"],"picked":"SKIP","floor":22.0},{"not_picked":["Dagger Throw","Quick Slash+1"],"picked":"Noxious Fumes","floor":24.0},{"not_picked":["Prepared","Backflip"],"picked":"Noxious Fumes","floor":28.0},{"not_picked":["Wraith Form v2","Dagger Spray+1"],"picked":"Acrobatics","floor":29.0},{"not_picked":["Sucker Punch","Finisher"],"picked":"Escape Plan","floor":30.0},{"not_picked":["Flying Knee","Acrobatics"],"picked":"Well Laid Plans+1","floor":31.0},{"not_picked":["Bullet Time","Venomology"],"picked":"Corpse Explosion","floor":33.0},{"not_picked":["Deadly Poison","Outmaneuver"],"picked":"Cloak And Dagger","floor":35.0},{"not_picked":["Quick Slash","Dodge and Roll"],"picked":"Caltrops","floor":38.0},{"not_picked":["Dash+1","Phantasmal Killer"],"picked":"Quick Slash","floor":40.0},{"not_picked":["Prepared","Crippling Poison"],"picked":"Escape Plan","floor":42.0},{"not_picked":["Chrysalis","HandOfGreed"],"picked":"Madness","floor":44.0},{"not_picked":["Slice+1","Poisoned Stab+1"],"picked":"Tactician+1","floor":45.0},{"not_picked":["Phantasmal Killer","Skewer"],"picked":"Bouncing Flask+1","floor":47.0},{"not_picked":["Prepared+1","Blade Dance","Endless Agony"],"picked":"SKIP","floor":48.0}],"player_experience":1547351,"relics_obtained":[{"floor":6.0,"key":"Thread and Needle"},{"floor":9.0,"key":"Gremlin Horn"},{"floor":10.0,"key":"White Beast Statue"},{"floor":13.0,"key":"Smiling Mask"},{"floor":24.0,"key":"Bird Faced Urn"},{"floor":26.0,"key":"Anchor"},{"floor":30.0,"key":"Darkstone Periapt"},{"floor":40.0,"key":"Toy Ornithopter"},{"floor":45.0,"key":"Pen Nib"},{"floor":47.0,"key":"Mango"}],"event_choices":[{"damage_healed":0.0,"max_hp_gain":0.0,"max_hp_loss":6.0,"gold_gain":0.0,"event_name":"Golden Idol","player_choice":"Lose Max HP","floor":3.0,"gold_loss":0.0,"damage_taken":0.0,"relics_obtained":["Golden Idol"]},{"damage_healed":0.0,"max_hp_gain":0.0,"max_hp_loss":0.0,"gold_gain":0.0,"event_name":"Lab","player_choice":"Got Potions","floor":4.0,"gold_loss":0.0,"damage_taken":0.0},{"damage_healed":0.0,"max_hp_gain":0.0,"max_hp_loss":0.0,"gold_gain":75.0,"event_name":"World of Goop","player_choice":"Gather Gold","floor":7.0,"gold_loss":0.0,"damage_taken":11.0},{"damage_healed":0.0,"max_hp_gain":0.0,"max_hp_loss":0.0,"gold_gain":150.0,"event_name":"Liars Game","player_choice":"AGREE","floor":12.0,"gold_loss":0.0,"damage_taken":0.0,"cards_obtained":["Doubt"]},{"damage_healed":0.0,"max_hp_gain":0.0,"max_hp_loss":18.0,"gold_gain":0.0,"event_name":"Vampires","player_choice":"Became a vampire","floor":19.0,"gold_loss":0.0,"damage_taken":0.0,"cards_obtained":["Bite","Bite","Bite","Bite","Bite"]},{"cards_removed":["Bite"],"damage_healed":5.0,"max_hp_gain":0.0,"max_hp_loss":0.0,"gold_gain":0.0,"event_name":"Bonfire Elementals","player_choice":"Offered Special","floor":20.0,"gold_loss":0.0,"damage_taken":0.0},{"damage_healed":0.0,"max_hp_gain":0.0,"max_hp_loss":0.0,"gold_gain":0.0,"event_name":"SecretPortal","player_choice":"Ignored","floor":37.0,"gold_loss":0.0,"damage_taken":0.0},{"damage_healed":0.0,"max_hp_gain":0.0,"max_hp_loss":0.0,"gold_gain":0.0,"event_name":"SensoryStone","player_choice":"Memory 1","floor":44.0,"gold_loss":0.0,"damage_taken":0.0}],"is_beta":false,"boss_relics":[{"not_picked":["Black Star","Fusion Hammer"],"picked":"HoveringKite"},{"not_picked":["Coffee Dripper","Busted Crown"],"picked":"SlaversCollar"}],"items_purged_floors":[14,21,36],"is_endless":false,"potions_floor_spawned":[1,2,10,11,16,18,22,24,28,29,30,31,33,35,38,40,42,45,47,48],"killed_by":"Donu and Deca","ascension_level":17}}