{"host":"dcj2yvrgcvh5dl2s","time":1609900875,"event":{"mods":["BaseMod","Better Note","Block Reminder","Colored Powertips","DeckTracker","Minty Spire (QoL Compilation)","Quick Restart","Rare Cards Sparkle","Relic Stats","StSLib"],"gold_per_floor":[111,37,212,212,228,228,228,238,262,262,278,278,294,306,306,404,404,419,16,32,43,43,43,43],"floor_reached":23,"playtime":4004,"items_purged":[],"score":254,"play_id":"26b2db8b-e496-47f6-9d26-22add19424b7","local_time":"20210106124115","is_ascension_mode":true,"campfire_choices":[{"data":"Neutralize","floor":6,"key":"SMITH"},{"data":"Footwork","floor":10,"key":"SMITH"},{"data":"Blade Dance","floor":12,"key":"SMITH"},{"floor":15,"key":"REST"}],"circlet_count":0,"master_deck":["Strike_G","Strike_G","Strike_G","Strike_G","Strike_G","Defend_G","Defend_G","Defend_G","Defend_G","Defend_G","Survivor","Neutralize+1","Accuracy","Footwork+1","Doubt","Sucker Punch+1","PiercingWail","Blade Dance+1","Dodge and Roll","Dash","Wraith Form v2","Cloak And Dagger","Footwork","Cloak And Dagger","Dodge and Roll","Blade Dance"],"relics":["Ring of the Snake","Strawberry","Cursed Key","Turnip"],"acts_visited":["Exordium","TheCity"],"potions_floor_usage":[16,18,22],"damage_taken":[{"damage":12,"enemies":"Small Slimes","floor":1,"turns":6},{"damage":12,"enemies":"Jaw Worm","floor":5,"turns":5},{"damage":7,"enemies":"Cultist","floor":8,"turns":4},{"damage":1,"enemies":"Blue Slaver","floor":11,"turns":6},{"damage":10,"enemies":"Exordium Thugs","floor":13,"turns":4},{"damage":4,"enemies":"Looter","floor":14,"turns":3},{"damage":48,"enemies":"Hexaghost","floor":16,"turns":16},{"damage":7,"enemies":"3 Byrds","floor":18,"turns":8},{"damage":10,"enemies":"Shell Parasite","floor":20,"turns":9},{"damage":5,"enemies":"Shelled Parasite and Fungi","floor":21,"turns":9},{"damage":24,"enemies":"Masked Bandits","floor":22,"turns":3},{"damage":32,"enemies":"Book of Stabbing","floor":23,"turns":7}],"seed_played":"2602229808975240164","potions_obtained":[{"floor":5,"key":"ColorlessPotion"},{"floor":8,"key":"SmokeBomb"},{"floor":16,"key":"PowerPotion"},{"floor":21,"key":"EssenceOfSteel"}],"is_trial":false,"path_per_floor":["M","$","?","?","M","R","?","M","T","R","M","R","M","M","R","B",null,"M","$","M","M","?","E"],"character_chosen":"THE_SILENT","items_purchased":["Footwork","Turnip","Footwork","Cloak And Dagger"],"campfire_rested":1,"item_purchase_floors":[2,19,19,19],"current_hp_per_floor":[72,72,72,72,60,60,60,53,60,60,59,59,49,45,72,24,74,67,67,57,52,28,0,0],"gold":43,"neow_bonus":"TWENTY_PERCENT_HP_BONUS","is_daily":false,"chose_seed":false,"campfire_upgraded":3,"win_rate":0.0,"timestamp":1609900875,"path_taken":["M","$","?","?","M","R","?","M","T","R","?","R","M","M","R","BOSS","M","$","M","M","?","E"],"items_purchased_type":["Card","Relic","Card","Card"],"build_version":"2020-12-22","purchased_purges":0,"victory":false,"max_hp_per_floor":[84,84,84,84,84,84,84,84,91,91,91,91,91,91,91,91,91,91,91,91,91,91,91,91],"relic_stats":{"counters":[12,80],"Turnip":[4],"Cursed Key":0,"obtain_stats":[{"Strawberry":9,"Turnip":19,"Cursed Key":17,"Ring of the Snake":0},{"Strawberry":3,"Turnip":8,"Cursed Key":7,"Ring of the Snake":0},{"Strawberry":15,"Turnip":52,"Cursed Key":44,"Ring of the Snake":0}],"Ring of the Snake":[24]},"card_choices":[{"not_picked":["Outmaneuver","Dagger Spray"],"picked":"Accuracy","floor":1},{"not_picked":["Quick Slash","Deadly Poison"],"picked":"Sucker Punch","floor":5},{"not_picked":["Dagger Throw","Accuracy"],"picked":"PiercingWail","floor":8},{"not_picked":["Sucker Punch","PiercingWail"],"picked":"Blade Dance","floor":11},{"not_picked":["Prepared","Endless Agony"],"picked":"Dodge and Roll","floor":13},{"not_picked":["Dagger Throw","Bullet Time"],"picked":"Dash","floor":14},{"not_picked":["Night Terror","Doppelganger"],"picked":"Wraith Form v2","floor":16},{"not_picked":["Finisher","Prepared"],"picked":"Cloak And Dagger","floor":18},{"not_picked":["Footwork","All Out Attack+1"],"picked":"Dodge and Roll","floor":20},{"not_picked":["Poisoned Stab","Sucker Punch"],"picked":"Blade Dance","floor":21}],"player_experience":2211876,"relics_obtained":[{"floor":9,"key":"Strawberry"}],"event_choices":[{"damage_healed":0,"gold_gain":175,"player_choice":"AGREE","damage_taken":0,"max_hp_gain":0,"max_hp_loss":0,"event_name":"Liars Game","floor":3,"gold_loss":0,"cards_obtained":["Doubt"]},{"cards_removed":["Doubt"],"damage_healed":0,"gold_gain":0,"player_choice":"Forget","damage_taken":0,"max_hp_gain":0,"max_hp_loss":0,"event_name":"Living Wall","floor":4,"gold_loss":0},{"damage_healed":0,"gold_gain":0,"player_choice":"Forge","damage_taken":0,"max_hp_gain":0,"max_hp_loss":0,"event_name":"Accursed Blacksmith","floor":7,"gold_loss":0,"cards_upgraded":["Sucker Punch"]},{"damage_healed":0,"gold_gain":0,"player_choice":"Fought Bandits","damage_taken":0,"max_hp_gain":0,"max_hp_loss":0,"event_name":"Masked Bandits","floor":22,"gold_loss":0}],"is_beta":false,"boss_relics":[{"not_picked":["Coffee Dripper","Busted Crown"],"picked":"Cursed Key"}],"items_purged_floors":[],"is_endless":false,"potions_floor_spawned":[5,8,16,21],"killed_by":"Book of Stabbing","ascension_level":5}}