{"host":"5e0jz0sn42a2vhx9","time":1609958381,"event":{"mods":["ATMod(°¢èªMod)","Act Like it!","BaseMod","Downfall","Lobotomy","Minty Spire (QoL Compilation)","Replay The Spire","StSLib","The Bug Knight","The Cursed","The Hierophant"],"gold_per_floor":[115,133,9111,9130,9144,9178,9191,8238,8238,8264,8264,8264,8264,8287,8287,8413,8413,8434,8434,8454,8493,7471,7505,7505,7430,7501,7521,7540,6399,6446,5634,5634,5764,5764,5778,5801,5801,5170,5193,5227,5227,5227,5227,4699,4720,4783,4803,4307,4307,4507],"floor_reached":51,"playtime":3705,"items_purged":["Shame","Regret","Looming Evil","Spreading Infection","HollowMod:NailStrikeStart","CommonCold","Pot Of Greed"],"score":1113,"play_id":"d7a71323-2a16-4903-af95-bbdd37994e98","local_time":"20210107023941","is_ascension_mode":true,"campfire_choices":[{"floor":15,"key":"DIG"},{"data":"AT_FamilyPortrait","floor":24,"key":"SMITH"},{"data":"AT_FamilyPortrait","floor":24,"key":"SMITH"},{"floor":32,"key":"DIG"},{"floor":42,"key":"DIG"},{"floor":49,"key":"DIG"}],"circlet_count":0,"master_deck":["HollowMod:QuickDashStart","HollowMod:QuickDashStart","HollowMod:QuickDashStart","HollowMod:FocusHealStart","HollowMod:PogoStrike","HollowMod:AbyssShriek","HollowMod:PureNailStrike+1","AT_FamilyPortrait+1","HollowMod:HuntersJournal+1","HollowMod:NewLittleFool+1","HollowMod:NewJinnsSoul","HollowMod:AwokenDreamNail+1","AT_FamilyPortrait+1","HollowMod:GrimmsGift","HollowMod:BaldurShell","Transmutation+1","HollowMod:BrokenVessel","HollowMod:Weaversong","HollowMod:ZotesMagnificence","HollowMod:PerfectDash","HollowMod:CornifersMapStart","HollowMod:VoidDash+1","Panache+1","HollowMod:SoulEater+1","HollowMod:SlysStrikes","HollowMod:FallenFury","HollowMod:CloakDash","AT_FalsePromise+1","expansioncontent:SuperHexaguard+1","expansioncontent:QuickStudy+1","Bandage Up+1","HollowMod:SlysStrikes","CurseOfTheBell","Pot Of Greed","Pot Of Greed","HollowMod:DesolateDive+1","Pot Of Greed","Madness","Madness","ReplayUltimateDefense+1","Replay:SS_forest_2+1","HollowMod:BrokenVessel","HollowMod:BlackTendrils","HollowMod:AwokenDreamNail+1","Secret Weapon+1","AT_CelerityRune+1","HollowMod:HowlingWraiths+1","HollowMod:NewJinnsSoul+1","Pot Of Greed","HollowMod:HuntersJournal+1"],"relics":["HollowMod:VesselMask","AT_ATBox","Chemical X","Replay:Arrowhead","Replay:Bottled Steam","Replay:Bottled Flurry","Ice Cream","Replay:Rubber Ducky","DollysMirror","Snack Pack","HornCleat","Golden Idol","HollowMod:StagPassRelic","AT_TimeSand","Cursed Key","HollowMod:GreatKnightMask","War Paint","ReplayTheSpireMod:Ninjato","Strange Spoon","AT_ImmortalShieldbow","AT_DeathDance","Shovel","HollowMod:LumaflyLanternRelic","Whetstone","AT_BladeRuinedKing","ReplayTheSpireMod:TigerMarble","Membership Card","Mummified Hand","Calling Bell","Grinning Jar","Golden Egg","AT_LudenTempest","Durian","Guide Book","ReplayFunnel","Du-Vu Doll","Gremlin Food","Replay:Ringing Soul","BargainBundle","Replay:Towering Pillar of Hats","StoneCalendar","Turnip","Pear","ClockworkSouvenir","BranchBurnRelic","AT_TheCollector"],"acts_visited":["Exordium","TheCity","TheBeyond"],"potions_floor_usage":[10,16,18,23,27,28,28,33,33,33,39,39,46,50,50,50],"damage_taken":[{"damage":0.0,"enemies":"Small Slimes","floor":1.0,"turns":2.0},{"damage":0.0,"enemies":"2 Louse","floor":2.0,"turns":1.0},{"damage":0.0,"enemies":"Cultist","floor":4.0,"turns":1.0},{"damage":0.0,"enemies":"Blue Slaver","floor":5.0,"turns":4.0},{"damage":13.0,"enemies":"Gremlin Nob","floor":6.0,"turns":3.0},{"damage":6.0,"enemies":"Large Slime","floor":7.0,"turns":2.0},{"damage":11,"enemies":"3 Sentries","floor":10,"turns":4},{"damage":5,"enemies":"2 Fungi Beasts","floor":14,"turns":3},{"damage":21,"enemies":"Fading Forest","floor":16,"turns":11},{"damage":6,"enemies":"Chosen","floor":18,"turns":4},{"damage":8,"enemies":"Spheric Guardian","floor":20,"turns":3},{"damage":3,"enemies":"HollowMod:Zote","floor":21,"turns":2},{"damage":22,"enemies":"Book of Stabbing","floor":23,"turns":4},{"damage":5,"enemies":"Centurion and Healer","floor":27,"turns":4},{"damage":41,"enemies":"3 Cultists","floor":28,"turns":5},{"damage":0,"enemies":"Automaton","floor":33,"turns":6},{"damage":0,"enemies":"3 Shapes","floor":35,"turns":2},{"damage":10,"enemies":"3 Darklings","floor":36,"turns":4},{"damage":3,"enemies":"Transient","floor":39,"turns":5},{"damage":0,"enemies":"Giant Head","floor":40,"turns":4},{"damage":0,"enemies":"Sphere and 2 Shapes","floor":45,"turns":3},{"damage":0,"enemies":"Mind Bloom Boss Battle","floor":46,"turns":2},{"damage":0,"enemies":"Maw","floor":47,"turns":3},{"damage":5,"enemies":"Awakened One","floor":50,"turns":6}],"seed_played":"885997177178766575","potions_obtained":[{"floor":4.0,"key":"Block Potion"},{"floor":7.0,"key":"Guardian:BlockOnCardUsePotion"},{"floor":14,"key":"Weak Potion"},{"floor":16,"key":"SteroidPotion"},{"floor":20,"key":"Dexterity Potion"},{"floor":27,"key":"SkillPotion"},{"floor":40,"key":"EssenceOfSteel"},{"floor":45,"key":"Block Potion"},{"floor":47,"key":"hexamod:EctoCoolerPotion"}],"is_trial":false,"path_per_floor":["M","M","$","M","M","E","M","$","T","E","?","?","?","M","R","B",null,"M","?","M","?","$","E","R","?","T","M","M","$","T","$","R","B",null,"M","M","?","$","M","E","?","R","T","$","M","?","M","$","R","B",null],"character_chosen":"THE_BUGKNIGHT","items_purchased":["SpeedPotion","Adrenaline Potion","Chemical X","Replay:Arrowhead","Replay:Bottled Steam","Fruit Juice","Ice Cream","Replay:Rubber Ducky","DollysMirror","HollowMod:GrimmsGift","HollowMod:BaldurShell","Transmutation","Adrenaline Potion","Panache","War Paint","ReplayTheSpireMod:Ninjato","Strange Spoon","HollowMod:SoulEater","PowerPotion","Regen Potion","Shovel","HollowMod:LumaflyLanternRelic","AT_FalsePromise","LiquidBronze","Swift Potion","Fire Potion","expansioncontent:SuperHexaguard","expansioncontent:QuickStudy","AT_BladeRuinedKing","ReplayTheSpireMod:TigerMarble","Membership Card","Bandage Up","ReplayUltimateDefense","Replay:SS_forest_2","Durian","Guide Book","ReplayFunnel","Reflective Coating","ColorlessPotion","Doom Potion","Secret Weapon","AT_CelerityRune","BargainBundle","Replay:Towering Pillar of Hats","StoneCalendar","LiquidMemories","Turnip","Pear","ClockworkSouvenir","PowerPotion"],"campfire_rested":0,"item_purchase_floors":[3,3,3,3,3,3,8,8,8,8,8,8,8,22,22,22,22,22,22,22,29,29,29,29,29,29,29,31,31,31,31,31,38,38,38,38,38,38,38,38,44,44,44,44,44,44,48,48,48,48],"current_hp_per_floor":[75,75,80,80,80,73,67,67,67,58,58,58,58,55,55,44,80,80,80,74,71,71,51,51,51,51,64,37,37,37,37,37,45,80,80,70,64,69,85,85,85,85,85,88,91,94,97,107,107,102],"gold":4507,"neow_bonus":"TRANSFORM_TWO_CARDS","is_daily":false,"chose_seed":false,"campfire_upgraded":2,"win_rate":0.0,"timestamp":1609958381,"path_taken":["M","M","$","M","M","E","M","$","T","E","?","?","?","?","R","BOSS","M","?","M","?","$","E","R","?","T","?","M","$","?","$","R","BOSS","M","M","?","$","M","E","?","R","T","$","?","?","M","?","R","BOSS"],"items_purchased_type":["Potion","Potion","Relic","Relic","Relic","Potion","Relic","Relic","Relic","Card","Card","Card","Potion","Card","Relic","Relic","Relic","Card","Potion","Potion","Relic","Relic","Card","Potion","Potion","Potion","Card","Card","Relic","Relic","Relic","Card","Card","Card","Relic","Relic","Relic","Potion","Potion","Potion","Card","Card","Relic","Relic","Relic","Potion","Relic","Relic","Relic","Potion"],"build_version":"2020-12-22","purchased_purges":7,"victory":true,"max_hp_per_floor":[75,75,80,80,80,80,80,80,80,80,80,80,80,80,80,80,80,80,80,80,80,80,80,80,80,80,80,80,80,80,80,80,80,80,80,80,80,85,85,85,85,85,85,88,91,94,97,107,107,107],"card_choices":[{"not_picked":["HollowMod:GreatSlash","HollowMod:LifebloodCocoon"],"picked":"HollowMod:HuntersJournal","floor":1.0},{"not_picked":["HollowMod:DescendingDark","HollowMod:BrokenVessel"],"picked":"HollowMod:NewLittleFool","floor":2.0},{"not_picked":["HollowMod:SiblingsSouls","HollowMod:SiblingsShadow","HollowMod:CycloneSlash"],"picked":"SKIP","floor":4.0},{"not_picked":["HollowMod:SharpenedNail","HollowMod:CloakDash"],"picked":"HollowMod:NewJinnsSoul","floor":5.0},{"not_picked":["HollowMod:BrokenVessel","HollowMod:ShadowDash","HollowMod:CloakDash"],"picked":"SKIP","floor":6.0},{"not_picked":["HollowMod:NewJinnsSoul","HollowMod:ShadowDash"],"picked":"HollowMod:AwokenDreamNail","floor":7.0},{"not_picked":["HollowMod:NewJinnsSoul","HollowMod:ShadowDash","HollowMod:DescendingDark"],"picked":"SKIP","floor":10},{"not_picked":["HollowMod:DreamGate","HollowMod:InfectedAttack"],"picked":"HollowMod:Weaversong","floor":14},{"not_picked":["HollowMod:NewInfectedGuardian","HollowMod:theNailsmith"],"picked":"HollowMod:ZotesMagnificence","floor":16},{"not_picked":["HollowMod:TaintedHusks+1","HollowMod:VengefulVoid+1"],"picked":"HollowMod:PerfectDash","floor":18},{"not_picked":["HollowMod:PerfectDash","HollowMod:DoubleDash"],"picked":"HollowMod:CornifersMapStart","floor":20},{"not_picked":["HollowMod:SharpenedShadows+1","HollowMod:NewLittleFool"],"picked":"HollowMod:VoidDash","floor":21},{"not_picked":["HollowMod:HuntersJournal","HollowMod:Grubsong"],"picked":"HollowMod:SlysStrikes","floor":23},{"not_picked":["HollowMod:GoodIntentions","HollowMod:InfectedAttack"],"picked":"HollowMod:FallenFury","floor":27},{"not_picked":["HollowMod:DungDefenderAura","HollowMod:WraithStrike+1"],"picked":"HollowMod:CloakDash","floor":28},{"not_picked":["HollowMod:Hiveblood","HollowMod:NewInfectedGuardian"],"picked":"HollowMod:SlysStrikes","floor":33},{"not_picked":["HollowMod:SharpenedNail+1","HollowMod:HeavyBlow+1","HollowMod:WraithStrike"],"picked":"SKIP","floor":35},{"not_picked":["HollowMod:ShadowDash","HollowMod:CrystalDash"],"picked":"HollowMod:DesolateDive+1","floor":36},{"not_picked":["HollowMod:MothsMistake","HollowMod:NewLittleFool"],"picked":"HollowMod:BrokenVessel","floor":39},{"not_picked":["HollowMod:InfectedAttack+1","HollowMod:TaintedHusks+1"],"picked":"HollowMod:BlackTendrils","floor":40},{"not_picked":["HollowMod:PureNailStrike","HollowMod:InfectedAttack+1"],"picked":"HollowMod:HowlingWraiths+1","floor":45},{"not_picked":["HollowMod:CycloneSlash+1","HollowMod:PureNailStrike"],"picked":"HollowMod:NewJinnsSoul+1","floor":46},{"not_picked":["HollowMod:NewInfectedGuardian","HollowMod:NewGlowingWomb"],"picked":"HollowMod:HuntersJournal+1","floor":47}],"player_experience":357862,"relics_obtained":[{"floor":6.0,"key":"Replay:Bottled Flurry"},{"floor":9.0,"key":"Snack Pack"},{"floor":10,"key":"HornCleat"},{"floor":15,"key":"AT_TimeSand"},{"floor":21,"key":"HollowMod:GreatKnightMask"},{"floor":23,"key":"AT_ImmortalShieldbow"},{"floor":26,"key":"AT_DeathDance"},{"floor":30,"key":"Whetstone"},{"floor":32,"key":"Mummified Hand"},{"floor":34,"key":"Grinning Jar"},{"floor":34,"key":"Golden Egg"},{"floor":34,"key":"AT_LudenTempest"},{"floor":40,"key":"Du-Vu Doll"},{"floor":42,"key":"Gremlin Food"},{"floor":43,"key":"Replay:Ringing Soul"},{"floor":46,"key":"Dead Branch"},{"floor":49,"key":"AT_TheCollector"}],"event_choices":[{"damage_healed":0,"gold_gain":0,"player_choice":"Take Wound","damage_taken":0,"relics_obtained":["Golden Idol"],"max_hp_gain":0,"max_hp_loss":0,"event_name":"Golden Idol","floor":11,"gold_loss":0,"cards_obtained":["Injury"]},{"damage_healed":0,"gold_gain":0,"player_choice":"Box","damage_taken":0,"relics_obtained":["HollowMod:StagPassRelic"],"max_hp_gain":0,"max_hp_loss":0,"event_name":"Big Fish","floor":12,"gold_loss":0,"cards_obtained":["Regret"]},{"damage_healed":0,"gold_gain":0,"cards_transformed":["HollowMod:NailStrikeStart"],"player_choice":"Transformed","damage_taken":0,"max_hp_gain":0,"max_hp_loss":0,"event_name":"Transmorgrifier","floor":13,"gold_loss":0,"cards_obtained":["HollowMod:BrokenVessel"]},{"cards_removed":["Injury"],"damage_healed":0,"gold_gain":0,"player_choice":"Gave Gold","damage_taken":0,"max_hp_gain":0,"max_hp_loss":0,"event_name":"Beggar","floor":25,"gold_loss":75},{"damage_healed":0,"gold_gain":0,"player_choice":"Embrace Madness","damage_taken":10,"max_hp_gain":0,"max_hp_loss":0,"event_name":"Winding Halls","floor":37,"gold_loss":0,"cards_obtained":["Madness","Madness"]},{"damage_healed":0,"gold_gain":0,"cards_transformed":["HollowMod:QuickDashStart"],"player_choice":"Transformed","damage_taken":0,"max_hp_gain":0,"max_hp_loss":0,"event_name":"Transmorgrifier","floor":41,"gold_loss":0,"cards_obtained":["HollowMod:AwokenDreamNail"]},{"damage_healed":0,"gold_gain":0,"player_choice":"Fight","damage_taken":0,"max_hp_gain":0,"max_hp_loss":0,"event_name":"MindBloom","floor":46,"gold_loss":0}],"is_beta":false,"boss_relics":[{"not_picked":["SlaversCollar","Runic Pyramid"],"picked":"Cursed Key"},{"not_picked":["HollowMod:VoidIdolRelic","ReplayTheSpireMod:DimensionalGlitch"],"picked":"Calling Bell"}],"items_purged_floors":[3,22,29,31,38,44,48],"is_endless":false,"potions_floor_spawned":[4,7,14,16,20,21,27,40,45,47],"ascension_level":2}}