{"host":"36mulxq349byzoa2","time":1609893337,"event":{"mods":["AchievementEnabler","BaseMod","Better Match","Block Reminder","Colored Map","Colored Powertips","Minty Spire (QoL Compilation)","Rare Cards Sparkle","StSLib","SuperFastMode"],"gold_per_floor":[119,137,137,155,30,30,30],"floor_reached":6,"playtime":187,"items_purged":[],"score":70,"play_id":"4cfb1b7b-d148-4999-9282-5df950f52cb9","local_time":"20210105193537","is_ascension_mode":true,"campfire_choices":[],"circlet_count":0,"master_deck":["AscendersBane","Strike_G","Strike_G","Strike_G","Strike_G","Strike_G","Defend_G","Defend_G","Defend_G","Defend_G","Survivor","Neutralize","Underhanded Strike","Flying Knee","Backflip","Blind+1","Enlightenment+1","Discovery+1"],"relics":["HoveringKite"],"acts_visited":["Exordium"],"potions_floor_usage":[6],"damage_taken":[{"damage":8,"enemies":"Cultist","floor":1,"turns":6},{"damage":4,"enemies":"Small Slimes","floor":2,"turns":5},{"damage":12,"enemies":"Jaw Worm","floor":4,"turns":5},{"damage":34,"enemies":"Gremlin Nob","floor":6,"turns":4}],"seed_played":"-3765426485168707677","potions_obtained":[{"floor":4,"key":"Swift Potion"}],"is_trial":false,"path_per_floor":["M","M","?","M","?","E"],"character_chosen":"THE_SILENT","items_purchased":[],"campfire_rested":0,"item_purchase_floors":[],"current_hp_per_floor":[51,47,47,35,35,1,1],"gold":30,"neow_bonus":"BOSS_RELIC","is_daily":false,"chose_seed":false,"campfire_upgraded":0,"win_rate":0.0,"timestamp":1609893337,"path_taken":["M","M","?","M","?","E"],"items_purchased_type":[],"build_version":"2020-12-22","purchased_purges":0,"victory":false,"max_hp_per_floor":[66,66,66,66,66,66,66],"card_choices":[{"not_picked":["Poisoned Stab","Footwork"],"picked":"Underhanded Strike","floor":1},{"not_picked":["Distraction","Blade Dance"],"picked":"Flying Knee","floor":2},{"not_picked":["Poisoned Stab","Cloak And Dagger"],"picked":"Backflip","floor":4},{"not_picked":["Forethought+1","Purity+1"],"picked":"Blind+1","floor":5},{"not_picked":["Dark Shackles+1","Deep Breath+1"],"picked":"Enlightenment+1","floor":5},{"not_picked":["Bandage Up+1","Jack Of All Trades+1"],"picked":"Discovery+1","floor":5}],"player_experience":1005448,"relics_obtained":[],"event_choices":[{"cards_removed":["Defend_G"],"damage_healed":0,"gold_gain":0,"player_choice":"Forget","damage_taken":0,"max_hp_gain":0,"max_hp_loss":0,"event_name":"Living Wall","floor":3,"gold_loss":0},{"damage_healed":0,"gold_gain":0,"player_choice":"3","damage_taken":0,"max_hp_gain":0,"max_hp_loss":0,"event_name":"betterMatch:BetterMatch","floor":5,"gold_loss":0,"cards_obtained":["betterMatch:ColorlessUncommonCard"]}],"is_beta":false,"boss_relics":[],"items_purged_floors":[],"is_endless":false,"potions_floor_spawned":[4],"killed_by":"Gremlin Nob","ascension_level":19}}