{"host":"6p0attdrtjqaih7v","time":1609957329,"event":{"mods":["2.2 Compatiblity","AchievementEnabler","Bard","BaseMod","Better Skull","Better Third Choice","Colored Powertips","Hermit","Highlight Path","Jorbs\u0027s Wanderer Trilogy","Key Reminder","Minty Spire (QoL Compilation)","Permanent Neow","Quick Restart","Random Character Button","Relic Stats","Replay The Spire","StSLib","The Construct"],"gold_per_floor":[118,118,128,143,59,92,108,120,120,152,152,152,163,174,174,174,174],"floor_reached":16,"playtime":523,"items_purged":[],"score":222,"play_id":"e8b69203-f9f4-43cf-97a8-d8fa7fdb46a8","local_time":"20210106132209","is_ascension_mode":true,"campfire_choices":[{"data":"Immolate","floor":12,"key":"SMITH"},{"data":"Rampage","floor":15,"key":"SMITH"}],"circlet_count":0,"master_deck":["AscendersBane","Strike_R","Strike_R","Strike_R","Strike_R","Defend_R","Defend_R","Defend_R","Defend_R","Bash+1","Immolate+1","Exhume+1","Shrug It Off","Rampage+1"],"relics":["Burning Blood","Thread and Needle","Sundial","Gremlin Horn"],"acts_visited":["Exordium"],"potions_floor_usage":[6,10,16],"damage_taken":[{"damage":1,"enemies":"Cultist","floor":1,"turns":3},{"damage":14,"enemies":"Jaw Worm","floor":3,"turns":4},{"damage":4,"enemies":"Small Slimes","floor":4,"turns":4},{"damage":55,"enemies":"3 Sentries","floor":6,"turns":11},{"damage":0,"enemies":"3 Louse","floor":7,"turns":1},{"damage":0,"enemies":"2 Fungi Beasts","floor":8,"turns":2},{"damage":26,"enemies":"Gremlin Nob","floor":10,"turns":4},{"damage":4,"enemies":"Blue Slaver","floor":13,"turns":4},{"damage":0,"enemies":"Gremlin Gang","floor":14,"turns":1},{"damage":23,"enemies":"Hexaghost","floor":16,"turns":9}],"seed_played":"516387258092303100","potions_obtained":[{"floor":4,"key":"Elixir"},{"floor":7,"key":"LiquidBronze"},{"floor":10,"key":"SmokeBomb"}],"is_trial":false,"path_per_floor":["M","?","M","M","$","E","M","M","T","E","?","R","M","M","R","B"],"character_chosen":"IRONCLAD","items_purchased":["DuplicationPotion"],"campfire_rested":0,"item_purchase_floors":[5],"current_hp_per_floor":[73,73,65,67,67,18,24,30,30,10,10,10,12,18,18,0,0],"gold":174,"neow_bonus":"UPGRADE_CARD","is_daily":false,"chose_seed":false,"campfire_upgraded":2,"win_rate":0.0,"timestamp":1609957329,"path_taken":["M","?","M","M","?","E","M","M","T","E","?","R","M","M","R","BOSS"],"items_purchased_type":["Potion"],"build_version":"2020-12-22","purchased_purges":0,"victory":false,"max_hp_per_floor":[75,75,75,75,75,75,75,75,75,75,75,75,75,75,75,75,75],"relic_stats":{"Gremlin Horn":[0,0],"counters":[10,43],"Sundial":[2],"obtain_stats":[{"Gremlin Horn":10,"Sundial":9,"Thread and Needle":6,"Burning Blood":0},{"Gremlin Horn":7,"Sundial":6,"Thread and Needle":4,"Burning Blood":0},{"Gremlin Horn":29,"Sundial":25,"Thread and Needle":22,"Burning Blood":0}],"Burning Blood":54},"card_choices":[{"not_picked":["Shrug It Off","Whirlwind"],"picked":"Thunderclap","floor":1},{"not_picked":["Searing Blow","Flex","Perfected Strike"],"picked":"SKIP","floor":3},{"not_picked":["Headbutt","Flex","Heavy Blade"],"picked":"SKIP","floor":4},{"not_picked":["Warcry","Evolve"],"picked":"Immolate","floor":6},{"not_picked":["Headbutt","Armaments","Heavy Blade"],"picked":"SKIP","floor":7},{"not_picked":["Flex","Entrench","Sword Boomerang"],"picked":"SKIP","floor":8},{"not_picked":["Headbutt","Seeing Red","Thunderclap"],"picked":"SKIP","floor":10},{"not_picked":["Twin Strike","Cleave"],"picked":"Shrug It Off","floor":13},{"not_picked":["Dropkick","Body Slam"],"picked":"Rampage","floor":14}],"player_experience":953033,"relics_obtained":[{"floor":6,"key":"Thread and Needle"},{"floor":9,"key":"Sundial"},{"floor":10,"key":"Gremlin Horn"}],"event_choices":[],"is_beta":false,"boss_relics":[],"items_purged_floors":[],"is_endless":false,"potions_floor_spawned":[4,7,8,10],"killed_by":"Hexaghost","ascension_level":19}}