{"host":"mdbnki27vzqujy5q","time":1609922159,"event":{"mods":["BaseMod","Colored Powertips","Minty Spire (QoL Compilation)","Quick Restart"],"gold_per_floor":[119,133,6,6,23,58,58,86,109,120,139,170,182,457,457,556,556,574,590,63,73,148,148,178,192,216,243,243,243],"floor_reached":28,"playtime":1330,"items_purged":["Defend_G","Defend_G"],"score":320,"play_id":"cefa3eb1-827b-4542-8cee-413416412621","local_time":"20210106003559","is_ascension_mode":true,"campfire_choices":[{"floor":7.0,"key":"REST"},{"floor":15.0,"key":"REST"},{"data":"Infinite Blades","floor":23.0,"key":"SMITH"}],"circlet_count":0,"master_deck":["Strike_G","Strike_G","Strike_G","Strike_G+1","Defend_G","Defend_G","Defend_G","Survivor","Neutralize","Dagger Spray","Poisoned Stab","Underhanded Strike","Footwork","Flying Knee+1","Noxious Fumes","Poisoned Stab","Backstab","Distraction+1","Finisher","Corpse Explosion","Glass Knife","Flying Knee","Infinite Blades+1","Bouncing Flask+1","Good Instincts","Noxious Fumes+1","Blur+1","Bane","Flying Knee+1"],"relics":["Ring of the Snake","NeowsBlessing","Dream Catcher","PreservedInsect","Ancient Tea Set","Orichalcum","StoneCalendar","Empty Cage","Lee\u0027s Waffle","Pen Nib","War Paint","Strawberry","Whetstone"],"acts_visited":["Exordium","TheCity"],"potions_floor_usage":[],"damage_taken":[{"damage":0.0,"enemies":"Cultist","floor":1.0,"turns":1.0},{"damage":0.0,"enemies":"Small Slimes","floor":2.0,"turns":1.0},{"damage":0.0,"enemies":"Jaw Worm","floor":5.0,"turns":1.0},{"damage":39.0,"enemies":"Lagavulin","floor":6.0,"turns":7.0},{"damage":11.0,"enemies":"Gremlin Nob","floor":8.0,"turns":4.0},{"damage":10.0,"enemies":"Lots of Slimes","floor":10.0,"turns":4.0},{"damage":7.0,"enemies":"Blue Slaver","floor":11.0,"turns":4.0},{"damage":0.0,"enemies":"3 Sentries","floor":12.0,"turns":2.0},{"damage":12.0,"enemies":"Exordium Thugs","floor":13.0,"turns":4.0},{"damage":17.0,"enemies":"Slime Boss","floor":16.0,"turns":7.0},{"damage":18.0,"enemies":"Spheric Guardian","floor":18.0,"turns":5.0},{"damage":14.0,"enemies":"2 Thieves","floor":19.0,"turns":3.0},{"damage":0.0,"enemies":"3 Cultists","floor":21.0,"turns":2.0},{"damage":15.0,"enemies":"Book of Stabbing","floor":24.0,"turns":4.0},{"damage":11.0,"enemies":"Centurion and Healer","floor":25.0,"turns":3.0},{"damage":39.0,"enemies":"Slavers","floor":27.0,"turns":4.0},{"damage":18,"enemies":"Shelled Parasite and Fungi","floor":28,"turns":2}],"seed_played":"4545207748619430067","potions_obtained":[{"floor":11.0,"key":"SteroidPotion"},{"floor":12.0,"key":"Regen Potion"},{"floor":13.0,"key":"PowerPotion"},{"floor":21.0,"key":"AttackPotion"},{"floor":24.0,"key":"Strength Potion"}],"is_trial":false,"path_per_floor":["M","M","$","?","M","E","R","E","T","M","M","E","M","?","R","B",null,"M","M","$","M","?","R","E","M","T","E","M"],"character_chosen":"THE_SILENT","items_purchased":["Poisoned Stab","Lee\u0027s Waffle","Bouncing Flask","Good Instincts","Pen Nib"],"campfire_rested":2,"item_purchase_floors":[3,20,20,20,20],"current_hp_per_floor":[70,70,70,70,70,31,52,41,41,31,24,24,24,24,45,28,70,52,38,77,77,70,70,55,44,51,12,0,0],"gold":243,"neow_bonus":"THREE_ENEMY_KILL","is_daily":false,"chose_seed":false,"campfire_upgraded":1,"win_rate":0.0,"timestamp":1609922159,"path_taken":["M","M","?","?","M","E","R","E","T","M","M","E","?","?","R","BOSS","M","M","?","M","?","R","E","?","T","E","?"],"items_purchased_type":["Card","Relic","Card","Card","Relic"],"build_version":"2020-12-22","purchased_purges":2,"victory":false,"max_hp_per_floor":[70,70,70,70,70,70,70,70,70,70,70,70,70,70,70,70,70,70,70,77,77,77,77,77,77,84,84,84,84],"card_choices":[{"not_picked":["Dodge and Roll","Riddle With Holes"],"picked":"Deadly Poison","floor":1.0},{"not_picked":["All Out Attack","Endless Agony"],"picked":"Dagger Spray","floor":2.0},{"not_picked":["Infinite Blades","Sucker Punch"],"picked":"Underhanded Strike","floor":5.0},{"not_picked":["Poisoned Stab","Predator"],"picked":"Footwork","floor":6.0},{"not_picked":["Caltrops","Prepared"],"picked":"Flying Knee","floor":7.0},{"not_picked":["Bane","Heel Hook"],"picked":"Noxious Fumes","floor":8.0},{"not_picked":["Tools of the Trade","Dagger Throw"],"picked":"Poisoned Stab","floor":10.0},{"not_picked":["Leg Sweep","Backflip"],"picked":"Backstab","floor":11.0},{"not_picked":["Poisoned Stab","Underhanded Strike"],"picked":"Distraction","floor":12.0},{"not_picked":["Calculated Gamble","Well Laid Plans"],"picked":"Finisher","floor":13.0},{"not_picked":["Poisoned Stab","Dagger Spray"],"picked":"Corpse Explosion","floor":15.0},{"not_picked":["Tools of the Trade","Wraith Form v2"],"picked":"Glass Knife","floor":16.0},{"not_picked":["Sucker Punch+1","Terror"],"picked":"Flying Knee","floor":18.0},{"not_picked":["Expertise","Acrobatics+1"],"picked":"Infinite Blades","floor":19.0},{"not_picked":["Dash","Calculated Gamble"],"picked":"Noxious Fumes+1","floor":21.0},{"not_picked":["Escape Plan","Tools of the Trade"],"picked":"Blur+1","floor":24.0},{"not_picked":["Flechettes","Eviscerate"],"picked":"Bane","floor":25.0},{"not_picked":["Well Laid Plans","Outmaneuver"],"picked":"Flying Knee+1","floor":27.0}],"player_experience":29394,"relics_obtained":[{"floor":6.0,"key":"PreservedInsect"},{"floor":8.0,"key":"Ancient Tea Set"},{"floor":9.0,"key":"Orichalcum"},{"floor":12.0,"key":"StoneCalendar"},{"floor":24.0,"key":"War Paint"},{"floor":26.0,"key":"Strawberry"},{"floor":27.0,"key":"Whetstone"}],"event_choices":[{"cards_removed":["Deadly Poison"],"damage_healed":0.0,"max_hp_gain":0.0,"max_hp_loss":0.0,"gold_gain":0.0,"event_name":"WeMeetAgain","player_choice":"Gave Card","floor":4.0,"gold_loss":0.0,"damage_taken":0.0,"relics_obtained":["Dream Catcher"]},{"damage_healed":0.0,"max_hp_gain":0.0,"max_hp_loss":0.0,"gold_gain":275.0,"event_name":"Golden Shrine","player_choice":"Desecrate","floor":14.0,"gold_loss":0.0,"damage_taken":0.0,"cards_obtained":["Regret"]},{"damage_healed":0.0,"max_hp_gain":0.0,"max_hp_loss":0.0,"gold_gain":75.0,"event_name":"FaceTrader","player_choice":"Touch","floor":22.0,"gold_loss":0.0,"damage_taken":7.0}],"is_beta":false,"boss_relics":[{"not_picked":["Cursed Key","Runic Dome"],"picked":"Empty Cage"}],"items_purged_floors":[3,20],"is_endless":false,"potions_floor_spawned":[11,12,13,21,24],"killed_by":"Shelled Parasite and Fungi","ascension_level":1}}