{"host":"yecadp3kwkksam5a","time":1609931072,"event":{"mods":["BaseMod","Minty Spire (QoL Compilation)","Replay The Spire","StSLib","The Jungle"],"gold_per_floor":[130,158,170,201,228,274,230,274,286,298,338,368,380,402,414,521,533,555,567,394,119,136,164,175,202,202,47,62,88,103,137,137,235,235,254,254,271,271,271,271],"floor_reached":39,"playtime":1278,"items_purged":["Defend_R"],"score":1244,"play_id":"6c02ef45-2d16-4a3e-a8f2-d20e9de61164","local_time":"20210106200432","is_ascension_mode":true,"campfire_choices":[{"floor":13.0,"key":"RECALL"},{"data":"Double Tap","floor":15.0,"key":"SMITH"},{"floor":32.0,"key":"DIG"}],"circlet_count":1,"master_deck":["Strike_R+1","Defend_R+1","Bash","Hemokinesis","Thunderclap","Inflame+1","Battle Trance+1","Shrug It Off","Twin Strike","Pummel","Sword Boomerang+1","Seeing Red","Pommel Strike","Headbutt+1","Limit Break+1","CurseOfTheBell","Shockwave+1","Dual Wield+1","Heavy Blade+1","Sword Boomerang+1","Offering","Heavy Blade+1","Inflame","Sword Boomerang","Pummel","Spot Weakness","Evolve+1","Double Tap+1","Limit Break+1","Sword Boomerang+1","Heavy Blade","Bloodletting","Double Tap+1","Berserk+1","Dual Wield+1","Offering+1","Dropkick+1","Languid"],"relics":["Burning Blood","Bag of Preparation","Strawberry","Incense Burner","Tiny Chest","Calling Bell","Centennial Puzzle","Matryoshka","Prayer Wheel","Anchor","Blood Vial","Happy Flower","War Paint","MawBank","MealTicket","InkBottle","Vajra","Busted Crown","Nunchaku","Bag of Marbles","Membership Card","Bird Faced Urn","Regal Pillow","PreservedInsect","DollysMirror","Pen Nib","Dream Catcher","Golden Egg","Bird Faced Urn","Pen Nib","ReplayFunnel","Frozen Egg 2","Bag of Marbles","Centennial Puzzle","Replay:WaspNest","Durian","Circlet","Busted Crown","theJungle:Creamberry","Replay:Ringing Soul","Lizard Tail","Self Forming Clay","ReplayTheSpireMod:Ninjato","Shovel","Replay:Mystery Machine","Divine Protection","Whetstone","SlaversCollar","ReplayTheSpireMod:Ring of Collecting","Ring of Searing","Calipers"],"acts_visited":["Exordium","theJungle:Jungle","TheBeyond"],"potions_floor_usage":[34],"damage_taken":[{"damage":0.0,"enemies":"2 Louse","floor":1.0,"turns":1.0},{"damage":0.0,"enemies":"Cultist","floor":2.0,"turns":1.0},{"damage":0.0,"enemies":"Jaw Worm","floor":4.0,"turns":1.0},{"damage":0.0,"enemies":"Red Slaver","floor":5.0,"turns":1.0},{"damage":6.0,"enemies":"Lagavulin","floor":6.0,"turns":1.0},{"damage":0.0,"enemies":"Gremlin Nob","floor":8.0,"turns":1.0},{"damage":0.0,"enemies":"Lagavulin","floor":11.0,"turns":2.0},{"damage":0.0,"enemies":"Large Slime","floor":12.0,"turns":2.0},{"damage":0.0,"enemies":"Blue Slaver","floor":14.0,"turns":1.0},{"damage":54.0,"enemies":"Hexaghost","floor":16.0,"turns":3.0},{"damage":0.0,"enemies":"theJungle:GiantWrat","floor":18.0,"turns":1.0},{"damage":6.0,"enemies":"theJungle:5_Spyders","floor":22.0,"turns":1.0},{"damage":0.0,"enemies":"theJungle:MamaSnecko","floor":23.0,"turns":1.0},{"damage":1.0,"enemies":"theJungle:SlimyTreeVines","floor":24.0,"turns":1.0},{"damage":0.0,"enemies":"theJungle:Cassacara","floor":25.0,"turns":2.0},{"damage":0.0,"enemies":"theJungle:Lyon","floor":28.0,"turns":1.0},{"damage":0.0,"enemies":"theJungle:2_Phrogs","floor":29.0,"turns":2.0},{"damage":0.0,"enemies":"theJungle:JungleHuntersEncounter","floor":30.0,"turns":2.0},{"damage":0.0,"enemies":"theJungle:Cassacara","floor":31.0,"turns":2.0},{"damage":4,"enemies":"theJungle:FunGuy","floor":33,"turns":1},{"damage":4,"enemies":"Orb Walker","floor":35,"turns":1},{"damage":53,"enemies":"3 Shapes","floor":37,"turns":2},{"damage":0,"enemies":"3 Shapes","floor":39,"turns":1}],"seed_played":"-5188067574802344967","potions_obtained":[{"floor":2.0,"key":"Fruit Juice"},{"floor":11.0,"key":"ColorlessPotion"},{"floor":35,"key":"Languid Potion"}],"is_trial":false,"path_per_floor":["M","M","?","M","M","E","?","E","T","T","E","M","R","M","R","B",null,"M","?","?","$","M","E","M","E","T","$","M","E","M","E","R","B",null,"M","?","M","T","?"],"character_chosen":"IRONCLAD","items_purchased":["Replay:Ringing Soul","Dual Wield","Offering","Dropkick","Shovel"],"campfire_rested":0,"item_purchase_floors":[21,21,21,21,27],"current_hp_per_floor":[102,102,102,102,102,102,102,102,102,102,107,107,107,107,107,59,95,103,98,98,115,115,115,115,115,115,115,115,115,115,115,115,115,120,120,123,76,76,76,76],"gold":271,"neow_bonus":"","is_daily":false,"chose_seed":false,"campfire_upgraded":1,"win_rate":0.0,"timestamp":1609931072,"path_taken":["M","M","?","?","M","E","?","E","T","?","E","M","R","M","R","BOSS","M","?","?","$","M","E","M","E","T","$","M","E","M","E","R","BOSS","M","?","M","?","?"],"items_purchased_type":["Relic","Card","Card","Card","Relic"],"build_version":"2020-12-22","purchased_purges":1,"victory":false,"max_hp_per_floor":[102,102,102,102,102,102,102,102,102,102,107,107,107,107,107,107,107,107,112,112,115,115,115,115,115,115,115,115,115,115,115,115,115,120,120,123,123,123,123,123],"card_choices":[{"not_picked":["Metallicize"],"picked":"SKIP","floor":1.0},{"not_picked":["Clash"],"picked":"SKIP","floor":1.0},{"not_picked":["Warcry"],"picked":"SKIP","floor":2.0},{"not_picked":["Iron Wave"],"picked":"SKIP","floor":2.0},{"not_picked":["Armaments"],"picked":"SKIP","floor":4.0},{"not_picked":["Seeing Red"],"picked":"SKIP","floor":4.0},{"not_picked":[],"picked":"Bloodletting","floor":5.0},{"not_picked":["Shrug It Off"],"picked":"SKIP","floor":5.0},{"not_picked":["Defy Death"],"picked":"SKIP","floor":6.0},{"not_picked":["Run Through"],"picked":"SKIP","floor":8.0},{"not_picked":["Anger"],"picked":"SKIP","floor":11.0},{"not_picked":[],"picked":"Double Tap","floor":12.0},{"not_picked":["Cleave"],"picked":"SKIP","floor":12.0},{"not_picked":["Iron Wave"],"picked":"SKIP","floor":14.0},{"not_picked":["ReplayTheSpireMod:Strike From Hell"],"picked":"SKIP","floor":14.0},{"not_picked":[],"picked":"Berserk+1","floor":16.0}],"player_experience":394827,"relics_obtained":[{"floor":0.0,"key":"Dream Catcher"},{"floor":0.0,"key":"Golden Egg"},{"floor":0.0,"key":"Bird Faced Urn"},{"floor":6.0,"key":"Pen Nib"},{"floor":8.0,"key":"Frozen Egg 2"},{"floor":9.0,"key":"Bag of Marbles"},{"floor":10.0,"key":"Centennial Puzzle"},{"floor":10.0,"key":"Replay:WaspNest"},{"floor":11.0,"key":"Durian"},{"floor":23.0,"key":"Lizard Tail"},{"floor":25.0,"key":"Self Forming Clay"},{"floor":26.0,"key":"ReplayTheSpireMod:Ninjato"},{"floor":29.0,"key":"Replay:Mystery Machine"},{"floor":31.0,"key":"Divine Protection"},{"floor":32.0,"key":"Whetstone"},{"floor":36,"key":"ReplayTheSpireMod:Ring of Collecting"},{"floor":36,"key":"Ring of Searing"},{"floor":38,"key":"Calipers"}],"event_choices":[{"damage_healed":0.0,"max_hp_gain":0.0,"max_hp_loss":0.0,"gold_gain":0.0,"event_name":"Match and Keep!","player_choice":"1 cards matched","floor":3.0,"gold_loss":0.0,"damage_taken":0.0,"cards_obtained":["Heavy Blade"]},{"damage_healed":0.0,"max_hp_gain":0.0,"max_hp_loss":0.0,"gold_gain":0.0,"event_name":"WeMeetAgain","player_choice":"Paid Gold","floor":7.0,"gold_loss":56.0,"damage_taken":0.0,"relics_obtained":["ReplayFunnel"]}],"is_beta":false,"boss_relics":[{"not_picked":["Velvet Choker","Sozu"],"picked":"Busted Crown"},{"not_picked":["Honey Jar","Runic Pyramid"],"picked":"SlaversCollar"}],"items_purged_floors":[21],"is_endless":false,"potions_floor_spawned":[2,11,14,16,23,25,29,35,37],"killed_by":"3 Shapes","ascension_level":11}}