{"host":"b995t17pt6d05w8c","time":1609950855,"event":{"mods":["AchievementEnabler","BaseMod","Colored Map","Minty Spire (QoL Compilation)","SuperFastMode"],"gold_per_floor":[118,130,146,221,221,248,248,276,300,300,317,242,260,278,278,379,379,391,306,306,357,106,106,136,223,235,281,100,119,154,169,169,264,264,276,326,342,342,361,361,394,404,404,414,414,429,203,218,218,218],"floor_reached":51,"playtime":1356,"items_purged":["Strike_P","Strike_P","Strike_P","Defend_P"],"score":1020,"play_id":"c8c83807-7597-4a34-842b-de5c334939bb","local_time":"20210107013415","is_ascension_mode":true,"campfire_choices":[{"data":"Eruption","floor":7.0,"key":"SMITH"},{"floor":10.0,"key":"REST"},{"data":"Vault","floor":15.0,"key":"SMITH"},{"data":"Ragnarok","floor":23.0,"key":"SMITH"},{"data":"MentalFortress","floor":32,"key":"SMITH"},{"data":"SandsOfTime","floor":40,"key":"SMITH"},{"data":"SpiritShield","floor":45,"key":"SMITH"},{"data":"WreathOfFlame","floor":49,"key":"SMITH"}],"circlet_count":0,"master_deck":["Defend_P","Eruption+1","Vigilance","WreathOfFlame+1","CutThroughFate","Vault+1","FollowUp","EmptyFist","Protect+1","SandsOfTime+1","Tantrum","Ragnarok+1","CrushJoints+1","LessonLearned+1","ConjureBlade+1","Ragnarok+1","MentalFortress+1","DeusExMachina+1","MentalFortress+1","SpiritShield+1","TalkToTheHand+1","FearNoEvil+1"],"relics":["PureWater","Regal Pillow","Strawberry","Boot","Tiny Chest","Snecko Eye","Nunchaku","Bag of Marbles","MawBank","Mercury Hourglass","Ornamental Fan","Omamori","SacredBark","Mango","Eternal Feather","Mummified Hand","Molten Egg 2"],"acts_visited":["Exordium","TheCity","TheBeyond"],"potions_floor_usage":[33,50],"damage_taken":[{"damage":7.0,"enemies":"Jaw Worm","floor":1.0,"turns":4.0},{"damage":6.0,"enemies":"2 Louse","floor":2.0,"turns":5.0},{"damage":0.0,"enemies":"Small Slimes","floor":3.0,"turns":2.0},{"damage":0.0,"enemies":"Lagavulin","floor":6.0,"turns":5.0},{"damage":22.0,"enemies":"3 Sentries","floor":8.0,"turns":6.0},{"damage":4.0,"enemies":"Red Slaver","floor":11.0,"turns":2.0},{"damage":3.0,"enemies":"Looter","floor":13.0,"turns":3.0},{"damage":9.0,"enemies":"Exordium Wildlife","floor":14.0,"turns":4.0},{"damage":23.0,"enemies":"The Guardian","floor":16.0,"turns":13.0},{"damage":10.0,"enemies":"3 Byrds","floor":18.0,"turns":3.0},{"damage":0.0,"enemies":"Gremlin Leader","floor":24.0,"turns":1.0},{"damage":13.0,"enemies":"Slavers","floor":27.0,"turns":3.0},{"damage":0.0,"enemies":"2 Thieves","floor":29.0,"turns":1.0},{"damage":0,"enemies":"Gremlin Leader","floor":30,"turns":1},{"damage":7,"enemies":"Cultist and Chosen","floor":31,"turns":3},{"damage":0,"enemies":"Champ","floor":33,"turns":5},{"damage":16,"enemies":"Orb Walker","floor":35,"turns":3},{"damage":0,"enemies":"Mind Bloom Boss Battle","floor":36,"turns":1},{"damage":0,"enemies":"3 Shapes","floor":37,"turns":1},{"damage":0,"enemies":"Spire Growth","floor":39,"turns":2},{"damage":8,"enemies":"Reptomancer","floor":41,"turns":3},{"damage":0,"enemies":"Transient","floor":42,"turns":5},{"damage":0,"enemies":"Writhing Mass","floor":44,"turns":2},{"damage":0,"enemies":"Jaw Worm Horde","floor":46,"turns":2},{"damage":13,"enemies":"4 Shapes","floor":48,"turns":4},{"damage":86,"enemies":"Time Eater","floor":50,"turns":7}],"seed_played":"3607938687265837842","potions_obtained":[{"floor":2.0,"key":"Ambrosia"},{"floor":6.0,"key":"AttackPotion"},{"floor":11.0,"key":"Weak Potion"},{"floor":18.0,"key":"SteroidPotion"},{"floor":27.0,"key":"DistilledChaos"},{"floor":31,"key":"Energy Potion"},{"floor":36,"key":"FairyPotion"}],"is_trial":false,"path_per_floor":["M","M","M","?","?","E","R","E","T","R","M","$","M","M","R","B",null,"M","?","?","T","$","R","E","T","T","E","$","M","E","M","R","B",null,"M","?","M","T","M","R","E","M","T","M","R","M","$","M","R","B",null],"character_chosen":"WATCHER","items_purchased":["Ragnarok","MentalFortress","FearNoEvil+1"],"campfire_rested":1,"item_purchase_floors":[22,28,47],"current_hp_per_floor":[65,59,59,48,41,48,48,26,26,64,60,60,57,48,48,25,79,69,69,69,69,69,69,69,69,69,56,56,56,56,49,49,49,79,63,77,77,77,77,89,81,81,81,81,93,93,93,80,92,6],"gold":218,"neow_bonus":"TRANSFORM_CARD","is_daily":false,"chose_seed":false,"campfire_upgraded":7,"win_rate":0.0,"timestamp":1609950855,"path_taken":["M","M","M","?","?","E","R","E","T","R","M","$","M","M","R","BOSS","M","?","?","?","$","R","E","?","T","E","?","?","E","M","R","BOSS","M","?","M","?","M","R","E","M","T","M","R","M","$","M","R","BOSS"],"items_purchased_type":["Card","Card","Card"],"build_version":"2020-12-22","purchased_purges":4,"victory":true,"max_hp_per_floor":[72,72,72,72,72,79,79,79,79,79,79,79,79,79,79,79,79,79,79,79,79,79,79,79,79,79,79,79,79,79,79,79,79,79,79,93,93,93,93,93,93,93,93,93,93,93,93,93,93,93],"card_choices":[{"not_picked":["Crescendo","CrushJoints"],"picked":"CutThroughFate","floor":1.0},{"not_picked":["Nirvana","CrushJoints"],"picked":"Vault","floor":2.0},{"not_picked":["Protect","Perseverance"],"picked":"FollowUp","floor":3.0},{"not_picked":["Evaluate","ClearTheMind"],"picked":"EmptyFist","floor":6.0},{"not_picked":["Swivel","BowlingBash","Prostrate"],"picked":"SKIP","floor":8.0},{"not_picked":["Pray","JustLucky"],"picked":"Protect","floor":11.0},{"not_picked":["SpiritShield","Perseverance"],"picked":"SandsOfTime","floor":13.0},{"not_picked":["CrushJoints","EmptyBody"],"picked":"Tantrum","floor":14.0},{"not_picked":["DevaForm","ConjureBlade"],"picked":"Ragnarok","floor":16.0},{"not_picked":["SashWhip","Crescendo"],"picked":"CrushJoints+1","floor":18.0},{"not_picked":["FlurryOfBlows","CarveReality","BattleHymn"],"picked":"SKIP","floor":24.0},{"not_picked":["SashWhip+1","SandsOfTime","ForeignInfluence"],"picked":"SKIP","floor":27.0},{"not_picked":["ThirdEye","ClearTheMind","Evaluate+1"],"picked":"SKIP","floor":29.0},{"not_picked":["PathToVictory+1","SignatureMove","ForeignInfluence"],"picked":"SKIP","floor":30},{"not_picked":["WaveOfTheHand","Evaluate+1","EmptyMind"],"picked":"SKIP","floor":31},{"not_picked":["MasterReality","Judgement"],"picked":"DeusExMachina","floor":33},{"not_picked":["FlurryOfBlows","Prostrate","ThirdEye+1"],"picked":"SKIP","floor":35},{"not_picked":["Tantrum+1","ThirdEye+1","SashWhip+1"],"picked":"SKIP","floor":37},{"not_picked":["PathToVictory+1","InnerPeace+1"],"picked":"MentalFortress+1","floor":39},{"not_picked":["InnerPeace+1","ClearTheMind+1"],"picked":"SpiritShield","floor":41},{"not_picked":["Halt+1","EmptyBody"],"picked":"TalkToTheHand+1","floor":42},{"not_picked":["CarveReality+1","SashWhip+1","Halt+1"],"picked":"SKIP","floor":44},{"not_picked":["Indignation+1","BowlingBash+1","Halt+1"],"picked":"SKIP","floor":46},{"not_picked":["ThirdEye","EmptyMind","FollowUp+1"],"picked":"SKIP","floor":48}],"player_experience":27023,"relics_obtained":[{"floor":6.0,"key":"Strawberry"},{"floor":8.0,"key":"Boot"},{"floor":9.0,"key":"Tiny Chest"},{"floor":21.0,"key":"Bag of Marbles"},{"floor":24.0,"key":"MawBank"},{"floor":26.0,"key":"Mercury Hourglass"},{"floor":27.0,"key":"Ornamental Fan"},{"floor":30,"key":"Omamori"},{"floor":36,"key":"Mango"},{"floor":38,"key":"Eternal Feather"},{"floor":41,"key":"Mummified Hand"},{"floor":43,"key":"Molten Egg 2"}],"event_choices":[{"damage_healed":0.0,"max_hp_gain":0.0,"max_hp_loss":0.0,"gold_gain":75.0,"event_name":"World of Goop","player_choice":"Gather Gold","floor":4.0,"gold_loss":0.0,"damage_taken":11.0},{"damage_healed":0.0,"max_hp_gain":0.0,"max_hp_loss":0.0,"gold_gain":0.0,"event_name":"Scrap Ooze","player_choice":"Success","floor":5.0,"gold_loss":0.0,"damage_taken":7.0,"relics_obtained":["Regal Pillow"]},{"damage_healed":0.0,"max_hp_gain":0.0,"max_hp_loss":0.0,"gold_gain":0.0,"event_name":"Addict","player_choice":"Obtained Relic","floor":19.0,"gold_loss":85.0,"damage_taken":0.0,"relics_obtained":["Nunchaku"]},{"damage_healed":0.0,"max_hp_gain":0.0,"max_hp_loss":0.0,"gold_gain":0.0,"cards_transformed":["Strike_P","Defend_P"],"event_name":"Drug Dealer","player_choice":"Became Test Subject","floor":20.0,"gold_loss":0.0,"damage_taken":0.0,"cards_obtained":["LessonLearned","ConjureBlade"]},{"damage_healed":0,"gold_gain":0,"player_choice":"Fight","damage_taken":0,"max_hp_gain":0,"max_hp_loss":0,"event_name":"MindBloom","floor":36,"gold_loss":0}],"is_beta":false,"boss_relics":[{"not_picked":["Black Star","Velvet Choker"],"picked":"Snecko Eye"},{"not_picked":["Tiny House","HolyWater"],"picked":"SacredBark"}],"items_purged_floors":[12,22,28,47],"is_endless":false,"potions_floor_spawned":[2,6,11,18,27,31,36,37,44],"ascension_level":3}}