{"host":"nu52txkaz0lj0p7m","time":1609951323,"event":{"mods":["100% Spire Juice","2.2 Compatiblity","AchievementEnabler","Arknights The Spire","Astrologer","BaseMod","Beaked The Cultist","BetterRewards","Colored Map","Colored Powertips","Conjunction","Custom Start","Dio Mod","Duelist Mod","Evolution","GifTheSpireLib","GungeonMod","Lobotomy","LobotomyExtend","Minty Spire (QoL Compilation)","Permanent Neow","Relic Filter","SIMod","Small Relic Pack","StSLib","SuperFastMode","Synergy Search","The Dragon Tamer","The Fake Hero","The Runesmith","TheFirefly"],"gold_per_floor":[768,786,330,343,363,363,263,263,336,354,354,389,108,140,140,245,245,263,278,278,295,311,311,337,337,337,35,35,1,12,31,31,129,129,141,161,179,179,190,218,218,218,244,99,114,145,145,472,472,472,472,472,472,38,68,68],"floor_reached":57,"playtime":3732,"items_purged":["luka_mod:Surrender","luka_mod:Wait","luka_mod:FlailWildly","luka_mod:DemonDecapitation"],"score":1572,"play_id":"eb28b0bb-42e7-4a01-8c0f-cd8d764dd4c1","local_time":"20210107004202","is_ascension_mode":false,"campfire_choices":[{"data":"luka_mod:TouchFluffyTail","floor":6,"key":"SMITH"},{"data":"luka_mod:DeathSwordChaosStar","floor":8,"key":"SMITH"},{"floor":15,"key":"REST"},{"data":"luka_mod:Erubetie","floor":23,"key":"SMITH"},{"data":"luka_mod:SpoilerForm","floor":25,"key":"SMITH"},{"data":"luka_mod:SealingStrike","floor":28,"key":"SMITH"},{"data":"luka_mod:OiAlice","floor":32,"key":"SMITH"},{"data":"luka_mod:SmallBody","floor":42,"key":"SMITH"},{"floor":47,"key":"RECALL"},{"data":"luka_mod:Granberia","floor":49,"key":"SMITH"},{"data":"luka_mod:Salt","floor":53,"key":"SMITH"}],"circlet_count":0,"master_deck":["luka_mod:StrikeLukaOne","luka_mod:StrikeLukaTwo","luka_mod:StrikeLukaThree+1","luka_mod:StrikeLukaFour","luka_mod:StrikeLukaFive","luka_mod:StrikeLukaSix","luka_mod:Salt+1","luka_mod:Guard","luka_mod:Edging+1","luka_mod:Meditation","luka_mod:SereneDemonSword+1","luka_mod:DeathSwordChaosStar+1","luka_mod:TouchFluffyTail+1","luka_mod:OiAlice+1","luka_mod:SpoilerForm+1","luka_mod:Erubetie+1","luka_mod:GuardedStrike+1","luka_mod:OiAlice+1","luka_mod:SealingStrike+1","luka_mod:CriticalHit","luka_mod:Daystar","luka_mod:SmallBody+1","luka_mod:Granberia+1"],"relics":["luka_mod:KeepsakeRing","EVO:Axolotl","DemoMod:SevenLeafClover","FossilizedHelix","HornCleat","DemoMod:SerJunkan","DemoMod:LamentConfigurum","DemoMod:Junk","Mercury Hourglass","Velvet Choker","Whetstone","DemoMod:NanoMachines","Medical Kit","DemoMod:ChaffGrenade","Coffee Dripper","DemoMod:BigBoy","DemoMod:PartiallyEatenCheese","TungstenRod","Frozen Eye","Old Coin","Toxic Egg 2","Lantern","relicPack:InfinityGauntlet","Toy Ornithopter"],"acts_visited":["Exordium","TheCity","TheBeyond","TheEnding"],"potions_floor_usage":[12,14,16,21,36,56,56],"damage_taken":[{"damage":6,"enemies":"Cultist","floor":1,"turns":3},{"damage":7,"enemies":"Jaw Worm","floor":2,"turns":2},{"damage":10,"enemies":"Small Slimes","floor":4,"turns":3},{"damage":8,"enemies":"Red Slaver","floor":5,"turns":3},{"damage":0,"enemies":"Exordium Wildlife","floor":10,"turns":3},{"damage":0,"enemies":"3 Sentries","floor":12,"turns":3},{"damage":9,"enemies":"Gremlin Nob","floor":14,"turns":5},{"damage":0,"enemies":"Hexaghost","floor":16,"turns":9},{"damage":0,"enemies":"Spheric Guardian","floor":18,"turns":3},{"damage":0,"enemies":"3 Byrds","floor":19,"turns":4},{"damage":0,"enemies":"3 Cultists","floor":21,"turns":4},{"damage":0,"enemies":"Snecko","floor":22,"turns":4},{"damage":0,"enemies":"Gremlin Leader","floor":24,"turns":3},{"damage":0,"enemies":"Centurion and Healer","floor":30,"turns":2},{"damage":0,"enemies":"Shelled Parasite and Fungi","floor":31,"turns":2},{"damage":0,"enemies":"Automaton","floor":33,"turns":4},{"damage":0,"enemies":"Orb Walker","floor":35,"turns":3},{"damage":0,"enemies":"3 Darklings","floor":36,"turns":2},{"damage":0,"enemies":"Writhing Mass","floor":37,"turns":3},{"damage":0,"enemies":"Spire Growth","floor":39,"turns":2},{"damage":0,"enemies":"Nemesis","floor":40,"turns":4},{"damage":0,"enemies":"Jaw Worm Horde","floor":45,"turns":2},{"damage":0,"enemies":"Reptomancer","floor":46,"turns":3},{"damage":0,"enemies":"beaked:SuperParasite","floor":48,"turns":5},{"damage":0,"enemies":"Donu and Deca","floor":50,"turns":5},{"damage":0,"enemies":"Shield and Spear","floor":55,"turns":2},{"damage":28,"enemies":"The Heart","floor":56,"turns":5}],"seed_played":"8304476508471314092","potions_obtained":[{"floor":1,"key":"GamblersBrew"},{"floor":10,"key":"LiquidBronze"},{"floor":12,"key":"DuplicationPotion"},{"floor":19,"key":"Fire Potion"},{"floor":21,"key":"Dexterity Potion"},{"floor":24,"key":"Conjunction:LightningMarble"},{"floor":30,"key":"SteroidPotion"},{"floor":33,"key":"Swift Potion"},{"floor":35,"key":"SmokeBomb"},{"floor":36,"key":"Block Potion"},{"floor":48,"key":"Strength Potion"},{"floor":55,"key":"Block Potion"}],"is_trial":false,"path_per_floor":["M","M","$","M","M","R","$","R","T","M","?","E","$","E","R","B",null,"M","M","$","M","M","R","E","R","T","$","R","?","M","M","R","B",null,"M","M","M","$","M","E","?","R","T","$","M","E","R","E","R","B",null,null,"R","$","E","B",null],"character_chosen":"LUKA_CLASS","items_purchased":["luka_mod:DeathSwordChaosStar","DemoMod:SevenLeafClover","DemoMod:LamentConfigurum","Medical Kit","Frozen Eye","Lantern","relicPack:InfinityGauntlet","Toy Ornithopter"],"campfire_rested":1,"item_purchase_floors":[3,3,13,27,44,54,54,54],"current_hp_per_floor":[34,27,27,37,29,29,29,29,29,29,21,21,21,12,24,24,40,40,40,40,40,40,40,40,40,40,40,40,40,40,40,40,40,40,40,40,40,40,40,40,40,40,40,40,40,40,40,40,40,3,3,42,42,42,42,14],"gold":68,"neow_bonus":"TWO_FIFTY_GOLD","is_daily":false,"chose_seed":false,"campfire_upgraded":9,"win_rate":0.0,"timestamp":1609951322,"path_taken":["M","M","$","M","M","R","$","R","T","M","?","E","$","E","R","BOSS","M","M","$","M","M","R","E","R","T","$","R","?","M","M","R","BOSS","M","M","M","$","M","E","?","R","T","$","?","E","R","E","R","BOSS","R","$","E","BOSS"],"items_purchased_type":["Card","Relic","Relic","Relic","Relic","Card","Relic","Relic"],"build_version":"2020-12-22","purchased_purges":4,"victory":true,"max_hp_per_floor":[40,40,40,40,40,40,40,40,40,40,40,40,40,40,40,40,40,40,40,40,40,40,40,40,40,40,40,40,40,40,40,40,40,40,40,40,40,40,40,40,40,40,40,40,40,40,40,40,40,42,42,42,42,42,42,42],"card_choices":[{"not_picked":["luka_mod:RestrictedStrike","luka_mod:Calm"],"picked":"luka_mod:DemonDecapitation","floor":1},{"not_picked":["luka_mod:WaterSlash","luka_mod:Struggle"],"picked":"luka_mod:SereneDemonSword","floor":2},{"not_picked":["luka_mod:RestrictedStrike","luka_mod:Cutscene"],"picked":"luka_mod:TouchFluffyTail","floor":4},{"not_picked":["luka_mod:DemonDecapitation","luka_mod:CriticalHit"],"picked":"luka_mod:OiAlice","floor":5},{"not_picked":["luka_mod:Alice","luka_mod:SealingStrike"],"picked":"luka_mod:SpoilerForm","floor":9},{"not_picked":["luka_mod:DemonSkullBeheading","luka_mod:ThunderThrust","luka_mod:FireSlash"],"picked":"SKIP","floor":10},{"not_picked":["luka_mod:AngryLuka","luka_mod:Feel"],"picked":"luka_mod:Erubetie","floor":12},{"not_picked":["luka_mod:WindSlash","luka_mod:DeathSwordChaosStar"],"picked":"luka_mod:GuardedStrike","floor":14},{"not_picked":["luka_mod:UnusedPoison","luka_mod:Calm","luka_mod:LightningSwordFlash"],"picked":"SKIP","floor":18},{"not_picked":["luka_mod:Calm","luka_mod:Struggle","luka_mod:StressRelief"],"picked":"SKIP","floor":19},{"not_picked":["luka_mod:WindSlash","luka_mod:RestrictedStrike","luka_mod:Undine"],"picked":"SKIP","floor":21},{"not_picked":["luka_mod:EarthRumblingDecapitation","luka_mod:IliasesJudgement","luka_mod:FireSlash+1"],"picked":"SKIP","floor":22},{"not_picked":["luka_mod:DemonDecapitation","luka_mod:PerfectTiming"],"picked":"luka_mod:OiAlice+1","floor":24},{"not_picked":["luka_mod:Daystar","luka_mod:NinefoldRakshasa"],"picked":"luka_mod:SealingStrike","floor":26},{"not_picked":["luka_mod:Sara","luka_mod:Determination"],"picked":"luka_mod:CriticalHit","floor":30},{"not_picked":["luka_mod:Overexert","luka_mod:WaterSlash","luka_mod:ThunderThrust"],"picked":"SKIP","floor":31},{"not_picked":["luka_mod:NoDebuffs","luka_mod:AlmaElma"],"picked":"luka_mod:Daystar","floor":33},{"not_picked":["luka_mod:StrikeLuka+1","luka_mod:Overexert+1","luka_mod:EndlessGuard+1"],"picked":"SKIP","floor":35},{"not_picked":["luka_mod:ThunderThrust","luka_mod:TouchFluffyTail","luka_mod:Struggle+1"],"picked":"SKIP","floor":36},{"not_picked":["luka_mod:WindSlash","luka_mod:SereneDemonSword"],"picked":"luka_mod:SmallBody","floor":37},{"not_picked":["luka_mod:HeroicStrike+1","luka_mod:Sara","luka_mod:ThunderThrust+1"],"picked":"SKIP","floor":39},{"not_picked":["luka_mod:Ilias","luka_mod:BladeOfHowlingWind+1","luka_mod:Feel+1"],"picked":"SKIP","floor":40},{"not_picked":["luka_mod:Sensitive","luka_mod:SuperAttack"],"picked":"luka_mod:Granberia","floor":43},{"not_picked":["luka_mod:Request","luka_mod:GuardedStrike+1","luka_mod:Intense+1"],"picked":"SKIP","floor":45},{"not_picked":["luka_mod:Daystar","luka_mod:Optimistic","luka_mod:Struggle+1"],"picked":"SKIP","floor":46},{"not_picked":["luka_mod:IliasesJudgement+1","luka_mod:ThunderThrust","luka_mod:StrikeLuka"],"picked":"SKIP","floor":48},{"not_picked":["luka_mod:BladeOfStillWater+1","luka_mod:SpoilerForm","luka_mod:Gnome+1"],"picked":"SKIP","floor":55}],"player_experience":308319,"relics_obtained":[{"floor":9,"key":"FossilizedHelix"},{"floor":9,"key":"HornCleat"},{"floor":12,"key":"DemoMod:SerJunkan"},{"floor":14,"key":"DemoMod:Junk"},{"floor":14,"key":"Mercury Hourglass"},{"floor":16,"key":"DemoMod:Junk"},{"floor":18,"key":"DemoMod:Junk"},{"floor":19,"key":"DemoMod:Junk"},{"floor":21,"key":"DemoMod:Junk"},{"floor":22,"key":"DemoMod:Junk"},{"floor":24,"key":"DemoMod:Junk"},{"floor":24,"key":"DemoMod:Junk"},{"floor":26,"key":"Whetstone"},{"floor":26,"key":"DemoMod:NanoMachines"},{"floor":30,"key":"DemoMod:Junk"},{"floor":31,"key":"DemoMod:Junk"},{"floor":33,"key":"DemoMod:Junk"},{"floor":35,"key":"DemoMod:Junk"},{"floor":36,"key":"DemoMod:Junk"},{"floor":37,"key":"DemoMod:Junk"},{"floor":39,"key":"DemoMod:Junk"},{"floor":40,"key":"DemoMod:Junk"},{"floor":40,"key":"DemoMod:PartiallyEatenCheese"},{"floor":43,"key":"TungstenRod"},{"floor":45,"key":"DemoMod:Junk"},{"floor":46,"key":"DemoMod:Junk"},{"floor":46,"key":"DemoMod:Junk"},{"floor":48,"key":"Toxic Egg 2"},{"floor":48,"key":"DemoMod:Junk"},{"floor":55,"key":"DemoMod:Junk"},{"floor":55,"key":"DemoMod:Junk"}],"event_choices":[{"damage_healed":0,"gold_gain":0,"player_choice":"Entered Light","damage_taken":8,"max_hp_gain":0,"max_hp_loss":0,"event_name":"Shining Light","floor":11,"gold_loss":0,"cards_upgraded":["luka_mod:StrikeLukaThree","luka_mod:Edging"]},{"damage_healed":0,"gold_gain":0,"player_choice":"Bought 0 Potions","damage_taken":0,"max_hp_gain":0,"max_hp_loss":0,"event_name":"The Woman in Blue","floor":41,"gold_loss":0}],"is_beta":false,"boss_relics":[{"not_picked":["relicPack:StarArrow","Empty Cage"],"picked":"Velvet Choker"},{"not_picked":["Black Star","DemoMod:RiddleOfLead"],"picked":"Coffee Dripper"}],"items_purged_floors":[3,7,13,27],"is_endless":false,"potions_floor_spawned":[1,10,12,19,21,24,30,33,35,36,45,48,55],"ascension_level":0}}