{"host":"o6rpelx2jpc8yies","time":1609904731,"event":{"mods":["BaseMod","Downfall","Minty Spire (QoL Compilation)","StSLib"],"gold_per_floor":[349,367,382,401,413,446,472,472,472],"floor_reached":8,"playtime":450,"items_purged":[],"score":64,"play_id":"4b6c3c2f-e0ae-46f6-bf93-7c4f90665737","local_time":"20210105204531","is_ascension_mode":true,"campfire_choices":[{"floor":1,"key":"RECALL"}],"circlet_count":0,"master_deck":["bronze:Strike","bronze:Strike","bronze:Strike","bronze:Strike","bronze:Defend","bronze:Defend","bronze:Defend","bronze:Defend","bronze:Replicate","bronze:Goto","bronze:Invalidate","bronze:ChosenStrike","bronze:Overload","bronze:Repulsor"],"relics":["bronze:BronzeCore","Anchor","Art of War"],"acts_visited":["Exordium"],"potions_floor_usage":[5,6],"damage_taken":[{"damage":9,"enemies":"2 Louse","floor":2,"turns":3},{"damage":1,"enemies":"Cultist","floor":3,"turns":3},{"damage":7,"enemies":"Jaw Worm","floor":4,"turns":3},{"damage":4,"enemies":"3 Louse","floor":5,"turns":2},{"damage":32,"enemies":"Lagavulin","floor":6,"turns":9},{"damage":30,"enemies":"Gremlin Nob","floor":8,"turns":3}],"seed_played":"8788444586216365452","potions_obtained":[{"floor":3,"key":"SpeedPotion"},{"floor":4,"key":"Fire Potion"}],"is_trial":false,"path_per_floor":["R","M","M","M","M","E","T","E"],"character_chosen":"THE_AUTOMATON","items_purchased":[],"campfire_rested":0,"item_purchase_floors":[],"current_hp_per_floor":[63,54,53,46,42,10,10,0,0],"gold":472,"neow_bonus":"TWO_FIFTY_GOLD","is_daily":false,"chose_seed":false,"campfire_upgraded":0,"win_rate":0.0,"timestamp":1609904731,"path_taken":["R","M","M","M","M","E","T","E"],"items_purchased_type":[],"build_version":"2020-12-22","purchased_purges":0,"victory":false,"max_hp_per_floor":[63,63,63,63,63,63,63,63,63],"card_choices":[{"not_picked":["bronze:DelayedSlice","bronze:Overload"],"picked":"bronze:Invalidate","floor":2},{"not_picked":["bronze:BitShift","bronze:Constructor"],"picked":"bronze:ChosenStrike","floor":3},{"not_picked":["bronze:Invalidate","bronze:Terminator"],"picked":"bronze:Overload","floor":4},{"not_picked":["bronze:ChildClass","bronze:BugBarrage"],"picked":"bronze:Repulsor","floor":5},{"not_picked":["bronze:ChildClass","bronze:ShipIt","bronze:Repulsor"],"picked":"SKIP","floor":6}],"player_experience":1738982,"relics_obtained":[{"floor":6,"key":"Anchor"},{"floor":7,"key":"Art of War"}],"event_choices":[],"is_beta":false,"boss_relics":[],"items_purged_floors":[],"is_endless":false,"potions_floor_spawned":[3,4],"killed_by":"Gremlin Nob","ascension_level":2}}