{"host":"wonp23fsqqcu31ie","time":1609934017,"event":{"mods":["2.2 Compatiblity","AchievementEnabler","Aspiration","BaseMod","Bestiary","Better Altar","Better Match","Better Sensory Stone","Better Skull","Better Third Choice","BetterRewards","Block Reminder","Colored Map","Colored Powertips","Conspire","Curses Come First","DeckTracker","Displayed Cursed Tome","Downfall","Evolution","Hermit","Highlight Path","Hubris","Marisa????????","Minty Spire (QoL Compilation)","Permanent Neow","Prisma Mod","Quick Restart","Rare Cards Sparkle","Relic Stats","Replay The Spire","Robot Space Explorer","Shade Mod","Shop Mod","StSLib","SuperFastMode","The Animator","The Bug Knight","The Construct","The Cursed","The Dragon Tamer","The Gatherer","The Marked","The Necromancer","The Runesmith","The Servant 0.9.4"],"gold_per_floor":[113,129,129,148,159,159,159,189,201,288,114,464,476,489,489,588,588,598,598,631,631,80,108,108,108],"floor_reached":24,"playtime":678,"items_purged":["hubris:Sloth"],"score":314,"play_id":"5a30b177-098c-4d93-ad3a-dc676ab47b55","local_time":"20210106225337","is_ascension_mode":false,"campfire_choices":[{"floor":6,"key":"RECALL"},{"floor":15,"key":"REST"}],"circlet_count":0,"master_deck":["RobotSpaceExplorer:Strike","RobotSpaceExplorer:Strike","RobotSpaceExplorer:Strike","RobotSpaceExplorer:Strike","RobotSpaceExplorer:Defend","RobotSpaceExplorer:Defend","RobotSpaceExplorer:Defend","RobotSpaceExplorer:Defend","hubris:DuctTapeCard","RobotSpaceExplorer:GlueSpray","RobotSpaceExplorer:LuckyStrike","RobotSpaceExplorer:MiniBoosters","RobotSpaceExplorer:StarLightning","RobotSpaceExplorer:GlueShot","hubris:Lust","RobotSpaceExplorer:ScrapMissile","RobotSpaceExplorer:StarDust","Hallucinations","Delirium","ReplayTheSpireMod:Restless Dread","RobotSpaceExplorer:DroneSwarm","RobotSpaceExplorer:GearShield","RobotSpaceExplorer:BlastShield","RobotSpaceExplorer:MiniBoosters+1","RobotSpaceExplorer:MetalStrike+1","Replay:SS_fish_3","RobotSpaceExplorer:Comet","RobotSpaceExplorer:GlueShot+1"],"relics":["RobotSpaceExplorer:TurboCore","EVO:Axolotl","MerchantsRug","Oddly Smooth Stone","hubris:DuctTape","aspiration:BabyByrd","BranchBurnRelic","ReplayTheSpireMod:CursedCoin","Kunai","ReplayTheSpireMod:Ring of Challenge","Ring of Greed","Replay:Wax Seal","PreservedInsect","aspiration:RitualStick","Onion Ring","RobotSpaceExplorer:PlasmaHourglass"],"acts_visited":["TheCity"],"potions_floor_usage":[8,16,16,18,24],"damage_taken":[{"damage":0,"enemies":"Jaw Worm","floor":1,"turns":4},{"damage":0,"enemies":"2 Louse","floor":2,"turns":2},{"damage":0,"enemies":"Small Slimes","floor":4,"turns":3},{"damage":0,"enemies":"Exordium Wildlife","floor":5,"turns":5},{"damage":35,"enemies":"Gremlin Nob","floor":8,"turns":5},{"damage":10,"enemies":"Blue Slaver","floor":13,"turns":4},{"damage":23,"enemies":"Large Slime","floor":14,"turns":6},{"damage":52,"enemies":"The Guardian","floor":16,"turns":10},{"damage":12,"enemies":"Spheric Guardian","floor":18,"turns":4},{"damage":41,"enemies":"conspire:MimicChest","floor":20,"turns":7},{"damage":20,"enemies":"Book of Stabbing","floor":23,"turns":5},{"damage":7,"enemies":"Shell Parasite","floor":24,"turns":5}],"seed_played":"-5326319686003829440","potions_obtained":[{"floor":1,"key":"conspire:TimeTravelPotion"},{"floor":8,"key":"Flashbang"},{"floor":14,"key":"champ:CounterPotion"},{"floor":20,"key":"SkillPotion"}],"is_trial":false,"path_per_floor":["M","M","?","M","M","R","?","E","T","?","$","?","M","M","R","B",null,"M","?","?","?","$","E","M"],"character_chosen":"RobotSpaceExplorer","items_purchased":["Lee\u0027s Waffle","MerchantsRug","Oddly Smooth Stone","hubris:DuctTape","ReplayTheSpireMod:CursedCoin","Kunai","RobotSpaceExplorer:ScrapMissile","RobotSpaceExplorer:StarDust","Onion Ring","Replay:SS_fish_3","RobotSpaceExplorer:Comet"],"campfire_rested":1,"item_purchase_floors":[0,0,0,0,11,11,11,11,22,22,22],"current_hp_per_floor":[82,82,82,82,82,82,82,66,66,55,55,55,45,22,46,9,82,70,82,41,25,25,5,0,0],"gold":108,"neow_bonus":"","is_daily":false,"chose_seed":false,"campfire_upgraded":0,"win_rate":0.0,"timestamp":1609934017,"path_taken":["M","M","?","M","M","R","?","E","T","?","$","?","M","M","R","BOSS","M","?","?","?","?","E","?"],"items_purchased_type":["Relic","Relic","Relic","Relic","Relic","Relic","Card","Card","Relic","Card","Card"],"build_version":"2020-12-22","purchased_purges":1,"victory":false,"max_hp_per_floor":[82,82,82,82,82,82,82,82,82,82,82,82,82,82,82,82,82,82,82,82,82,82,82,82,82],"relic_stats":{"counters":[113,478],"PreservedInsect":40,"Kunai":[4],"obtain_stats":[{"Calipers":6,"conspire:RoyalGoblet":17,"aspiration:Stabinomicon":27,"Whetstone":42,"EVO:Axolotl":0,"Sling":38,"Boot":0,"aspiration:RitualStick":22,"Ring of Searing":2,"Old Coin":12,"hubris:AstralHammer":9,"aspiration:BabyByrd":3,"hubris:DeckOfHolding":17,"aspiration:ArtOfWarUpgrade":12,"Kunai":11,"Replay:Wax Seal":19,"conspire:Dentures":44,"MerchantsRug":30,"Happy Flower":8,"hubris:DuctTape":12,"ReplayTheSpireMod:CursedCoin":11,"Dead Branch":0,"Oddly Smooth Stone":0,"RobotSpaceExplorer:RingOfTheNewt":0,"Pen Nib":0,"Replay:Ancient Bell":17,"aspiration:SeaSaltIceCream":9,"War Paint":54,"RobotSpaceExplorer:TurboCore":17,"Du-Vu Doll":17,"Replay:Baseball":13,"Bird Faced Urn":17,"MutagenicStrength":19,"ReplayTheSpireMod:Ring of Collecting":2,"Onion Ring":22,"CultistMask":28,"Black Star":17,"ReplayTheSpireMod:TigerMarble":17,"Nloth\u0027s Gift":20,"hubris:ToyBattleship":24,"hubris:TenFootPole":26,"MiniHakkero":0,"Grinning Jar":23,"conspire:Flyswatter":41,"ReplayTheSpireMod:Ring of Exchange":26,"Lantern":25,"RobotSpaceExplorer:PlasmaHourglass":23,"conspire:SpecialSausage":0,"Blue Doll":8,"Juzu Bracelet":46,"hubris:SlimyHat":17,"SproutingBranch":10,"conspire:TopHat":38,"aspiration:StickyExplosives_weak":26,"BranchBurnRelic":6,"Dream Catcher":47,"hubris:Icosahedron":19,"Ring of Fangs":9,"Mummified Hand":43,"hubris:ScarierMask":17,"hubris:FunFungus":44,"HandmadeGrimoire":30,"Red Mask":42,"Guardian:BottledAnomaly":34,"SimpleLauncher":30,"Runesmith:Nanobots":53,"Lee\u0027s Waffle":19,"Replay:Towering Pillar of Hats":49,"Guide Book":0,"conspire:RunicOctahedron":34,"RobotSpaceExplorer:RoboCore":19,"Replay:WaspNest":17,"PreservedInsect":20,"Ring of Greed":12,"hubris:Towel":36,"MawBank":8,"Mercury Hourglass":9,"Calling Bell":17,"ShroomBag":29,"hubris:Spice":0,"Ring of Fury":43,"Art of War":6,"Membership Card":37,"ReplayTheSpireMod:Ring of Challenge":12,"TungstenRod":0,"aspiration:MarisaSkillbook":34},{"Calipers":5,"conspire:RoyalGoblet":85,"aspiration:Stabinomicon":30,"Whetstone":97,"EVO:Axolotl":101,"Sling":35,"Boot":55,"aspiration:RitualStick":54,"Ring of Searing":76,"Old Coin":106,"hubris:AstralHammer":21,"aspiration:BabyByrd":103,"hubris:DeckOfHolding":52,"aspiration:ArtOfWarUpgrade":61,"Kunai":106,"Replay:Wax Seal":65,"conspire:Dentures":98,"MerchantsRug":32,"Happy Flower":21,"hubris:DuctTape":23,"ReplayTheSpireMod:CursedCoin":106,"Dead Branch":101,"Oddly Smooth Stone":75,"RobotSpaceExplorer:RingOfTheNewt":44,"Pen Nib":75,"Replay:Ancient Bell":24,"aspiration:SeaSaltIceCream":21,"War Paint":43,"RobotSpaceExplorer:TurboCore":109,"Du-Vu Doll":24,"Replay:Baseball":51,"Bird Faced Urn":52,"MutagenicStrength":53,"ReplayTheSpireMod:Ring of Collecting":76,"Onion Ring":111,"CultistMask":69,"Black Star":10,"ReplayTheSpireMod:TigerMarble":24,"Nloth\u0027s Gift":86,"hubris:ToyBattleship":89,"hubris:TenFootPole":89,"MiniHakkero":0,"Grinning Jar":28,"conspire:Flyswatter":97,"ReplayTheSpireMod:Ring of Exchange":89,"Lantern":69,"RobotSpaceExplorer:PlasmaHourglass":112,"conspire:SpecialSausage":16,"Blue Doll":48,"Juzu Bracelet":39,"hubris:SlimyHat":52,"SproutingBranch":22,"conspire:TopHat":35,"aspiration:StickyExplosives_weak":29,"BranchBurnRelic":105,"Dream Catcher":40,"hubris:Icosahedron":25,"Ring of Fangs":80,"Mummified Hand":97,"hubris:ScarierMask":64,"hubris:FunFungus":38,"HandmadeGrimoire":32,"Red Mask":37,"Guardian:BottledAnomaly":94,"SimpleLauncher":32,"Runesmith:Nanobots":42,"Lee\u0027s Waffle":86,"Replay:Towering Pillar of Hats":100,"Guide Book":75,"conspire:RunicOctahedron":34,"RobotSpaceExplorer:RoboCore":86,"Replay:WaspNest":24,"PreservedInsect":111,"Ring of Greed":106,"hubris:Towel":73,"MawBank":106,"Mercury Hourglass":6,"Calling Bell":52,"ShroomBag":32,"hubris:Spice":55,"Ring of Fury":97,"Art of War":58,"Membership Card":95,"ReplayTheSpireMod:Ring of Challenge":106,"TungstenRod":55,"aspiration:MarisaSkillbook":72},{"Calipers":12,"conspire:RoyalGoblet":311,"aspiration:Stabinomicon":90,"Whetstone":390,"EVO:Axolotl":418,"Sling":102,"Boot":170,"aspiration:RitualStick":167,"Ring of Searing":260,"Old Coin":437,"hubris:AstralHammer":59,"aspiration:BabyByrd":424,"hubris:DeckOfHolding":159,"aspiration:ArtOfWarUpgrade":189,"Kunai":437,"Replay:Wax Seal":206,"conspire:Dentures":400,"MerchantsRug":98,"Happy Flower":59,"hubris:DuctTape":67,"ReplayTheSpireMod:CursedCoin":437,"Dead Branch":418,"Oddly Smooth Stone":257,"RobotSpaceExplorer:RingOfTheNewt":117,"Pen Nib":257,"Replay:Ancient Bell":76,"aspiration:SeaSaltIceCream":59,"War Paint":114,"RobotSpaceExplorer:TurboCore":457,"Du-Vu Doll":76,"Replay:Baseball":148,"Bird Faced Urn":159,"MutagenicStrength":163,"ReplayTheSpireMod:Ring of Collecting":260,"Onion Ring":468,"CultistMask":225,"Black Star":27,"ReplayTheSpireMod:TigerMarble":76,"Nloth\u0027s Gift":319,"hubris:ToyBattleship":339,"hubris:TenFootPole":339,"MiniHakkero":0,"Grinning Jar":86,"conspire:Flyswatter":390,"ReplayTheSpireMod:Ring of Exchange":339,"Lantern":225,"RobotSpaceExplorer:PlasmaHourglass":473,"conspire:SpecialSausage":46,"Blue Doll":135,"Juzu Bracelet":107,"hubris:SlimyHat":159,"SproutingBranch":63,"conspire:TopHat":102,"aspiration:StickyExplosives_weak":88,"BranchBurnRelic":432,"Dream Catcher":108,"hubris:Icosahedron":78,"Ring of Fangs":274,"Mummified Hand":390,"hubris:ScarierMask":203,"hubris:FunFungus":106,"HandmadeGrimoire":98,"Red Mask":105,"Guardian:BottledAnomaly":375,"SimpleLauncher":98,"Runesmith:Nanobots":113,"Lee\u0027s Waffle":319,"Replay:Towering Pillar of Hats":410,"Guide Book":257,"conspire:RunicOctahedron":101,"RobotSpaceExplorer:RoboCore":319,"Replay:WaspNest":76,"PreservedInsect":468,"Ring of Greed":437,"hubris:Towel":246,"MawBank":437,"Mercury Hourglass":14,"Calling Bell":159,"ShroomBag":98,"hubris:Spice":170,"Ring of Fury":390,"Art of War":183,"Membership Card":379,"ReplayTheSpireMod:Ring of Challenge":437,"TungstenRod":170,"aspiration:MarisaSkillbook":243}],"aspiration:RitualStick":[0]},"card_choices":[{"not_picked":["RobotSpaceExplorer:LaserBurst","RobotSpaceExplorer:SurgingStrike"],"picked":"RobotSpaceExplorer:GlueSpray","floor":1},{"not_picked":["RobotSpaceExplorer:PowerCollector","RobotSpaceExplorer:SwiftStep"],"picked":"RobotSpaceExplorer:LuckyStrike","floor":2},{"not_picked":["RobotSpaceExplorer:MetalStrike","RobotSpaceExplorer:MiniDrones"],"picked":"RobotSpaceExplorer:MiniBoosters","floor":4},{"not_picked":["RobotSpaceExplorer:GlueShot","RobotSpaceExplorer:ScrapMissile"],"picked":"RobotSpaceExplorer:StarLightning","floor":5},{"not_picked":["RobotSpaceExplorer:FranticSearch","RobotSpaceExplorer:Jetpack"],"picked":"RobotSpaceExplorer:GlueShot","floor":8},{"not_picked":["RobotSpaceExplorer:FreezingShield","RobotSpaceExplorer:ShockKick"],"picked":"RobotSpaceExplorer:DroneSwarm","floor":13},{"not_picked":["RobotSpaceExplorer:MiniDrones","RobotSpaceExplorer:Counterblock"],"picked":"RobotSpaceExplorer:GearShield","floor":14},{"not_picked":["RobotSpaceExplorer:ShockMissile","RobotSpaceExplorer:Exploration"],"picked":"RobotSpaceExplorer:BlastShield","floor":16},{"not_picked":["RobotSpaceExplorer:Probe","RobotSpaceExplorer:Pulsar"],"picked":"RobotSpaceExplorer:MiniBoosters+1","floor":18},{"not_picked":["RobotSpaceExplorer:ScrapMissile+1","RobotSpaceExplorer:LaserBurst"],"picked":"RobotSpaceExplorer:MetalStrike+1","floor":20},{"not_picked":["RobotSpaceExplorer:SwiftStep","RobotSpaceExplorer:ShovelStrike"],"picked":"RobotSpaceExplorer:GlueShot+1","floor":23}],"player_experience":474338,"relics_obtained":[{"floor":8,"key":"MawBank"},{"floor":12,"key":"ReplayTheSpireMod:Ring of Challenge"},{"floor":12,"key":"Ring of Greed"},{"floor":12,"key":"Replay:Wax Seal"},{"floor":12,"key":"Old Coin"},{"floor":20,"key":"PreservedInsect"},{"floor":23,"key":"RobotSpaceExplorer:PlasmaHourglass"}],"event_choices":[{"damage_healed":0,"gold_gain":0,"player_choice":"Leave","damage_taken":0,"max_hp_gain":0,"max_hp_loss":0,"event_name":"conspire:Investor","floor":7,"gold_loss":0},{"damage_healed":0,"gold_gain":75,"player_choice":"Gold","damage_taken":11,"max_hp_gain":0,"max_hp_loss":0,"event_name":"betterThird:BetterGoop","floor":10,"gold_loss":0},{"damage_healed":27,"gold_gain":0,"player_choice":"Heal","damage_taken":0,"max_hp_gain":0,"max_hp_loss":0,"event_name":"The Library","floor":19,"gold_loss":0}],"is_beta":false,"boss_relics":[{"not_picked":["construct:ClawGrip","Runic Dome"],"picked":"RobotSpaceExplorer:TurboCore"}],"items_purged_floors":[22],"is_endless":false,"potions_floor_spawned":[1,8,14,20],"killed_by":"Shell Parasite","ascension_level":0}}