{"host":"ws1rigs6jhqnf67d","time":1609942529,"event":{"mods":["BaseMod","Friendly Minions","KinomotoSakuraMod(ƒæ÷Æ±æ”£)","Kiyohime£®«Âºß£©","Lobotomy","LobotomyExtend","Marisa£®ÏF”Í°°ƒß¿Ì…≥£©","Minty Spire (QoL Compilation)","Remilia£®¿Ÿ√◊¿Ú—«£©","StSLib","The Bug Knight","Youmu£®ªÍ∆«—˝√Œ£©","[IsaacMod]“‘»ˆº‚À˛"],"gold_per_floor":[115,135,150,169,182,208,53,85,160,170,182,210,57,83,83,230,230,230,34,34,62,89,137,171,231,231,231,263,263,297,324,324,352,352],"floor_reached":33,"playtime":1738,"items_purged":[],"score":510,"play_id":"4c00baac-1d90-4664-859d-62d7587fb6cd","local_time":"20210106221529","is_ascension_mode":true,"campfire_choices":[{"floor":15,"key":"REST"},{"floor":27,"key":"REST"},{"data":"ClowCardTheLight","floor":29,"key":"SMITH"},{"data":"ClowCardTheMove","floor":32,"key":"SMITH"}],"circlet_count":0,"master_deck":["SakuraCardTheSword+","SakuraCardTheShield+","ClowCardTheSword","ClowCardTheSword","ClowCardTheSword","ClowCardTheShield","ClowCardTheShield","ClowCardTheShield","SpellCardSeal","SpellCardRelease","ClowCardTheMove+1","ClowCardTheLight+1","ClowCardTheThunder","ClowCardTheFreeze"],"relics":["KSMOD_SealedBook","KSMOD_StarWand","HushsDoor","Regal Pillow","SatanicBible","LetterFromLob","DeadEye","Happy Flower","Bird Faced Urn","Meat on the Bone","Pen Nib","Membership Card","SalivaCoin","Habit","Pear","Dream Catcher","HollowMod:PaleOreRelic","Gremlin Horn","PunchingBag"],"acts_visited":["Exordium","TheCity"],"potions_floor_usage":[5,14,25],"damage_taken":[{"damage":0,"enemies":"2 Louse","floor":1,"turns":4},{"damage":0,"enemies":"Jaw Worm","floor":2,"turns":1},{"damage":0,"enemies":"Cultist","floor":3,"turns":4},{"damage":9,"enemies":"3 Louse","floor":4,"turns":2},{"damage":0,"enemies":"Blue Slaver","floor":5,"turns":1},{"damage":16,"enemies":"Gremlin Nob","floor":6,"turns":3},{"damage":5,"enemies":"3 Sentries","floor":8,"turns":2},{"damage":0,"enemies":"Large Slime","floor":10,"turns":6},{"damage":0,"enemies":"Looter","floor":11,"turns":2},{"damage":14,"enemies":"Lagavulin","floor":12,"turns":5},{"damage":28,"enemies":"3 Sentries","floor":14,"turns":7},{"damage":26,"enemies":"Hexaghost","floor":16,"turns":9},{"damage":0,"enemies":"Shell Parasite","floor":21,"turns":2},{"damage":11,"enemies":"Spheric Guardian","floor":22,"turns":3},{"damage":30,"enemies":"Book of Stabbing","floor":23,"turns":4},{"damage":12,"enemies":"Cultist and Chosen","floor":24,"turns":4},{"damage":34,"enemies":"Slavers","floor":25,"turns":4},{"damage":17,"enemies":"HollowMod:Nosk","floor":28,"turns":6},{"damage":0,"enemies":"Sentry and Sphere","floor":30,"turns":3},{"damage":6,"enemies":"3 Cultists","floor":31,"turns":4},{"damage":57,"enemies":"Champ","floor":33,"turns":4}],"seed_played":"-8306957323460464276","potions_obtained":[{"floor":1,"key":"Ancient Potion"},{"floor":3,"key":"SteroidPotion"},{"floor":6,"key":"Explosive Potion"},{"floor":8,"key":"Dexterity Potion"},{"floor":23,"key":"SkillPotion"},{"floor":25,"key":"FearPotion"}],"is_trial":false,"path_per_floor":["M","M","M","M","M","E","$","E","T","M","M","E","$","E","R","B",null,"M","$","?","M","M","E","M","E","T","R","E","R","M","M","R","B"],"character_chosen":"KINOMOTOSAKURA","items_purchased":["Happy Flower","Membership Card","Habit","Pear"],"campfire_rested":2,"item_purchase_floors":[7,13,19,19],"current_hp_per_floor":[63,63,63,54,54,38,38,33,33,47,47,47,47,33,69,44,64,64,74,74,76,67,51,41,21,21,60,45,45,47,43,43,0,0],"gold":352,"neow_bonus":"RANDOM_COMMON_RELIC","is_daily":false,"chose_seed":false,"campfire_upgraded":2,"win_rate":0.0,"timestamp":1609942529,"path_taken":["M","M","M","M","M","E","$","E","T","M","M","E","$","E","R","BOSS","M","$","?","M","M","E","M","E","T","R","E","R","M","M","R","BOSS"],"items_purchased_type":["Relic","Relic","Relic","Relic"],"build_version":"2020-12-22","purchased_purges":0,"victory":false,"max_hp_per_floor":[70,70,70,70,70,70,70,70,70,70,70,70,70,70,70,70,70,70,80,80,80,80,80,80,80,80,80,80,80,80,80,80,80,80],"card_choices":[{"not_picked":[],"picked":"ChaosCard","floor":0},{"not_picked":["ClowCardTheArrow","ClowCardTheFly"],"picked":"ClowCardTheMove","floor":1},{"not_picked":["ClowCardTheDark","ClowCardTheSnow","ClowCardTheMist"],"picked":"SKIP","floor":2},{"not_picked":["ClowCardTheWood","ClowCardTheCloud"],"picked":"Bomb","floor":3},{"not_picked":["ClowCardTheVoice","ClowCardTheThrough"],"picked":"Bomb","floor":4},{"not_picked":["ClowCardTheGlow","ClowCardTheArrow","ClowCardTheMirror"],"picked":"SKIP","floor":5},{"not_picked":["ClowCardTheLock","ClowCardTheMaze"],"picked":"ClowCardTheLight","floor":6},{"not_picked":["ClowCardTheVoice","ClowCardTheSand","ClowCardTheErase"],"picked":"SKIP","floor":8},{"not_picked":["ClowCardTheTime","ClowCardTheShot","ClowCardTheWood"],"picked":"SKIP","floor":10},{"not_picked":["ClowCardTheLittle","ClowCardTheGlow","ClowCardTheMirror"],"picked":"SKIP","floor":11},{"not_picked":["ClowCardTheLoop","ClowCardTheSong","ClowCardTheVoice"],"picked":"SKIP","floor":12},{"not_picked":["ClowCardTheFlower","ClowCardTheArrow"],"picked":"Bomb","floor":14},{"not_picked":["ClowCardTheDash","ClowCardTheDark"],"picked":"ClowCardTheThunder","floor":16},{"not_picked":["ClowCardTheLoop+1","ClowCardTheChange+1","ClowCardTheSnow"],"picked":"SKIP","floor":21},{"not_picked":["ClowCardTheVoice","ClowCardTheFloat","ClowCardTheSweet+1"],"picked":"SKIP","floor":22},{"not_picked":["ClowCardTheMaze","ClowCardTheShadow+1"],"picked":"ClowCardTheFreeze","floor":23},{"not_picked":["ClowCardTheMaze+1","ClowCardTheErase","ClowCardTheSweet"],"picked":"SKIP","floor":24},{"not_picked":["ClowCardTheFlower","ClowCardTheFly","ClowCardTheWindy"],"picked":"SKIP","floor":25},{"not_picked":["ClowCardTheLibra","ClowCardTheLight","ClowCardTheBubbles"],"picked":"SKIP","floor":28},{"not_picked":["ClowCardTheFirey","ClowCardTheDream","ClowCardTheCloud+1"],"picked":"SKIP","floor":30},{"not_picked":["ClowCardTheSnow+1","ClowCardTheGlow","ClowCardTheSilent"],"picked":"SKIP","floor":31}],"player_experience":785112,"relics_obtained":[{"floor":1,"key":"LetterFromLob"},{"floor":6,"key":"DeadEye"},{"floor":8,"key":"Bird Faced Urn"},{"floor":9,"key":"Meat on the Bone"},{"floor":12,"key":"Pen Nib"},{"floor":14,"key":"SalivaCoin"},{"floor":23,"key":"Dream Catcher"},{"floor":25,"key":"HollowMod:PaleOreRelic"},{"floor":26,"key":"Gremlin Horn"},{"floor":28,"key":"PunchingBag"}],"event_choices":[{"damage_healed":0,"gold_gain":0,"player_choice":"Ignored","damage_taken":0,"max_hp_gain":0,"max_hp_loss":0,"event_name":"Ghosts","floor":20,"gold_loss":0}],"is_beta":false,"boss_relics":[{"not_picked":["Philosopher\u0027s Stone","Snecko Eye"],"picked":"KSMOD_StarWand"},{"not_picked":[]}],"items_purged_floors":[],"is_endless":false,"potions_floor_spawned":[1,3,6,8,11,23,24,25],"killed_by":"Champ","ascension_level":8}}