{"host":"w01zow3jg16g8jdh","time":1609944742,"event":{"mods":["AchievementEnabler","BaseMod","DeckTracker","Keyboard Shortcuts","Minty Spire (QoL Compilation)","Permanent Neow","StSLib","SuperFastMode"],"gold_per_floor":[113,128,147,159,174,203,75,89,112,144,144,170,188,200,200,277,277,289,289,289,303,315,348,367,367,367],"floor_reached":25,"playtime":828,"items_purged":["Strike_R"],"score":498,"play_id":"89235a01-c383-43cd-bba8-70efcf028bce","local_time":"20210106235222","is_ascension_mode":true,"campfire_choices":[{"data":"Body Slam","floor":15.0,"key":"SMITH"}],"circlet_count":0,"master_deck":["AscendersBane","Strike_R","Strike_R","Defend_R","Defend_R","Defend_R","Defend_R","Bash","Twin Strike","Second Wind","Wild Strike","Shrug It Off","Warcry","Feel No Pain","Body Slam+1","Evolve","Power Through","Burning Pact"],"relics":["Burning Blood","Singing Bowl","Regal Pillow","Centennial Puzzle","Blood Vial","Ancient Tea Set","Black Star","Potion Belt","Vajra"],"acts_visited":["Exordium","TheCity"],"potions_floor_usage":[22,23],"damage_taken":[{"damage":2.0,"enemies":"Jaw Worm","floor":1.0,"turns":3.0},{"damage":4.0,"enemies":"2 Louse","floor":2.0,"turns":3.0},{"damage":4.0,"enemies":"Small Slimes","floor":3.0,"turns":3.0},{"damage":10.0,"enemies":"Looter","floor":4.0,"turns":4.0},{"damage":28.0,"enemies":"Large Slime","floor":5.0,"turns":6.0},{"damage":17.0,"enemies":"Lagavulin","floor":6.0,"turns":6.0},{"damage":0.0,"enemies":"2 Fungi Beasts","floor":8.0,"turns":4.0},{"damage":10.0,"enemies":"Gremlin Nob","floor":10.0,"turns":3.0},{"damage":7.0,"enemies":"3 Sentries","floor":12.0,"turns":7.0},{"damage":10.0,"enemies":"Lots of Slimes","floor":13.0,"turns":4.0},{"damage":14.0,"enemies":"3 Louse","floor":14.0,"turns":3.0},{"damage":36.0,"enemies":"Hexaghost","floor":16.0,"turns":13.0},{"damage":0.0,"enemies":"Chosen","floor":18.0,"turns":7.0},{"damage":12.0,"enemies":"Spheric Guardian","floor":21.0,"turns":10.0},{"damage":47,"enemies":"3 Cultists","floor":22,"turns":9},{"damage":51,"enemies":"Slavers","floor":23,"turns":11},{"damage":9,"enemies":"Snake Plant","floor":24,"turns":2},{"damage":24,"enemies":"Book of Stabbing","floor":25,"turns":4}],"seed_played":"-558741644107064407","potions_obtained":[{"floor":1.0,"key":"CultistPotion"},{"floor":3.0,"key":"Dexterity Potion"},{"floor":5.0,"key":"FairyPotion"},{"floor":10.0,"key":"DuplicationPotion"},{"floor":14.0,"key":"BloodPotion"},{"floor":18.0,"key":"Block Potion"},{"floor":22,"key":"FearPotion"}],"is_trial":false,"path_per_floor":["M","M","M","M","M","E","$","M","T","E","?","E","M","M","R","B",null,"M","?","?","M","M","E","M","E"],"character_chosen":"IRONCLAD","items_purchased":["Body Slam"],"campfire_rested":0,"item_purchase_floors":[7],"current_hp_per_floor":[54,56,58,54,32,21,21,29,29,27,22,23,23,19,19,9,66,74,74,74,72,33,19,20,0,0],"gold":367,"neow_bonus":"TRANSFORM_TWO_CARDS","is_daily":false,"chose_seed":false,"campfire_upgraded":1,"win_rate":0.0,"timestamp":1609944742,"path_taken":["M","M","M","M","M","E","$","M","T","E","?","E","M","M","R","BOSS","M","?","?","M","M","E","M","E"],"items_purchased_type":["Card"],"build_version":"2020-12-22","purchased_purges":1,"victory":false,"max_hp_per_floor":[75,75,75,75,75,75,75,77,77,79,79,79,81,83,83,85,85,85,85,85,87,87,89,91,91,91],"card_choices":[{"not_picked":["Havoc","Sever Soul","Headbutt"],"picked":"SKIP","floor":1.0},{"not_picked":["Heavy Blade","True Grit"],"picked":"Wild Strike","floor":2.0},{"not_picked":["Heavy Blade","True Grit"],"picked":"Shrug It Off","floor":3.0},{"not_picked":["Pummel","Thunderclap","True Grit"],"picked":"SKIP","floor":4.0},{"not_picked":["True Grit","Twin Strike"],"picked":"Warcry","floor":5.0},{"not_picked":["Exhume","Sentinel"],"picked":"Feel No Pain","floor":6.0},{"not_picked":["Wild Strike","Second Wind","Armaments"],"picked":"Singing Bowl","floor":8.0},{"not_picked":["Perfected Strike","Inflame","Body Slam"],"picked":"Singing Bowl","floor":10.0},{"not_picked":["Intimidate","Entrench"],"picked":"Evolve","floor":12.0},{"not_picked":["Heavy Blade","Double Tap","Warcry"],"picked":"Singing Bowl","floor":13.0},{"not_picked":["True Grit","Body Slam","Anger"],"picked":"Singing Bowl","floor":14.0},{"not_picked":["Double Tap","Demon Form","Bludgeon"],"picked":"Singing Bowl","floor":16.0},{"not_picked":["Anger","Wild Strike"],"picked":"Power Through","floor":18.0},{"not_picked":["Disarm","Havoc","Thunderclap"],"picked":"Singing Bowl","floor":21.0},{"not_picked":["Bloodletting","Armaments"],"picked":"Burning Pact","floor":22},{"not_picked":["Thunderclap","Twin Strike","Cleave"],"picked":"Singing Bowl","floor":23},{"not_picked":["Sword Boomerang","True Grit","Power Through"],"picked":"Singing Bowl","floor":24}],"player_experience":298308,"relics_obtained":[{"floor":6.0,"key":"Singing Bowl"},{"floor":9.0,"key":"Regal Pillow"},{"floor":10.0,"key":"Centennial Puzzle"},{"floor":12.0,"key":"Ancient Tea Set"},{"floor":23,"key":"Potion Belt"},{"floor":23,"key":"Vajra"}],"event_choices":[{"damage_healed":0.0,"max_hp_gain":0.0,"max_hp_loss":0.0,"gold_gain":0.0,"event_name":"Scrap Ooze","player_choice":"Success","floor":11.0,"gold_loss":0.0,"damage_taken":5.0,"relics_obtained":["Blood Vial"]},{"damage_healed":0.0,"max_hp_gain":0.0,"max_hp_loss":0.0,"gold_gain":0.0,"event_name":"Cursed Tome","player_choice":"Ignored","floor":19.0,"gold_loss":0.0,"damage_taken":0.0},{"damage_healed":0.0,"max_hp_gain":0.0,"max_hp_loss":0.0,"gold_gain":0.0,"event_name":"Ghosts","player_choice":"Ignored","floor":20.0,"gold_loss":0.0,"damage_taken":0.0}],"is_beta":false,"boss_relics":[{"not_picked":["Tiny House","Fusion Hammer"],"picked":"Black Star"}],"items_purged_floors":[7],"is_endless":false,"potions_floor_spawned":[1,3,5,10,12,13,14,18,22],"killed_by":"Book of Stabbing","ascension_level":20}}