{"host":"wj90f2q0h2omert0","time":1609948871,"event":{"mods":["BaseMod","Beaked The Cultist","Better Third Choice","ChefMod","Clawfect","Colored Map","DeckTracker","Downfall","Gremlin Mod","Hubris","JesterMod","Minty Spire (QoL Compilation)","READ ME - Guardian Mod","Relic Stats","Robot Space Explorer","Shade Mod","StSLib","The Animator","The Blackbeard","The Bug Knight","The Caster","The Construct","The Dragon Tamer","The Druid","The Servant 0.9.4","TheLocksmith","TheSwordswoman"],"gold_per_floor":[99,99,99,99,99,109,109,94,107,117,133,133,40,58,58,58,58,58],"floor_reached":16,"playtime":1386,"items_purged":[],"score":92,"play_id":"dbb38d60-c93f-431a-af53-e499fdb7e52c","local_time":"20210106110111","is_ascension_mode":false,"campfire_choices":[{"data":"champ:Execute","floor":1,"key":"SMITH"}],"circlet_count":0,"master_deck":["champ:Strike","champ:Strike","champ:Strike","champ:Strike","champ:Defend","champ:Defend","champ:Defend","champ:Defend","champ:Execute+1","champ:Taunt","champ:TornadoPunch","champ:DefensiveShout","champ:FlashCut","champ:BladeFlurry","champ:GladiatorStyle","champ:DefensiveShout","champ:GladiatorStyle","champ:StanceDance","champ:GladiatorsShout","champ:CalledShot","champ:Encircle"],"relics":["champ:ChampionCrown","downfall:HeartsMalice","Pen Nib"],"acts_visited":["Exordium"],"potions_floor_usage":[11,15,16,16],"damage_taken":[{"damage":0,"enemies":"2 Louse","floor":2,"turns":1},{"damage":0,"enemies":"Cultist","floor":3,"turns":1},{"damage":0,"enemies":"Small Slimes","floor":4,"turns":1},{"damage":12,"enemies":"Exordium Wildlife","floor":6,"turns":4},{"damage":15,"enemies":"downfall:FleeingMerchant","floor":8,"turns":4},{"damage":18,"enemies":"Gremlin Gang","floor":9,"turns":3},{"damage":40,"enemies":"Large Slime","floor":10,"turns":6},{"damage":8,"enemies":"Red Slaver","floor":11,"turns":4},{"damage":9,"enemies":"downfall:FleeingMerchant","floor":13,"turns":4},{"damage":18,"enemies":"Exordium Wildlife","floor":14,"turns":5},{"damage":0,"enemies":"Large Slime","floor":15,"turns":1},{"damage":17,"enemies":"downfall:Defect","floor":16,"turns":3}],"seed_played":"8028782337654410620","potions_obtained":[{"floor":5,"key":"DuplicationPotion"},{"floor":5,"key":"Guardian:BlockOnCardUsePotion"},{"floor":5,"key":"SmokeBomb"},{"floor":11,"key":"Strength Potion"}],"is_trial":false,"path_per_floor":["R","M","M","M","?","M","T","$","M","M","M","?","$","M","M","B"],"character_chosen":"THE_CHAMP","items_purchased":["champ:CalledShot"],"campfire_rested":0,"item_purchase_floors":[13],"current_hp_per_floor":[90,90,90,90,90,78,78,68,50,10,2,32,28,10,10,0,0,0],"gold":58,"neow_bonus":"THREE_ENEMY_KILL","is_daily":false,"chose_seed":false,"campfire_upgraded":1,"win_rate":0.0,"timestamp":1609948871,"path_taken":["R","M","M","M","?","M","T","$","M","M","?","?","$","M","M","BOSS"],"items_purchased_type":["Card"],"build_version":"2020-12-22","purchased_purges":0,"victory":false,"max_hp_per_floor":[90,90,90,90,90,90,90,90,90,90,90,90,90,90,90,90,90,90],"relic_stats":{"counters":[12,34],"Pen Nib":[3],"obtain_stats":[{"champ:ChampionCrown":0,"downfall:HeartsMalice":0,"Pen Nib":7},{"champ:ChampionCrown":0,"downfall:HeartsMalice":0,"Pen Nib":4},{"champ:ChampionCrown":0,"downfall:HeartsMalice":0,"Pen Nib":4}]},"card_choices":[{"not_picked":["champ:EnGarde","champ:Haymaker"],"picked":"champ:TornadoPunch","floor":2},{"not_picked":["champ:FocusedDefense","champ:Haymaker"],"picked":"champ:DefensiveShout","floor":3},{"not_picked":["champ:EnragedBash","champ:RecklessLeap"],"picked":"champ:FlashCut","floor":4},{"not_picked":["champ:RapidStrikes","champ:AdrenalArmor"],"picked":"champ:BladeFlurry","floor":6},{"not_picked":["champ:CalledShot","champ:ShieldThrow"],"picked":"champ:GladiatorStyle","floor":8},{"not_picked":["champ:PerfectedStrike","champ:Haymaker"],"picked":"champ:DefensiveShout","floor":9},{"not_picked":["champ:BerserkersShout","champ:RecklessLeap"],"picked":"champ:GladiatorStyle","floor":10},{"not_picked":["champ:BerserkersShout","champ:PerfectedStrike"],"picked":"champ:StanceDance","floor":11},{"not_picked":["champ:Shatter","champ:Duel"],"picked":"champ:GladiatorsShout","floor":13},{"not_picked":["champ:BladeFlurry","champ:BringItOn"],"picked":"champ:Encircle","floor":14}],"player_experience":703909,"relics_obtained":[{"floor":7,"key":"Pen Nib"}],"event_choices":[{"damage_healed":0,"gold_gain":0,"player_choice":"Got Potions","damage_taken":0,"max_hp_gain":0,"max_hp_loss":0,"event_name":"Lab","floor":5,"gold_loss":0},{"damage_healed":30,"gold_gain":0,"player_choice":"Banana","damage_taken":0,"max_hp_gain":0,"max_hp_loss":0,"event_name":"Big Fish","floor":12,"gold_loss":0}],"is_beta":false,"boss_relics":[],"items_purged_floors":[],"is_endless":false,"potions_floor_spawned":[6,9,10,11,14],"killed_by":"downfall:Defect","ascension_level":0}}