{"host":"natui9yr7uuq78xo","time":1609927471,"event":{"mods":["BaseMod","Better Third Choice","BetterRewards","Jorbs\u0027s Wanderer Trilogy","Minty Spire (QoL Compilation)","StSLib"],"gold_per_floor":[118,118,128,142,162,192,192,217,217,233,249,274,349,205,205,304,304,319,319,333,351,367,367,392,410,410,441,441,469,469,469,469,571,571,589,724,1072,1072,1072,1072,1088,1103,1103,1103,1103,1103,1103,1153,1153,1153,1153,1153,187,218,218,218],"floor_reached":55,"playtime":4063,"items_purged":["Flash of Steel"],"score":843,"play_id":"1f051b1f-9b60-48a5-b7f5-f9b6f9947700","local_time":"20210106000431","is_ascension_mode":false,"campfire_choices":[{"data":"stsjorbsmod:FreshAdventure","floor":7.0,"key":"SMITH"},{"data":"stsjorbsmod:Prestidigitation","floor":15.0,"key":"SMITH"},{"data":"stsjorbsmod:GatherPower","floor":23.0,"key":"SMITH"},{"data":"stsjorbsmod:FindFamiliar","floor":28.0,"key":"SMITH"},{"floor":32.0,"key":"REST"},{"floor":40,"key":"REST"},{"floor":44,"key":"RECALL"},{"floor":46,"key":"DIG"},{"floor":49,"key":"DIG"},{"floor":52,"key":"DIG"}],"circlet_count":0,"master_deck":["stsjorbsmod:ForbiddenGrimoire+1","stsjorbsmod:Strike_Wanderer","stsjorbsmod:Strike_Wanderer","stsjorbsmod:Strike_Wanderer","stsjorbsmod:Strike_Wanderer+1","stsjorbsmod:Defend_Wanderer","stsjorbsmod:Defend_Wanderer","stsjorbsmod:Defend_Wanderer","stsjorbsmod:Defend_Wanderer","stsjorbsmod:FreshAdventure+1","stsjorbsmod:EyeOfTheStorm","stsjorbsmod:Firebolt","stsjorbsmod:MageArmor","stsjorbsmod:MagicMissiles","stsjorbsmod:Counterspell","stsjorbsmod:FracturedMind+1","stsjorbsmod:ChainLightning","stsjorbsmod:Prestidigitation+1","stsjorbsmod:GatherPower+1","stsjorbsmod:FindFamiliar+1","stsjorbsmod:SiphonEnergy","stsjorbsmod:TrueStrike+1","stsjorbsmod:ColorSpray+1"],"relics":["stsjorbsmod:GrimoireRelic","NeowsBlessing","Orichalcum","Torii","Question Card","Mercury Hourglass","Bronze Scales","SacredBark","Juzu Bracelet","Letter Opener","Calipers","Shovel","Velvet Choker","Mercury Hourglass","Old Coin","Vajra","Ginger","Turnip","Mummified Hand","Mango","White Beast Statue","Strange Spoon","Kunai"],"acts_visited":["Exordium","TheCity","TheBeyond","TheEnding"],"potions_floor_usage":[33,50,50,54,54],"damage_taken":[{"damage":0.0,"enemies":"Cultist","floor":1.0,"turns":1.0},{"damage":0.0,"enemies":"2 Louse","floor":3.0,"turns":2.0},{"damage":0.0,"enemies":"Jaw Worm","floor":4.0,"turns":1.0},{"damage":6.0,"enemies":"Exordium Wildlife","floor":5.0,"turns":6.0},{"damage":0.0,"enemies":"Lagavulin","floor":6.0,"turns":7.0},{"damage":9.0,"enemies":"3 Sentries","floor":8.0,"turns":8.0},{"damage":1.0,"enemies":"Red Slaver","floor":10.0,"turns":4.0},{"damage":0.0,"enemies":"2 Fungi Beasts","floor":11.0,"turns":3.0},{"damage":6.0,"enemies":"Lagavulin","floor":12.0,"turns":6.0},{"damage":0.0,"enemies":"Slime Boss","floor":16.0,"turns":7.0},{"damage":1.0,"enemies":"Spheric Guardian","floor":18.0,"turns":3.0},{"damage":0.0,"enemies":"3 Byrds","floor":20.0,"turns":2.0},{"damage":8.0,"enemies":"3 Cultists","floor":21.0,"turns":4.0},{"damage":8.0,"enemies":"Snake Plant","floor":22.0,"turns":2.0},{"damage":0.0,"enemies":"Slavers","floor":24.0,"turns":4.0},{"damage":2.0,"enemies":"Snecko","floor":25.0,"turns":5.0},{"damage":9.0,"enemies":"Book of Stabbing","floor":27.0,"turns":2.0},{"damage":22.0,"enemies":"Gremlin Leader","floor":29.0,"turns":7.0},{"damage":29,"enemies":"Champ","floor":33,"turns":5},{"damage":2,"enemies":"Orb Walker","floor":35,"turns":3},{"damage":64,"enemies":"2 Orb Walkers","floor":37,"turns":5},{"damage":7,"enemies":"3 Shapes","floor":41,"turns":3},{"damage":0,"enemies":"Transient","floor":42,"turns":5},{"damage":13,"enemies":"Mind Bloom Boss Battle","floor":48,"turns":8},{"damage":66,"enemies":"Awakened One","floor":50,"turns":11},{"damage":56,"enemies":"Shield and Spear","floor":54,"turns":5},{"damage":165,"enemies":"The Heart","floor":55,"turns":9}],"seed_played":"-8471034018741622799","potions_obtained":[{"floor":5.0,"key":"Block Potion"},{"floor":10.0,"key":"SmokeBomb"},{"floor":12.0,"key":"EntropicBrew"},{"floor":18.0,"key":"AttackPotion"},{"floor":24.0,"key":"AttackPotion"},{"floor":36,"key":"FairyPotion"},{"floor":42,"key":"SkillPotion"},{"floor":48,"key":"Regen Potion"},{"floor":54,"key":"FairyPotion"}],"is_trial":false,"path_per_floor":["M","?","M","M","M","E","R","E","T","M","M","E","?","$","R","B",null,"M","?","M","M","M","R","E","M","T","E","R","E","?","?","R","B",null,"M","?","?","?","?","R","M","M","T","R","?","R","?","?","R","B",null,"R","$","E","B"],"character_chosen":"WANDERER","items_purchased":["Bronze Scales","SteroidPotion","stsjorbsmod:LiquidVirtue","EssenceOfSteel","Mango","White Beast Statue","Strange Spoon"],"campfire_rested":2,"item_purchase_floors":[14,53,53,53,53,53,53],"current_hp_per_floor":[68,68,68,68,65,65,65,56,56,56,57,53,42,42,42,43,68,67,67,68,62,55,55,60,60,60,52,52,33,33,21,42,16,73,73,73,15,15,15,37,31,34,34,34,34,34,71,58,58,26,71,71,85,32,0,0],"gold":218,"neow_bonus":"THREE_ENEMY_KILL","is_daily":false,"chose_seed":false,"campfire_upgraded":4,"win_rate":0.0,"timestamp":1609927471,"path_taken":["M","?","M","M","M","E","R","E","T","M","?","E","?","$","R","BOSS","M","?","M","M","M","R","E","M","T","E","R","E","?","?","R","BOSS","M","?","?","?","?","R","M","M","T","R","?","R","?","?","R","BOSS","R","$","E","BOSS"],"items_purchased_type":["Relic","Potion","Potion","Potion","Relic","Relic","Relic"],"build_version":"2020-12-22","purchased_purges":1,"victory":false,"max_hp_per_floor":[68,68,68,68,68,68,68,68,68,68,68,68,68,68,68,68,68,68,68,68,68,68,68,68,68,68,68,68,68,68,73,73,73,73,73,73,75,75,75,75,75,75,75,75,71,71,71,71,71,71,71,71,85,85,85,85],"card_choices":[{"not_picked":["stsjorbsmod:Message","stsjorbsmod:Materialize"],"picked":"stsjorbsmod:Firebolt","floor":1.0},{"not_picked":["stsjorbsmod:Channel","stsjorbsmod:RefuseToForget"],"picked":"stsjorbsmod:BookOfTongues","floor":3.0},{"not_picked":["stsjorbsmod:DoubleCheck","stsjorbsmod:WeightOfMemory"],"picked":"stsjorbsmod:MageArmor","floor":4.0},{"not_picked":["stsjorbsmod:DisguiseSelf","stsjorbsmod:LoseGrip"],"picked":"stsjorbsmod:MagicMissiles","floor":5.0},{"not_picked":["stsjorbsmod:TinyHut","stsjorbsmod:RefuseToForget"],"picked":"stsjorbsmod:Counterspell","floor":6.0},{"not_picked":["stsjorbsmod:BurningFlask","stsjorbsmod:ArcaneWeapon"],"picked":"stsjorbsmod:FracturedMind","floor":8.0},{"not_picked":["stsjorbsmod:HoldMonster","stsjorbsmod:RayOfFrost","stsjorbsmod:Inferno"],"picked":"stsjorbsmod:ChainLightning","floor":10.0},{"not_picked":["stsjorbsmod:FaerieFire","stsjorbsmod:WanderingMind","stsjorbsmod:Channel"],"picked":"stsjorbsmod:Prestidigitation","floor":11.0},{"not_picked":["stsjorbsmod:TollTheDead","stsjorbsmod:DisguiseSelf","stsjorbsmod:ChainLightning","stsjorbsmod:LoseGrip"],"picked":"SKIP","floor":12.0},{"not_picked":["stsjorbsmod:HoldMonster","stsjorbsmod:DeathThroes","stsjorbsmod:Rediscovery"],"picked":"stsjorbsmod:GatherPower","floor":16.0},{"not_picked":["stsjorbsmod:BlackTentacles","stsjorbsmod:Message","stsjorbsmod:WanderingMind","stsjorbsmod:Hibernate"],"picked":"SKIP","floor":18.0},{"not_picked":["stsjorbsmod:BookOfTongues","stsjorbsmod:SmithingStrike","stsjorbsmod:UnseenServant","stsjorbsmod:RayOfFrost"],"picked":"SKIP","floor":20.0},{"not_picked":["stsjorbsmod:Introspection","stsjorbsmod:Hurt","stsjorbsmod:FaerieFire","stsjorbsmod:Prestidigitation+1"],"picked":"SKIP","floor":21.0},{"not_picked":["stsjorbsmod:Will","stsjorbsmod:Message","stsjorbsmod:BlackTentacles"],"picked":"stsjorbsmod:FindFamiliar","floor":22.0},{"not_picked":["stsjorbsmod:ChatteringStrike+1","stsjorbsmod:Counterspell","stsjorbsmod:FaerieFire+1","stsjorbsmod:BurningFlask"],"picked":"SKIP","floor":24.0},{"not_picked":["stsjorbsmod:Index","stsjorbsmod:BookOfTongues","stsjorbsmod:Inferno","stsjorbsmod:HedgeWizard"],"picked":"SKIP","floor":25.0},{"not_picked":["stsjorbsmod:UnseenServant","stsjorbsmod:FindFamiliar+1","stsjorbsmod:Firebolt","stsjorbsmod:OldPocket"],"picked":"SKIP","floor":27.0},{"not_picked":["stsjorbsmod:WeightOfMemory","stsjorbsmod:Mindworm+1","stsjorbsmod:SmithingStrike","stsjorbsmod:Thorns"],"picked":"SKIP","floor":29.0},{"not_picked":["stsjorbsmod:Trauma","stsjorbsmod:Banish","stsjorbsmod:ThirstingSword"],"picked":"stsjorbsmod:SiphonEnergy","floor":33},{"not_picked":["stsjorbsmod:WanderingMind+1","stsjorbsmod:ParryingBlow+1","stsjorbsmod:Mending+1","stsjorbsmod:FaerieFire"],"picked":"SKIP","floor":35},{"not_picked":["Secret Technique","Forethought","Blind"],"picked":"Flash of Steel","floor":36},{"not_picked":["stsjorbsmod:FracturedMind+1","stsjorbsmod:Prestidigitation","stsjorbsmod:ChatteringStrike"],"picked":"stsjorbsmod:TrueStrike+1","floor":37},{"not_picked":["stsjorbsmod:MistyStep","stsjorbsmod:TrueStrike","stsjorbsmod:BookOfTongues","stsjorbsmod:Prestidigitation"],"picked":"SKIP","floor":41},{"not_picked":["stsjorbsmod:Channel+1","stsjorbsmod:SiphonEnergy","stsjorbsmod:Hibernate","stsjorbsmod:RefuseToForget"],"picked":"SKIP","floor":42},{"not_picked":["stsjorbsmod:BookOfTongues","stsjorbsmod:UnseenServant+1","stsjorbsmod:WanderingMind"],"picked":"stsjorbsmod:ColorSpray+1","floor":48},{"not_picked":["stsjorbsmod:Channel","stsjorbsmod:Rest","stsjorbsmod:LocateObject+1","stsjorbsmod:FranticSearch+1"],"picked":"SKIP","floor":54}],"player_experience":318480,"relics_obtained":[{"floor":6.0,"key":"Orichalcum"},{"floor":8.0,"key":"Torii"},{"floor":9.0,"key":"Question Card"},{"floor":12.0,"key":"Mercury Hourglass"},{"floor":24.0,"key":"Juzu Bracelet"},{"floor":26.0,"key":"Letter Opener"},{"floor":27.0,"key":"Calipers"},{"floor":29.0,"key":"Shovel"},{"floor":36,"key":"Mercury Hourglass"},{"floor":37,"key":"Old Coin"},{"floor":46,"key":"Vajra"},{"floor":48,"key":"Ginger"},{"floor":49,"key":"Turnip"},{"floor":52,"key":"Mummified Hand"},{"floor":54,"key":"Kunai"}],"event_choices":[{"damage_healed":0.0,"max_hp_gain":0.0,"max_hp_loss":0.0,"gold_gain":0.0,"event_name":"FaceTrader","player_choice":"Leave","floor":2.0,"gold_loss":0.0,"damage_taken":0.0},{"damage_healed":0.0,"max_hp_gain":0.0,"max_hp_loss":0.0,"gold_gain":75.0,"event_name":"betterThird:BetterGoop","player_choice":"Gold","floor":13.0,"gold_loss":0.0,"damage_taken":11.0},{"damage_healed":0.0,"max_hp_gain":0.0,"max_hp_loss":0.0,"gold_gain":0.0,"event_name":"Vampires","player_choice":"Ignored","floor":19.0,"gold_loss":0.0,"damage_taken":0.0},{"damage_healed":0.0,"max_hp_gain":0.0,"max_hp_loss":0.0,"gold_gain":0.0,"event_name":"Ghosts","player_choice":"Ignored","floor":30.0,"gold_loss":0.0,"damage_taken":0.0},{"damage_healed":0.0,"max_hp_gain":5.0,"max_hp_loss":0.0,"gold_gain":0.0,"event_name":"Forgotten Altar","player_choice":"Shed Blood","floor":31.0,"gold_loss":0.0,"damage_taken":17.0},{"damage_healed":0,"gold_gain":0,"player_choice":"Random: Red","damage_taken":0,"max_hp_gain":0,"max_hp_loss":0,"event_name":"betterThird:BetterPortal","floor":36,"gold_loss":0},{"damage_healed":0,"gold_gain":0,"player_choice":"Fight","damage_taken":0,"max_hp_gain":0,"max_hp_loss":0,"event_name":"Mysterious Sphere","floor":37,"gold_loss":0},{"damage_healed":0,"gold_gain":0,"player_choice":"Upgraded","damage_taken":0,"max_hp_gain":0,"max_hp_loss":0,"event_name":"Upgrade Shrine","floor":38,"gold_loss":0,"cards_upgraded":["stsjorbsmod:FracturedMind"]},{"cards_removed":["stsjorbsmod:BookOfTongues"],"damage_healed":0,"gold_gain":0,"player_choice":"Removed Power","damage_taken":0,"max_hp_gain":0,"max_hp_loss":0,"event_name":"Falling","floor":39,"gold_loss":0},{"damage_healed":0,"gold_gain":0,"player_choice":"Max HP","damage_taken":0,"max_hp_gain":0,"max_hp_loss":4,"event_name":"Winding Halls","floor":45,"gold_loss":0},{"damage_healed":37,"gold_gain":0,"player_choice":"Full Heal","damage_taken":0,"max_hp_gain":0,"max_hp_loss":0,"event_name":"Wheel of Change","floor":47,"gold_loss":0},{"damage_healed":0,"gold_gain":0,"player_choice":"Fight","damage_taken":0,"max_hp_gain":0,"max_hp_loss":0,"event_name":"MindBloom","floor":48,"gold_loss":0}],"is_beta":false,"boss_relics":[{"not_picked":["Coffee Dripper","Sozu"],"picked":"SacredBark"},{"not_picked":["Runic Dome","Cursed Key"],"picked":"Velvet Choker"}],"items_purged_floors":[53],"is_endless":false,"potions_floor_spawned":[5,10,12,18,20,21,24,42,48,54],"killed_by":"The Heart","ascension_level":0}}