{"host":"isy2gwbfe91wqj1j","time":1609939825,"event":{"mods":["AchievementEnabler","BaseMod","Better Altar","Better Match","Better Note","Better Sensory Stone","Better Skull","Better Third Choice","BetterRewards","Minty Spire (QoL Compilation)","StSLib"],"gold_per_floor":[113,113,124,24,43,63,63,96,96,96,106,106,125,137,137,239,239,253,253,263,276,290,324,324,324],"floor_reached":24,"playtime":1776,"items_purged":["Strike_R","Strike_R"],"score":244,"play_id":"a050c46c-f7d8-40ba-aee0-21995774926d","local_time":"20210106063025","is_ascension_mode":true,"campfire_choices":[{"data":"Armaments","floor":7.0,"key":"SMITH"},{"data":"Master of Strategy","floor":10.0,"key":"SMITH"},{"data":"Whirlwind","floor":15.0,"key":"SMITH"}],"circlet_count":0,"master_deck":["Strike_R","Strike_R","Strike_R","Defend_R","Defend_R","Defend_R","Defend_R","Bash","Master of Strategy+1","Seeing Red","Iron Wave","Shrug It Off","Armaments+1","Cleave","Iron Wave","Whirlwind+1","Juggernaut","Body Slam","Juggernaut","Metallicize","Body Slam+1"],"relics":["Burning Blood","Anchor","Happy Flower","Prayer Wheel","Centennial Puzzle","Bottled Lightning","Runic Pyramid","MutagenicStrength","TungstenRod"],"acts_visited":["Exordium","TheCity"],"potions_floor_usage":[],"damage_taken":[{"damage":12.0,"enemies":"2 Louse","floor":1.0,"turns":3.0},{"damage":4.0,"enemies":"Cultist","floor":3.0,"turns":5.0},{"damage":11.0,"enemies":"Jaw Worm","floor":5.0,"turns":4.0},{"damage":1.0,"enemies":"Looter","floor":6.0,"turns":5.0},{"damage":17.0,"enemies":"Gremlin Nob","floor":8.0,"turns":5.0},{"damage":0.0,"enemies":"3 Louse","floor":11.0,"turns":3.0},{"damage":11.0,"enemies":"Large Slime","floor":13.0,"turns":4.0},{"damage":0.0,"enemies":"Gremlin Gang","floor":14.0,"turns":2.0},{"damage":23.0,"enemies":"Hexaghost","floor":16.0,"turns":9.0},{"damage":2.0,"enemies":"Chosen","floor":18.0,"turns":4.0},{"damage":2.0,"enemies":"Shell Parasite","floor":20.0,"turns":3.0},{"damage":34.0,"enemies":"Centurion and Healer","floor":21.0,"turns":6.0},{"damage":10,"enemies":"Shelled Parasite and Fungi","floor":22,"turns":6},{"damage":45,"enemies":"Gremlin Leader","floor":23,"turns":7},{"damage":12,"enemies":"3 Cultists","floor":24,"turns":2}],"seed_played":"-3538129968371999507","potions_obtained":[{"floor":8.0,"key":"ColorlessPotion"},{"floor":11.0,"key":"Swift Potion"},{"floor":13.0,"key":"SteroidPotion"},{"floor":23,"key":"BlessingOfTheForge"}],"is_trial":false,"path_per_floor":["M","?","M","$","M","M","R","E","T","R","M","?","M","M","R","B",null,"M","?","M","M","M","E","M"],"character_chosen":"IRONCLAD","items_purchased":["Anchor","Happy Flower","Master of Strategy"],"campfire_rested":0,"item_purchase_floors":[0,0,0],"current_hp_per_floor":[74,66,68,68,63,68,68,57,57,57,63,63,58,64,64,47,80,80,80,80,52,48,9,0,0],"gold":324,"neow_bonus":"","is_daily":false,"chose_seed":false,"campfire_upgraded":3,"win_rate":0.0,"timestamp":1609939825,"path_taken":["M","?","?","?","M","M","R","E","T","R","M","?","M","M","R","BOSS","M","?","M","M","M","E","M"],"items_purchased_type":["Relic","Relic","Card"],"build_version":"2020-12-22","purchased_purges":2,"victory":false,"max_hp_per_floor":[80,80,80,80,80,80,80,80,80,80,80,80,80,80,80,80,80,80,80,80,80,80,80,80,80],"card_choices":[{"not_picked":["Perfected Strike","Clash","Rampage"],"picked":"SKIP","floor":1.0},{"not_picked":["Headbutt","Pummel","Havoc"],"picked":"SKIP","floor":1.0},{"not_picked":["Twin Strike","Battle Trance"],"picked":"Seeing Red","floor":3.0},{"not_picked":["Reckless Charge","Havoc"],"picked":"Iron Wave","floor":3.0},{"not_picked":["Offering","Headbutt"],"picked":"Shrug It Off","floor":5.0},{"not_picked":["Feel No Pain","True Grit"],"picked":"Armaments","floor":5.0},{"not_picked":["Dropkick","Feel No Pain","True Grit"],"picked":"SKIP","floor":6.0},{"not_picked":["Rage","Wild Strike","Armaments"],"picked":"SKIP","floor":6.0},{"not_picked":["Pummel","True Grit"],"picked":"Cleave","floor":8.0},{"not_picked":["True Grit","Sword Boomerang"],"picked":"Iron Wave","floor":11.0},{"not_picked":["Havoc","Flex"],"picked":"Whirlwind","floor":11.0},{"not_picked":["Ghostly Armor","Armaments"],"picked":"Juggernaut","floor":13.0},{"not_picked":["Iron Wave","Clothesline","True Grit"],"picked":"SKIP","floor":13.0},{"not_picked":["Wild Strike","Sever Soul"],"picked":"Body Slam","floor":14.0},{"not_picked":["Cleave","Iron Wave","Shockwave"],"picked":"SKIP","floor":14.0},{"not_picked":["Corruption","Offering"],"picked":"Juggernaut","floor":16.0},{"not_picked":["Clash","Armaments","Body Slam"],"picked":"SKIP","floor":18.0},{"not_picked":["Sever Soul","Carnage","Heavy Blade"],"picked":"SKIP","floor":18.0},{"not_picked":["Sword Boomerang+1","Havoc","Pommel Strike"],"picked":"SKIP","floor":20.0},{"not_picked":["Seeing Red","Feel No Pain+1","Hemokinesis"],"picked":"SKIP","floor":20.0},{"not_picked":["Sword Boomerang","Blood for Blood+1","Flame Barrier"],"picked":"SKIP","floor":21.0},{"not_picked":["Second Wind+1","Heavy Blade","Twin Strike"],"picked":"SKIP","floor":21.0},{"not_picked":["Double Tap","Flex"],"picked":"Metallicize","floor":22},{"not_picked":["Sword Boomerang","Heavy Blade+1","Armaments"],"picked":"SKIP","floor":22},{"not_picked":["Bloodletting+1","Flex+1"],"picked":"Body Slam+1","floor":23}],"player_experience":142595,"relics_obtained":[{"floor":8.0,"key":"Centennial Puzzle"},{"floor":9.0,"key":"Bottled Lightning"},{"floor":23,"key":"TungstenRod"}],"event_choices":[{"damage_healed":0.0,"max_hp_gain":0.0,"max_hp_loss":0.0,"gold_gain":0.0,"event_name":"Wheel of Change","player_choice":"Damaged","floor":2.0,"gold_loss":0.0,"damage_taken":8.0},{"damage_healed":0.0,"max_hp_gain":0.0,"max_hp_loss":0.0,"gold_gain":0.0,"event_name":"Dead Adventurer","player_choice":"Searched \u00270\u0027 times","floor":12.0,"gold_loss":0.0,"damage_taken":0.0},{"damage_healed":0.0,"max_hp_gain":0.0,"max_hp_loss":0.0,"gold_gain":0.0,"event_name":"Drug Dealer","player_choice":"Inject Mutagens","floor":19.0,"gold_loss":0.0,"damage_taken":0.0,"relics_obtained":["MutagenicStrength"]}],"is_beta":false,"boss_relics":[{"not_picked":["Fusion Hammer","SlaversCollar"],"picked":"Runic Pyramid"}],"items_purged_floors":[0,4],"is_endless":false,"potions_floor_spawned":[3,8,11,13,14,18,23],"killed_by":"3 Cultists","ascension_level":2}}