{"host":"waq1ashgqt0tulkv","time":1609891460,"event":{"mods":["Aspiration","BaseMod","BetterRewards","Colored Powertips","Conspire","Downfall","Duelist Mod","Hermit","Hubris","Infinite Spire","Minty Spire (QoL Compilation)","Quick Restart","Rare Cards Sparkle","Replay The Spire","StSLib","SuperFastMode","The Animator","The Bug Knight","The Construct","The Cursed","The Disciple","The Hierophant","The Necromancer","The Runesmith","The Servant 0.9.4","egg"],"gold_per_floor":[99,99,99,99,162,112,137,147,147,115,115,173,193,43,57,176,176,176,189,230,244,244,244,244],"floor_reached":22,"playtime":844,"items_purged":[],"score":184,"play_id":"f6df1d0d-0e8c-450d-8c91-ac76b9af649e","local_time":"20210105170420","is_ascension_mode":false,"campfire_choices":[{"data":"Slimebound:SplitBruiser","floor":9,"key":"SMITH"},{"data":"Slimebound:DivideAndConquer","floor":11,"key":"SMITH"},{"data":"Slimebound:Overexert","floor":18,"key":"SMITH"}],"circlet_count":0,"master_deck":["Slimebound:Strike_Slimebound","Slimebound:Strike_Slimebound","Slimebound:Strike_Slimebound","Slimebound:Tackle","Slimebound:Defend_Slimebound","Slimebound:Defend_Slimebound","Slimebound:Defend_Slimebound","Slimebound:Defend_Slimebound","Slimebound:Split+1","Slimebound:CorrosiveSpit","Slimebound:SplitLeeching+1","Slimebound:Schlurp","Slimebound:SplitBruiser+1","conspire:SpireCoStock","Slimebound:GoopSpray","Slimebound:DivideAndConquer+1","Slimebound:PressTheAttack","Slimebound:Repurpose","Slimebound:Prepare","Slimebound:Overexert+1","Slimebound:LeechEnergy","Slimebound:OneTwoCombo","Slimebound:SplitAcid+1","Slimebound:ServeAndProtect"],"relics":["Slimebound:AbsorbEndCombat","downfall:HeartsMalice","Strawberry","Happy Flower","Orichalcum","hubris:OldNail","War Paint","conspire:RunicOctahedron"],"acts_visited":["Exordium","TheCity"],"potions_floor_usage":[16,20,21],"damage_taken":[{"damage":0,"enemies":"Jaw Worm","floor":2,"turns":1},{"damage":0,"enemies":"2 Louse","floor":4,"turns":1},{"damage":0,"enemies":"Gremlin Nob","floor":5,"turns":1},{"damage":10,"enemies":"Cultist","floor":8,"turns":4},{"damage":19,"enemies":"downfall:FleeingMerchant","floor":10,"turns":4},{"damage":43,"enemies":"Gremlin Nob","floor":12,"turns":4},{"damage":23,"enemies":"Large Slime","floor":13,"turns":4},{"damage":12,"enemies":"downfall:FleeingMerchant","floor":14,"turns":4},{"damage":16,"enemies":"Exordium Thugs","floor":15,"turns":2},{"damage":71,"enemies":"downfall:Silent","floor":16,"turns":8},{"damage":39,"enemies":"Shell Parasite","floor":19,"turns":4},{"damage":16,"enemies":"Snecko","floor":20,"turns":4},{"damage":32,"enemies":"Centurion and Healer","floor":21,"turns":4},{"damage":33,"enemies":"Shelled Parasite and Fungi","floor":22,"turns":4}],"seed_played":"-7225702254631997656","potions_obtained":[{"floor":12,"key":"FairyPotion"},{"floor":13,"key":"Slimebound:SlimedPotion"},{"floor":16,"key":"champ:CounterPotion"},{"floor":20,"key":"ColorlessPotion"}],"is_trial":false,"path_per_floor":["R","M","?","M","?","?","T","M","R","$","R","E","M","$","M","B",null,"R","M","M","M","M"],"character_chosen":"SLIMEBOUND","items_purchased":["Slimebound:PressTheAttack","War Paint"],"campfire_rested":0,"item_purchase_floors":[10,14],"current_hp_per_floor":[60,60,49,49,49,49,49,51,51,56,56,29,24,38,42,11,67,67,38,34,28,11,11,11],"gold":244,"neow_bonus":"THREE_ENEMY_KILL","is_daily":false,"chose_seed":false,"campfire_upgraded":3,"win_rate":0.0,"timestamp":1609891460,"path_taken":["R","M","?","M","?","?","T","M","R","?","R","E","M","$","M","BOSS","R","M","?","M","M"],"items_purchased_type":["Card","Relic"],"build_version":"2020-12-13","purchased_purges":0,"victory":false,"max_hp_per_floor":[60,60,67,67,67,67,67,67,67,67,67,67,67,67,67,67,67,67,67,67,67,67,67,67],"card_choices":[{"not_picked":["Slimebound:ComboTackle","Slimebound:LevelUp"],"picked":"Slimebound:SplitLeeching","floor":2},{"not_picked":["Slimebound:AcidTongue","Slimebound:TongueLash"],"picked":"Slimebound:Schlurp","floor":4},{"not_picked":["Slimebound:LeechEnergy","Slimebound:DisruptingSlam"],"picked":"Slimebound:SplitBruiser","floor":5},{"not_picked":["Slimebound:GrowthPunch","Slimebound:Chomp"],"picked":"Slimebound:GoopSpray","floor":8},{"not_picked":["Slimebound:LeadByExample","Slimebound:Gluttony"],"picked":"Slimebound:DivideAndConquer","floor":10},{"not_picked":["Slimebound:FlameTackle","Slimebound:FirmFortitude"],"picked":"Slimebound:Repurpose","floor":12},{"not_picked":["Slimebound:ComboTackle","Slimebound:GoopSpray"],"picked":"Slimebound:Prepare","floor":13},{"not_picked":["Slimebound:FirmFortitude","Slimebound:LevelUp"],"picked":"Slimebound:Overexert","floor":14},{"not_picked":["Slimebound:Schlurp","Slimebound:SamplingLick"],"picked":"Slimebound:LeechEnergy","floor":15},{"not_picked":["Slimebound:DouseInSlime","Slimebound:MassRepurpose"],"picked":"Slimebound:OneTwoCombo","floor":16},{"not_picked":["Slimebound:ViciousTackle","Slimebound:FinishingTackle","Slimebound:GoopTackle+1"],"picked":"SKIP","floor":19},{"not_picked":["Slimebound:Gluttony","Slimebound:ComboTackle+1"],"picked":"Slimebound:SplitAcid+1","floor":20},{"not_picked":["Slimebound:SplitLeeching","Slimebound:DisruptingSlam"],"picked":"Slimebound:ServeAndProtect","floor":21}],"player_experience":39897,"relics_obtained":[{"floor":5,"key":"Happy Flower"},{"floor":7,"key":"Orichalcum"},{"floor":12,"key":"hubris:OldNail"}],"event_choices":[{"damage_healed":0,"gold_gain":0,"player_choice":"Success","damage_taken":18,"relics_obtained":["Strawberry"],"max_hp_gain":0,"max_hp_loss":0,"event_name":"Scrap Ooze","floor":3,"gold_loss":0},{"damage_healed":0,"gold_gain":0,"player_choice":"Invest 1","damage_taken":0,"max_hp_gain":0,"max_hp_loss":0,"event_name":"conspire:Investor","floor":6,"gold_loss":0}],"is_beta":false,"boss_relics":[{"not_picked":["hubris:RunicObelisk","Busted Crown"],"picked":"conspire:RunicOctahedron"}],"items_purged_floors":[],"is_endless":false,"potions_floor_spawned":[12,13,16,20],"killed_by":"Shelled Parasite and Fungi","ascension_level":0}}