{"host":"tbhNathan","time":1609897624,"event":{"mods":["AchievementEnabler","Astrologer","BaseMod","Better Third Choice","Googly Eyes","Highlight Path","Minty Spire (QoL Compilation)","StSLib","The Disciple","The Hierophant"],"gold_per_floor":[11,16,16,27,40,40,40,0,26,26,109,121,121,106,106,182,182,183,208,238,238,211,129,129],"floor_reached":23,"playtime":2561,"items_purged":[],"score":193,"play_id":"3aa1584b-00fd-410c-b35d-677fe7905c0a","local_time":"20210106014704","is_ascension_mode":false,"campfire_choices":[{"floor":6,"key":"REST"},{"data":"Enlightenment","floor":10,"key":"SMITH"},{"floor":13,"key":"REST"},{"floor":15,"key":"REST"}],"circlet_count":0,"master_deck":["hierophant:Strike_Hierophant","hierophant:Strike_Hierophant","hierophant:Strike_Hierophant","hierophant:Punish","hierophant:Defend_Hierophant","hierophant:Defend_Hierophant","hierophant:Defend_Hierophant","hierophant:ChurchCoffers","hierophant:DisplayOfPower","hierophant:Glossolalia","hierophant:Doubloon","hierophant:Doubloon","hierophant:LocustPlague","Enlightenment+1","hierophant:Community","hierophant:PassingBell","hierophant:AuricBeam","hierophant:Martyrdom","hierophant:WrathOfGod","hierophant:FieryStrike+1","hierophant:PassingBell+1","hierophant:Purify+1","hierophant:MorningPrayer+1"],"relics":["hierophant:PropheticMaskRelic","Dream Catcher","Pen Nib","Velvet Choker"],"acts_visited":["Exordium","TheCity"],"potions_floor_usage":[11,11,14,19,22,23],"damage_taken":[{"damage":1,"enemies":"Cultist","floor":1,"turns":3},{"damage":3,"enemies":"2 Louse","floor":2,"turns":2},{"damage":15,"enemies":"Jaw Worm","floor":4,"turns":4},{"damage":27,"enemies":"2 Fungi Beasts","floor":5,"turns":5},{"damage":34,"enemies":"Lagavulin Event","floor":11,"turns":6},{"damage":13,"enemies":"Lots of Slimes","floor":12,"turns":3},{"damage":4,"enemies":"3 Sentries","floor":14,"turns":2},{"damage":53,"enemies":"Hexaghost","floor":16,"turns":8},{"damage":13,"enemies":"Shell Parasite","floor":18,"turns":4},{"damage":13,"enemies":"3 Byrds","floor":19,"turns":4},{"damage":32,"enemies":"Snake Plant","floor":20,"turns":3},{"damage":24,"enemies":"Centurion and Healer","floor":22,"turns":3},{"damage":22,"enemies":"Gremlin Leader","floor":23,"turns":4}],"seed_played":"3027469764942760216","potions_obtained":[{"floor":1,"key":"CultistPotion"},{"floor":2,"key":"ColorlessPotion"},{"floor":3,"key":"BlessingOfTheForge"},{"floor":3,"key":"SmokeBomb"},{"floor":16,"key":"LiquidMemories"},{"floor":18,"key":"Fire Potion"},{"floor":22,"key":"Regen Potion"}],"is_trial":false,"path_per_floor":["M","M","?","M","M","R","$","?","T","R","?","M","R","E","R","B",null,"M","M","M","?","M","E"],"character_chosen":"HIEROPHANT","items_purchased":[],"campfire_rested":3,"item_purchase_floors":[],"current_hp_per_floor":[74,71,71,56,29,51,51,57,57,57,23,10,34,30,54,1,81,68,55,23,28,4,0,0],"gold":129,"neow_bonus":"REMOVE_TWO","is_daily":false,"chose_seed":false,"campfire_upgraded":1,"win_rate":0.0,"timestamp":1609897624,"path_taken":["M","M","?","?","M","R","$","?","T","R","?","M","R","E","R","BOSS","M","M","M","?","?","E"],"items_purchased_type":[],"build_version":"2020-12-18","purchased_purges":0,"victory":false,"max_hp_per_floor":[75,75,75,75,75,75,75,81,81,81,81,81,81,81,81,81,81,81,81,81,81,81,81,81],"card_choices":[{"not_picked":["hierophant:ArchangelShield","hierophant:MirrorShield"],"picked":"hierophant:DisplayOfPower","floor":1},{"not_picked":["hierophant:HammerAndAnvil","hierophant:Alms"],"picked":"hierophant:Glossolalia","floor":2},{"not_picked":["hierophant:Martyrdom","hierophant:PassingBell"],"picked":"hierophant:RustyCrate","floor":4},{"not_picked":["hierophant:RecallFunds","hierophant:PassingBell"],"picked":"hierophant:LocustPlague","floor":5},{"not_picked":["hierophant:Alms","hierophant:TollTheBells"],"picked":"hierophant:Community","floor":11},{"not_picked":["hierophant:HammerAndAnvil","hierophant:MirrorShield"],"picked":"hierophant:PassingBell","floor":12},{"not_picked":["hierophant:SealAway","hierophant:Racketeering"],"picked":"hierophant:AuricBeam","floor":13},{"not_picked":["hierophant:OrnateBuckler","hierophant:Rebuild"],"picked":"hierophant:Martyrdom","floor":15},{"not_picked":["hierophant:Levitation","hierophant:AuricForm"],"picked":"hierophant:WrathOfGod","floor":16},{"not_picked":["hierophant:RepressedViolence","hierophant:Shelter"],"picked":"hierophant:FieryStrike+1","floor":18},{"not_picked":["hierophant:Smite","hierophant:CoinFling"],"picked":"hierophant:PassingBell+1","floor":19},{"not_picked":["hierophant:Smite+1","hierophant:Encroach"],"picked":"hierophant:Purify+1","floor":20},{"not_picked":["hierophant:Dazzle","hierophant:Charity"],"picked":"hierophant:MorningPrayer+1","floor":22}],"player_experience":185664,"relics_obtained":[{"floor":9,"key":"Dream Catcher"},{"floor":11,"key":"Pen Nib"}],"event_choices":[{"damage_healed":0,"gold_gain":0,"player_choice":"Got Potions","damage_taken":0,"max_hp_gain":0,"max_hp_loss":0,"event_name":"Lab","floor":3,"gold_loss":0},{"damage_healed":0,"gold_gain":0,"player_choice":"RENOUNCE","damage_taken":40,"max_hp_gain":0,"max_hp_loss":0,"event_name":"betterThird:BetterSerpent","floor":8,"gold_loss":40,"cards_obtained":["Enlightenment"]},{"damage_healed":0,"gold_gain":0,"player_choice":"Searched \u00271\u0027 times","damage_taken":0,"max_hp_gain":0,"max_hp_loss":0,"event_name":"Dead Adventurer","floor":11,"gold_loss":0},{"cards_removed":["hierophant:RustyCrate"],"damage_healed":5,"gold_gain":0,"player_choice":"Offered Common","damage_taken":0,"max_hp_gain":0,"max_hp_loss":0,"event_name":"Bonfire Elementals","floor":21,"gold_loss":0},{"cards_removed":["hierophant:RustyCrate"],"damage_healed":5,"gold_gain":0,"player_choice":"Offered Special","damage_taken":0,"max_hp_gain":0,"max_hp_loss":0,"event_name":"Bonfire Elementals","floor":21,"gold_loss":0}],"is_beta":true,"boss_relics":[{"not_picked":["Runic Pyramid","Empty Cage"],"picked":"Velvet Choker"}],"items_purged_floors":[],"is_endless":false,"potions_floor_spawned":[1,2,4,16,18,22],"killed_by":"Gremlin Leader","ascension_level":0}}