{"host":"qihv10mixs26xc23","time":1609906326,"event":{"mods":["100% Spire Juice","AchievementEnabler","Act Like it!","BaseMod","BetterRewards","Downfall","Gensokyo","Googly Eyes","Hermit","Koishi","Marisa????????","Minty Spire (QoL Compilation)","Remilia??????","Replay The Spire","Shop Mod","StSLib","The Marked","The Servant 0.9.4"],"gold_per_floor":[109,125,145,155,168,168,181,63,88,102,102,137,137,149,149,249,249,279,309,334,362,362,362,362,392,446,32,64,154,154],"floor_reached":29,"playtime":1530,"items_purged":[],"score":233,"play_id":"7c4b72ec-21aa-4ff8-a50f-c2a2d912b820","local_time":"20210105231206","is_ascension_mode":false,"campfire_choices":[{"floor":11,"key":"REST"},{"floor":13,"key":"REST"},{"data":"theMarked:BanishingStrike","floor":15,"key":"SMITH"},{"floor":23,"key":"REST"}],"circlet_count":0,"master_deck":["theMarked:Defend","theMarked:Defend","theMarked:Defend","theMarked:SoldierOfQuellstein","theMarked:BanishingStrike","theMarked:RepellingDischarge","theMarked:TurnInvisible","theMarked:ChainLightning","theMarked:StartUp","theMarked:Reabsorb","theMarked:BanishingStrike+1","theMarked:TakeCover","theMarked:StartUp","theMarked:ContemptForTheProud","theMarked:WastefulAttack","theMarked:BanishingWave","theMarked:ThrowWeapon","CurseOfTheBell","theMarked:HeritageOfTheMarked+1","theMarked:ElementalBlade+1","theMarked:BanishingWave","theMarked:Polarize","Slimebound:Tackle+1","Slimebound:Tackle+1","Slimebound:Tackle+1","theMarked:Frustration","theMarked:UnarmedFury","Trip","theMarked:LightningStrikesTwice+1","Replay:SS_hec_4"],"relics":["theMarked:ArtifactOfAir","NeowsBlessing","Regal Pillow","Letter Opener","Calling Bell","Replay:Bandana","Mango","theMarked:Gun","ReplayTheSpireMod:Lightbulb","Iron Hammer"],"acts_visited":["Exordium","TheCity"],"potions_floor_usage":[16,21,21],"damage_taken":[{"damage":0,"enemies":"Cultist","floor":1,"turns":1},{"damage":0,"enemies":"Small Slimes","floor":2,"turns":1},{"damage":0,"enemies":"2 Louse","floor":3,"turns":1},{"damage":18,"enemies":"Large Slime","floor":4,"turns":9},{"damage":3,"enemies":"Exordium Thugs","floor":5,"turns":5},{"damage":0,"enemies":"2 Fungi Beasts","floor":7,"turns":3},{"damage":5,"enemies":"Looter","floor":10,"turns":3},{"damage":7,"enemies":"Replay:BlueRogue","floor":12,"turns":7},{"damage":2,"enemies":"Blue Slaver","floor":14,"turns":3},{"damage":32,"enemies":"Slime Boss","floor":16,"turns":11},{"damage":10,"enemies":"Chosen","floor":18,"turns":3},{"damage":21,"enemies":"Shell Parasite","floor":19,"turns":6},{"damage":32,"enemies":"Snake Plant","floor":20,"turns":3},{"damage":20,"enemies":"Cultist and Chosen","floor":21,"turns":4},{"damage":15,"enemies":"Centurion and Healer","floor":25,"turns":6},{"damage":5,"enemies":"Snecko","floor":28,"turns":3}],"seed_played":"3240027616205387838","potions_obtained":[{"floor":1,"key":"BlessingOfTheForge"},{"floor":3,"key":"DuplicationPotion"},{"floor":12,"key":"sneckomod:MuddlingPotion"},{"floor":14,"key":"Fire Potion"},{"floor":18,"key":"LiquidBronze"},{"floor":28,"key":"Fire Potion"}],"is_trial":false,"path_per_floor":["M","M","M","M","M","?","M","$","T","M","R","E","R","M","R","B",null,"M","M","M","M","?","R","?","M","T","$","M","?"],"character_chosen":"THE_DEFAULT","items_purchased":["theMarked:TakeCover","theMarked:StartUp","theMarked:UnarmedFury","Iron Hammer","Trip"],"campfire_rested":3,"item_purchase_floors":[8,8,27,27,27],"current_hp_per_floor":[70,70,70,52,49,49,49,49,49,44,70,63,70,68,68,36,84,74,53,21,1,1,41,41,26,26,26,21,0,0],"gold":154,"neow_bonus":"THREE_ENEMY_KILL","is_daily":false,"chose_seed":false,"campfire_upgraded":1,"win_rate":0.0,"timestamp":1609906326,"path_taken":["M","M","M","M","M","?","M","$","T","M","R","E","R","M","R","BOSS","M","M","M","M","?","R","?","M","T","$","M","?"],"items_purchased_type":["Card","Card","Card","Relic","Card"],"build_version":"2020-12-22","purchased_purges":0,"victory":false,"max_hp_per_floor":[70,70,70,70,70,70,70,70,70,70,70,70,70,70,70,70,84,84,84,84,84,84,84,84,84,84,84,84,84,84],"card_choices":[{"not_picked":["theMarked:Indomitable","theMarked:EnhanceMovement"],"picked":"theMarked:BanishingStrike","floor":1},{"not_picked":["theMarked:WardOff","theMarked:WastefulDefense"],"picked":"theMarked:RepellingDischarge","floor":2},{"not_picked":["theMarked:EnhanceMovement","theMarked:TwofoldDefense"],"picked":"theMarked:TurnInvisible","floor":3},{"not_picked":["theMarked:TwofoldDefense","theMarked:WastefulAttack"],"picked":"theMarked:ChainLightning","floor":4},{"not_picked":["theMarked:ComboAttacks","theMarked:TwofoldDefense"],"picked":"theMarked:StartUp","floor":5},{"not_picked":["theMarked:HeightenedSenses","theMarked:TwofoldDefense"],"picked":"theMarked:BanishingStrike","floor":7},{"not_picked":["theMarked:Generate","theMarked:Opportunist"],"picked":"theMarked:ContemptForTheProud","floor":10},{"not_picked":["theMarked:GodGivenPower","theMarked:EmpowerWeapon"],"picked":"theMarked:WastefulAttack","floor":12},{"not_picked":["theMarked:Seal","theMarked:TwofoldDefense"],"picked":"theMarked:BanishingWave","floor":14},{"not_picked":["theMarked:Vacuum","theMarked:FavorableWinds"],"picked":"theMarked:ThrowWeapon","floor":16},{"not_picked":["theMarked:Electrify","theMarked:Parkour"],"picked":"theMarked:HeritageOfTheMarked+1","floor":18},{"not_picked":["theMarked:Static","theMarked:ShockingTouch"],"picked":"theMarked:ElementalBlade+1","floor":19},{"not_picked":["theMarked:TwofoldDefense+1","theMarked:ResourceFulStrike"],"picked":"theMarked:BanishingWave","floor":20},{"not_picked":["theMarked:BanishingStrike","theMarked:WardOff"],"picked":"theMarked:Polarize","floor":21},{"not_picked":["theMarked:SwordAndMagic","theMarked:Aftermath"],"picked":"theMarked:Frustration","floor":25},{"not_picked":["theMarked:Generate","theMarked:Parkour"],"picked":"theMarked:LightningStrikesTwice+1","floor":28}],"player_experience":58625,"relics_obtained":[{"floor":9,"key":"Regal Pillow"},{"floor":12,"key":"Letter Opener"},{"floor":17,"key":"Replay:Bandana"},{"floor":17,"key":"Mango"},{"floor":17,"key":"theMarked:Gun"},{"floor":26,"key":"ReplayTheSpireMod:Lightbulb"}],"event_choices":[{"damage_healed":0,"gold_gain":0,"cards_transformed":["theMarked:Defend"],"player_choice":"Change","damage_taken":0,"max_hp_gain":0,"max_hp_loss":0,"event_name":"Living Wall","floor":6,"gold_loss":0,"cards_obtained":["theMarked:Reabsorb"]},{"damage_healed":0,"gold_gain":0,"player_choice":"Ignored","damage_taken":0,"max_hp_gain":0,"max_hp_loss":0,"event_name":"The Mausoleum","floor":24,"gold_loss":0}],"is_beta":false,"boss_relics":[{"not_picked":["Replay:Drink Me","Replay:Bronze Core"],"picked":"Calling Bell"}],"items_purged_floors":[],"is_endless":false,"potions_floor_spawned":[1,3,12,14,18,28],"ascension_level":0}}