{"host":"j8ly90ps7nkk24ot","time":1610000348,"event":{"mods":["AchievementEnabler","Act Like it!","Arknights The Spire","Aspiration","BaseMod","Better Note","Better Sensory Stone","Better Skull","Block Reminder","Clockwork Mod","Colored Map","Colored Powertips","DeckTracker","Dio Mod","Downfall","Fiend Mod","Googly Eyes","GungeonMod","Halation","Hermit","Highlight Path","Minty Spire (QoL Compilation)","Permanent Neow","Practice Mode","Quick Restart","Rare Cards Sparkle","Relic Sorter","Relic Stats","Replay The Spire","StSLib","SuperFastMode","Synergy Search","The Bladedancer","The Bug Knight","The Construct","The Disciple","The Exalted","The Juggle","The Necromancer","The Saiyan","The Servant 0.9.4","The Showman","The Wild Card","TheBandit","TheHero","Waifu the Spire","everything is the same but u backflip on backflip","slay the spire mod where everything is the same but ironclad has a cowboy hat"],"gold_per_floor":[99,114,129,64,49,59,59,73,73,86,86,104,124,152,172,267,267,192,203,4,21,37,64,64,79,9,9,9,43,55,55,55,55],"floor_reached":31,"playtime":2652,"items_purged":[],"score":306,"play_id":"4c40f981-6437-4f01-8db6-bd7d1c10e7a5","local_time":"20210106221908","is_ascension_mode":false,"campfire_choices":[{"data":"champ:Taunt","floor":1.0,"key":"SMITH"},{"data":"champ:SwordThrow","floor":9.0,"key":"SMITH"},{"data":"champ:CalledShot","floor":11.0,"key":"SMITH"},{"floor":18,"key":"DIG"},{"floor":27,"key":"REST"}],"circlet_count":0,"master_deck":["champ:Strike","champ:Strike","champ:Strike","champ:Strike","champ:Defend","champ:Defend","champ:Defend","champ:Defend","champ:Execute","champ:Taunt+1","Normality","champ:SwordThrow+1","champ:AdrenalArmor+1","champ:Encircle","champ:GutPunch","champ:AdrenalArmor+1","champ:FaceSlap","champ:Lariat","champ:HoldFirm","champ:CalledShot+1","champ:StanceDance","champ:Shatter","champ:HeartStrike","champ:GutPunch","champ:LastStand","champ:CrookedStrike","champ:GutPunch","DemoMod:Invincible","champ:FanOfKnives","champ:ArenaPreparation","champ:EnragedBash","champ:BerserkersShout","champ:RisingSlash","champ:SkillfulDodge+1","champ:SwordThrow","champ:BerserkersShout+1"],"relics":["champ:ChampionCrown","DemoMod:Relodestone","Replay:Bottled Eggs","aspiration:StickyExplosives_weak","Bromod:ArcaneEnergize","downfall:HeartBlessingGreen","halation:SwordOfLegend","Blood Vial","DemoMod:GlassGuonStoneRelic"],"acts_visited":["Exordium","TheCity"],"potions_floor_usage":[26,29,30,30,30,31],"damage_taken":[{"damage":6.0,"enemies":"Cultist","floor":2.0,"turns":4.0},{"damage":7.0,"enemies":"Jaw Worm","floor":3.0,"turns":5.0},{"damage":25.0,"enemies":"downfall:FleeingMerchant","floor":4.0,"turns":4.0},{"damage":24.0,"enemies":"downfall:FleeingMerchant","floor":5.0,"turns":4.0},{"damage":7.0,"enemies":"Small Slimes","floor":6.0,"turns":4.0},{"damage":20.0,"enemies":"Exordium Thugs","floor":8.0,"turns":4.0},{"damage":18.0,"enemies":"Exordium Wildlife","floor":10.0,"turns":5.0},{"damage":28.0,"enemies":"Large Slime","floor":12.0,"turns":4.0},{"damage":42.0,"enemies":"Exordium Thugs","floor":13.0,"turns":6.0},{"damage":72.0,"enemies":"Lagavulin","floor":14.0,"turns":6.0},{"damage":19.0,"enemies":"Blue Slaver","floor":15.0,"turns":5.0},{"damage":33.0,"enemies":"downfall:Ironclad","floor":16.0,"turns":6.0},{"damage":12,"enemies":"Spheric Guardian","floor":19,"turns":4},{"damage":23,"enemies":"downfall:FleeingMerchant","floor":20,"turns":4},{"damage":28,"enemies":"3 Byrds","floor":21,"turns":5},{"damage":65,"enemies":"Snake Plant","floor":22,"turns":7},{"damage":35,"enemies":"HollowMod:Nosk","floor":23,"turns":5},{"damage":20,"enemies":"Shelled Parasite and Fungi","floor":25,"turns":3},{"damage":17,"enemies":"downfall:FleeingMerchant","floor":26,"turns":4},{"damage":41,"enemies":"Slavers","floor":29,"turns":3},{"damage":17,"enemies":"Centurion and Healer","floor":30,"turns":8},{"damage":24,"enemies":"Snake Plant","floor":31,"turns":2}],"seed_played":"-1242423735347421462","potions_obtained":[{"floor":2.0,"key":"SneckoOil"},{"floor":6.0,"key":"LiquidMemories"},{"floor":8.0,"key":"champ:TechniquePotion"},{"floor":15.0,"key":"sneckomod:MuddlingPotion"},{"floor":19,"key":"DemoMod:LeadSkinPotion"},{"floor":28,"key":"champ:UltimateStancePotion"},{"floor":28,"key":"AttackPotion"},{"floor":29,"key":"Toxic Potion"},{"floor":30,"key":"Regen Potion"}],"is_trial":false,"path_per_floor":["R_BF","M","M","$","$","M","T","M","R","M","R","M","M","E","M","B",null,"R_BF","M","$","M","M","E","T","M","$","R","?","E","M","M"],"character_chosen":"THE_CHAMP","items_purchased":["champ:AdrenalArmor","DemoMod:Invincible","champ:SkillfulDodge+1"],"campfire_rested":1,"item_purchase_floors":[4,20,26],"current_hp_per_floor":[90,89,89,80,80,79,79,70,70,70,70,58,51,40,40,31,90,90,90,90,82,36,21,21,8,8,38,38,8,9,0,0,0],"gold":55,"neow_bonus":"THREE_RARE_CARDS","is_daily":false,"chose_seed":false,"campfire_upgraded":3,"win_rate":0.0,"timestamp":1610000348,"path_taken":["R_BF","M","?","?","$","M","T","?","R","M","R","M","M","E","M","BOSS","R_BF","M","$","M","M","E","T","M","$","R","?","E","M","M"],"items_purchased_type":["Card","Card","Card"],"build_version":"2020-12-22","purchased_purges":0,"victory":false,"max_hp_per_floor":[90,90,90,90,90,90,90,90,90,90,90,90,90,90,90,90,90,90,90,90,90,90,90,90,90,90,90,90,90,90,90,90,90],"relic_stats":{"Blood Vial":4,"counters":[22,102],"obtain_stats":[{"Blood Vial":29,"halation:SwordOfLegend":24,"Bromod:ArcaneEnergize":17,"champ:ChampionCrown":0,"downfall:HeartBlessingGreen":18,"DemoMod:GlassGuonStoneRelic":2,"halation:Toothbrush":18,"DemoMod:Relodestone":23,"Replay:Bottled Eggs":7,"aspiration:StickyExplosives_weak":14},{"Blood Vial":20,"halation:SwordOfLegend":17,"Bromod:ArcaneEnergize":12,"champ:ChampionCrown":0,"downfall:HeartBlessingGreen":12,"DemoMod:GlassGuonStoneRelic":1,"halation:Toothbrush":12,"DemoMod:Relodestone":17,"Replay:Bottled Eggs":5,"aspiration:StickyExplosives_weak":10},{"Blood Vial":92,"halation:SwordOfLegend":82,"Bromod:ArcaneEnergize":57,"champ:ChampionCrown":0,"downfall:HeartBlessingGreen":57,"DemoMod:GlassGuonStoneRelic":4,"halation:Toothbrush":57,"DemoMod:Relodestone":82,"Replay:Bottled Eggs":21,"aspiration:StickyExplosives_weak":46}]},"card_choices":[{"not_picked":["champ:ShieldThrow","champ:VampiricStrike"],"picked":"champ:SwordThrow","floor":0.0},{"not_picked":["champ:FocusedGladiator","champ:FocusedDefense"],"picked":"champ:AdrenalArmor","floor":2.0},{"not_picked":["champ:Haymaker","champ:TornadoPunch"],"picked":"champ:Encircle","floor":3.0},{"not_picked":["champ:DefensiveShout","champ:StanceDance"],"picked":"champ:GutPunch","floor":4.0},{"not_picked":["champ:PerfectedStrike","champ:Haymaker"],"picked":"champ:FaceSlap","floor":5.0},{"not_picked":["champ:StanceDance","champ:Haymaker"],"picked":"champ:Lariat","floor":6.0},{"not_picked":["champ:GladiatorStyle","champ:FlashCut"],"picked":"champ:HoldFirm","floor":8.0},{"not_picked":["champ:GladiatorsShout","champ:ArenaPreparation"],"picked":"champ:CalledShot","floor":10.0},{"not_picked":["champ:Lariat","champ:Haymaker"],"picked":"champ:StanceDance","floor":12.0},{"not_picked":["champ:RapidStrikes","champ:BladeFlurry"],"picked":"champ:Shatter","floor":13.0},{"not_picked":["champ:TornadoPunch","champ:PerfectedStrike"],"picked":"champ:HeartStrike","floor":14.0},{"not_picked":["champ:BladeFlurry","champ:GladiatorsShout"],"picked":"champ:GutPunch","floor":15.0},{"not_picked":["champ:PerfectForm","champ:ShieldThrow"],"picked":"champ:LastStand","floor":16.0},{"not_picked":["champ:AdrenalArmor+1","champ:TornadoPunch+1"],"picked":"champ:CrookedStrike","floor":19},{"not_picked":["champ:Lariat","champ:GladiatorStyle"],"picked":"champ:GutPunch","floor":20},{"not_picked":["champ:CrookedStrike","champ:DefensiveShout"],"picked":"champ:FanOfKnives","floor":21},{"not_picked":["champ:Circumvent","champ:FightOn"],"picked":"champ:ArenaPreparation","floor":22},{"not_picked":["champ:FocusedDefense+1","champ:SkillfulDodge"],"picked":"champ:EnragedBash","floor":23},{"not_picked":["champ:BringItOn","champ:BladeFlurry"],"picked":"champ:BerserkersShout","floor":25},{"not_picked":["champ:FanOfKnives+1","champ:PerfectedStrike"],"picked":"champ:RisingSlash","floor":26},{"not_picked":["champ:ArenaPreparation","champ:Duel"],"picked":"champ:SwordThrow","floor":29},{"not_picked":["champ:CrookedStrike","champ:DefensiveShout"],"picked":"champ:BerserkersShout+1","floor":30}],"player_experience":138942,"relics_obtained":[{"floor":7.0,"key":"Replay:Bottled Eggs"},{"floor":14.0,"key":"aspiration:StickyExplosives_weak"},{"floor":18,"key":"halation:Toothbrush"},{"floor":23,"key":"DemoMod:Relodestone"},{"floor":24,"key":"halation:SwordOfLegend"},{"floor":29,"key":"Blood Vial"}],"event_choices":[],"is_beta":false,"boss_relics":[{"not_picked":["halation:PinkAlligatorPlush","Painkiller Herb"],"picked":"Bromod:ArcaneEnergize"}],"items_purged_floors":[],"is_endless":false,"potions_floor_spawned":[2,6,8,13,15,19,29,30],"killed_by":"Snake Plant","ascension_level":0}}