{"host":"fpxpluq8jbpwe8of","time":1609915115,"event":{"mods":["Act Like it!","BaseMod","Colored Powertips","Gensokyo","Hermit","Highlight Path","Infinite Spire","Jorbs\u0027s Wanderer Trilogy","Lobotomy","LobotomyExtend","Marisa????????","Minty Spire (QoL Compilation)","Replay The Spire","Shop Mod","StSLib","Td1madao Mod","The Animator","The Cursed","The Exalted","The Hierophant","The Necromancer","The Poker Player","The Servant 0.9.4","WarShipGirlsR/????R mod","everything is the same but u backflip on backflip","slay the spire mod where everything is the same but ironclad has a cowboy hat","vexMod"],"gold_per_floor":[111,127,147,147,160,160,191,62,62,82,82,82,92,125,125,223,223,239,289,36,36,135,135,151,168,213,17,51,63,63,82,82,185,235,235,251,264,42,53,87,87,87,87,87,87,87,37,47,47,47,47],"floor_reached":52,"playtime":2517,"items_purged":["Strike_MRS","Looming Evil","SuperPerseids","MillisecondPulsars","ShootTheMoon"],"score":1244,"play_id":"666925cf-da22-4975-9eab-4427d567ad50","local_time":"20210106013835","is_ascension_mode":true,"campfire_choices":[{"data":"EnergyRecoil","floor":6,"key":"SMITH"},{"floor":11,"key":"REST"},{"floor":15,"key":"REST"},{"floor":23,"key":"REST"},{"data":"EnergyFlow","floor":32,"key":"SMITH"},{"data":"CollectingQuirk","floor":41,"key":"SMITH"},{"data":"UpSweep","floor":44,"key":"SMITH"},{"data":"MagicChant","floor":49,"key":"SMITH"}],"circlet_count":0,"master_deck":["MasterSpark+1","UpSweep+1","ChargingUp+1","EnergyRecoil+1","Acceleration","AlicesGift","MilkyWay+1","TreasureHunter+1","GalacticHalo+1","EnergyRecoil+1","AbsoluteMagnitude+1","NonDirectionalLaser","PropBag+1","EnergyFlow+1","Occultation","GalacticHalo+1","UltimateShortwave+1","CollectingQuirk+1","Parasite","MagicChant+1"],"relics":["Replay:Kaleidoscope","Ring of Shattering","animator:Hoodie","CogitoBucket","Nloth\u0027s Gift","BreadOfAWashokuLover","hierophant:PropheticMaskRelic","Ring of the Serpent","rmod:mogul","Regal Pillow","Smiling Mask","King of Hearts","Gensokyo:OccultBall","Vampire_Amulet","Gensokyo:BookOfSpecters","Gensokyo:MarisaImprobabilityPotion","Replay:Blank Codex","Strawberry","Membership Card","Bromod:ArcaneMomentum","Singing Bowl","LetterFromLob","Bromod:ArcaneTempo","Tiny House","LaetitiaHeart","Moonlight_r","Heaven_r","BackwardClock","MerchantsRug","vexMod:InvisibilityCloak","Frozen Eye","Pocketwatch","LaetitiaHeart","MagicBullet_r","Ice Cream"],"acts_visited":["Exordium","TheCity","TheBeyond"],"potions_floor_usage":[],"damage_taken":[{"damage":4,"enemies":"Small Slimes","floor":1,"turns":4},{"damage":0,"enemies":"2 Louse","floor":2,"turns":3},{"damage":6,"enemies":"Jaw Worm","floor":3,"turns":5},{"damage":11,"enemies":"Blue Slaver","floor":5,"turns":4},{"damage":40,"enemies":"3 Sentries","floor":7,"turns":14},{"damage":0,"enemies":"3 Louse","floor":10,"turns":2},{"damage":0,"enemies":"Gremlin Nob","floor":12,"turns":3},{"damage":0,"enemies":"Exordium Wildlife","floor":13,"turns":3},{"damage":9,"enemies":"Gremlin Nob","floor":14,"turns":4},{"damage":0,"enemies":"Slime Boss","floor":16,"turns":4},{"damage":9,"enemies":"3 Byrds","floor":18,"turns":4},{"damage":0,"enemies":"Chosen","floor":24,"turns":6},{"damage":1,"enemies":"Sentry and Sphere","floor":25,"turns":3},{"damage":0,"enemies":"Gremlin Leader","floor":28,"turns":3},{"damage":32,"enemies":"Snake Plant","floor":29,"turns":4},{"damage":18,"enemies":"3 Cultists","floor":31,"turns":3},{"damage":0,"enemies":"Champ","floor":33,"turns":6},{"damage":0,"enemies":"3 Shapes","floor":35,"turns":1},{"damage":5,"enemies":"3 Shapes","floor":35,"turns":4},{"damage":0,"enemies":"3 Shapes","floor":35,"turns":3},{"damage":6,"enemies":"3 Shapes","floor":35,"turns":3},{"damage":6,"enemies":"3 Shapes","floor":36,"turns":4},{"damage":0,"enemies":"3 Darklings","floor":37,"turns":3},{"damage":7,"enemies":"Jaw Worm Horde","floor":39,"turns":4},{"damage":26,"enemies":"Reptomancer","floor":40,"turns":4},{"damage":0,"enemies":"Reptomancer","floor":42,"turns":2},{"damage":0,"enemies":"Reptomancer","floor":42,"turns":1},{"damage":0,"enemies":"Reptomancer","floor":42,"turns":2},{"damage":15,"enemies":"Writhing Mass","floor":48,"turns":4},{"damage":36,"enemies":"Awakened One","floor":50,"turns":5}],"seed_played":"-2794433989266774993","potions_obtained":[{"floor":7,"key":"Venom Potion"},{"floor":10,"key":"Explosive Potion"},{"floor":16,"key":"DuplicationPotion"}],"is_trial":false,"path_per_floor":["M","M","M","?","M","R","E","$","T","M","R","E","M","E","R","B",null,"M","?","$","?","?","R","M","M","T","$","E","M","?","M","R","B",null,"M","M","M","$","M","E","R","?","T","R","?","?","$","M","R","B",null,null],"character_chosen":"MARISA","items_purchased":["MilkyWay","infinitespire:Chaos","Membership Card","MerchantsRug","vexMod:InvisibilityCloak","Frozen Eye"],"campfire_rested":3,"item_purchase_floors":[8,20,27,38,38,38],"current_hp_per_floor":[64,64,58,58,47,47,7,7,7,7,29,25,25,16,38,38,66,57,57,57,41,41,75,78,78,85,85,90,60,60,48,48,53,92,34,48,59,59,60,44,44,110,110,110,122,122,122,109,109,87,87],"gold":47,"neow_bonus":"RANDOM_COMMON_RELIC","is_daily":false,"chose_seed":false,"campfire_upgraded":5,"win_rate":0.0,"timestamp":1609915115,"path_taken":["M","M","M","?","M","R","E","$","T","M","R","E","M","E","R","BOSS","M","?","$","?","?","R","M","M","T","$","E","M","?","M","R","BOSS","M","M","M","$","M","E","R","?","T","R","?","?","$","M","R","BOSS"],"items_purchased_type":["Card","Relic","Relic","Relic","Relic","Relic"],"build_version":"2020-12-22","purchased_purges":5,"victory":true,"max_hp_per_floor":[75,75,75,75,75,75,75,75,75,75,75,75,75,75,75,75,75,75,75,75,75,75,75,78,78,85,85,90,92,92,92,92,95,102,108,110,115,115,117,117,117,126,126,126,126,126,126,126,126,126,126],"card_choices":[{"not_picked":["DarkMatter","DoubleSpark"],"picked":"ChargingUp","floor":1},{"not_picked":["NonDirectionalLaser","LuminesStrike"],"picked":"EnergyRecoil","floor":2},{"not_picked":["ShootingEcho","PowerUp"],"picked":"Acceleration","floor":3},{"not_picked":["OneTimeOff","Acceleration"],"picked":"AlicesGift","floor":5},{"not_picked":["Orbital","GrandCross","NonDirectionalLaser"],"picked":"SKIP","floor":7},{"not_picked":["OortCloud","NonDirectionalLaser"],"picked":"TreasureHunter","floor":10},{"not_picked":["GravityBeat","6A","SporeBomb"],"picked":"SKIP","floor":10},{"not_picked":["NonDirectionalLaser","WitchOfGreed"],"picked":"GalacticHalo","floor":13},{"not_picked":["WitchOfGreed","TreasureHunter"],"picked":"EnergyRecoil","floor":13},{"not_picked":["WitchLeyline","PropBag","OortCloud"],"picked":"SKIP","floor":14},{"not_picked":["CasketOfStar","EscapeVelocity"],"picked":"AbsoluteMagnitude","floor":16},{"not_picked":["ShootingEcho","BlazeAway+1"],"picked":"MilkyWay","floor":18},{"not_picked":["NonDirectionalLaser+1","MeteoricShower","6A"],"picked":"SKIP","floor":18},{"not_picked":["VoidDream","Woodsman","CrumblingArmor"],"picked":"Singing Bowl","floor":24},{"not_picked":["EarthLightRay","WitchLeyline+1","SporeBomb"],"picked":"SKIP","floor":24},{"not_picked":["CherryBlossoms","FieryBird","NakedNest"],"picked":"Singing Bowl","floor":25},{"not_picked":["Singularity+1","DC+1","BigCrunch"],"picked":"SKIP","floor":25},{"not_picked":["TreasureHunter","PowerUp","SuperPerseids+1"],"picked":"Singing Bowl","floor":28},{"not_picked":["WitchOfGreed","PulseMagic+1","IllusionStar"],"picked":"Singing Bowl","floor":29},{"not_picked":["PunishingBird","BigBadWolf","Funeral"],"picked":"Singing Bowl","floor":31},{"not_picked":["SporeBomb","IllusionStar"],"picked":"GalacticHalo+1","floor":31},{"not_picked":["BlazingStar","MillisecondPulsars"],"picked":"UltimateShortwave","floor":33},{"not_picked":["GrandCross","Orbital+1","IllusionStar"],"picked":"Singing Bowl","floor":34},{"not_picked":["OpenUniverse+1","DoubleSpark+1","CasketOfStar"],"picked":"Singing Bowl","floor":36},{"not_picked":["ChargeUpSpray+1","ShootTheMoon+1","Singularity+1"],"picked":"Singing Bowl","floor":37},{"not_picked":["DeepEcoloBomb+1","FairyDestructionRay","6A+1"],"picked":"Singing Bowl","floor":39},{"not_picked":["SuperNova","BlazingStar"],"picked":"CollectingQuirk","floor":40},{"not_picked":["ManaConvection","MachineGunSpark"],"picked":"MagicChant","floor":48}],"player_experience":286304,"relics_obtained":[{"floor":1,"key":"LetterFromLob"},{"floor":7,"key":"Peace Pipe"},{"floor":7,"key":"RedMistMask"},{"floor":9,"key":"Prayer Wheel"},{"floor":14,"key":"Whetstone"},{"floor":19,"key":"Ring of Fangs"},{"floor":19,"key":"Ring of Greed"},{"floor":19,"key":"Blue Doll"},{"floor":19,"key":"Tiny Chest"},{"floor":21,"key":"Replay:Blank Codex"},{"floor":26,"key":"Strawberry"},{"floor":28,"key":"Bromod:ArcaneMomentum"},{"floor":28,"key":"Singing Bowl"},{"floor":28,"key":"LetterFromLob"},{"floor":33,"key":"Gensokyo:OccultBall"},{"floor":37,"key":"Gensokyo:OccultBall"},{"floor":40,"key":"Pocketwatch"},{"floor":43,"key":"Ice Cream"}],"event_choices":[{"damage_healed":0,"gold_gain":0,"player_choice":"Obtained Book","damage_taken":16,"max_hp_gain":0,"max_hp_loss":0,"event_name":"Cursed Tome","floor":21,"gold_loss":0},{"damage_healed":0,"gold_gain":99,"player_choice":"Stole From Cult","damage_taken":0,"max_hp_gain":0,"max_hp_loss":0,"event_name":"Nest","floor":22,"gold_loss":0},{"damage_healed":0,"gold_gain":0,"player_choice":"Forge","damage_taken":0,"max_hp_gain":0,"max_hp_loss":0,"event_name":"Accursed Blacksmith","floor":46,"gold_loss":0,"cards_upgraded":["MilkyWay"]}],"is_beta":false,"boss_relics":[{"not_picked":["vexMod:FluxCapacitor","ReplayTheSpireMod:SealedPack"],"picked":"Replay:Grab Bag"},{"not_picked":["Abe\u0027s Treasure","Velvet Choker"],"picked":"Replay:Bronze Core"},{"not_picked":["Runic Dome","Ectoplasm"],"picked":"Sozu"},{"not_picked":["SacredBark","Black Star"],"picked":"Pandora\u0027s Box"},{"not_picked":["Snecko Eye","vexMod:BigBerry"],"picked":"Tiny House"}],"items_purged_floors":[8,20,27,38,47],"is_endless":false,"potions_floor_spawned":[7,10,16,25,29,31,35,35,37,40,42],"ascension_level":7}}