{"host":"36mulxq349byzoa2","time":1609975805,"event":{"mods":["AchievementEnabler","BaseMod","Better Match","Block Reminder","Colored Map","Colored Powertips","Minty Spire (QoL Compilation)","Rare Cards Sparkle","StSLib","SuperFastMode"],"gold_per_floor":[110,110,124,65,30,63,26,26,26,42,42,42,42],"floor_reached":12,"playtime":275,"items_purged":[],"score":148,"play_id":"4bcdb27d-2d65-47c5-959f-86799b60ded7","local_time":"20210106183005","is_ascension_mode":true,"campfire_choices":[{"floor":8,"key":"REST"},{"floor":11,"key":"REST"}],"circlet_count":0,"master_deck":["AscendersBane","Strike_G","Strike_G","Strike_G","Strike_G","Strike_G","Defend_G","Defend_G","Defend_G","Defend_G","Defend_G","Survivor","Neutralize","Slice","Deadly Poison","Dagger Throw","Acrobatics"],"relics":["HoveringKite","Juzu Bracelet","Ancient Tea Set"],"acts_visited":["Exordium"],"potions_floor_usage":[],"damage_taken":[{"damage":1,"enemies":"Cultist","floor":1,"turns":4},{"damage":4,"enemies":"Small Slimes","floor":3,"turns":4},{"damage":56,"enemies":"Lagavulin","floor":6,"turns":9},{"damage":8,"enemies":"Jaw Worm","floor":10,"turns":4},{"damage":47,"enemies":"3 Sentries","floor":12,"turns":12}],"seed_played":"-7476939897263596020","potions_obtained":[],"is_trial":false,"path_per_floor":["M","?","M","$","?","E","?","R","T","M","R","E"],"character_chosen":"THE_SILENT","items_purchased":["Dagger Throw"],"campfire_rested":2,"item_purchase_floors":[4],"current_hp_per_floor":[58,63,59,59,71,15,15,36,36,28,49,2,2],"gold":42,"neow_bonus":"BOSS_RELIC","is_daily":false,"chose_seed":false,"campfire_upgraded":0,"win_rate":0.0,"timestamp":1609975805,"path_taken":["M","?","M","$","?","E","?","R","T","M","R","E"],"items_purchased_type":["Card"],"build_version":"2020-12-22","purchased_purges":0,"victory":false,"max_hp_per_floor":[66,71,71,71,71,71,71,71,71,71,71,71,71],"card_choices":[{"not_picked":["Backflip","Heel Hook"],"picked":"Slice","floor":1},{"not_picked":["Prepared","Deflect"],"picked":"Deadly Poison","floor":3},{"not_picked":["Cloak And Dagger","Underhanded Strike"],"picked":"Acrobatics","floor":6},{"not_picked":["Slice","Outmaneuver","Caltrops"],"picked":"SKIP","floor":10}],"player_experience":1008778,"relics_obtained":[{"floor":6,"key":"Juzu Bracelet"},{"floor":9,"key":"Ancient Tea Set"}],"event_choices":[{"damage_healed":0,"gold_gain":0,"player_choice":"Donut","damage_taken":0,"max_hp_gain":5,"max_hp_loss":0,"event_name":"Big Fish","floor":2,"gold_loss":0},{"damage_healed":17,"gold_gain":0,"player_choice":"Healed","damage_taken":0,"max_hp_gain":0,"max_hp_loss":0,"event_name":"The Cleric","floor":5,"gold_loss":35},{"damage_healed":0,"gold_gain":0,"player_choice":"Left Gold","damage_taken":0,"max_hp_gain":0,"max_hp_loss":0,"event_name":"World of Goop","floor":7,"gold_loss":37}],"is_beta":false,"boss_relics":[],"items_purged_floors":[],"is_endless":false,"potions_floor_spawned":[],"killed_by":"3 Sentries","ascension_level":19}}