{"host":"sabve5zmqufxyc5o","time":1609910898,"event":{"mods":["2.2 Compatiblity","AchievementEnabler","Act Like it!","BaseMod","Block Reminder","Colored Map","Colored Powertips","DeckTracker","KOR Keyword Fix","Keyboard Shortcuts","Minty Spire (QoL Compilation)","Quick Restart","Rare Cards Sparkle","Relic Stats","StSLib","SuperFastMode"],"gold_per_floor":[115,125,135,135,154,154,170,199,199,199,81,99,99,115,115,193,193,205,225,225,244,264,264,164,183,183,183,193,211,221,221,221,221,221],"floor_reached":33,"playtime":873,"items_purged":["Strike_G","Strike_G"],"score":510,"play_id":"3806fc48-b5b1-4c7b-90e0-6eda60f9b3bb","local_time":"20210106142818","is_ascension_mode":true,"campfire_choices":[{"data":"Deadly Poison","floor":6,"key":"SMITH"},{"floor":10,"key":"REST"},{"data":"Reflex","floor":13,"key":"SMITH"},{"data":"Eviscerate","floor":15,"key":"SMITH"},{"floor":23,"key":"REST"},{"floor":32,"key":"REST"}],"circlet_count":0,"master_deck":["AscendersBane","Defend_G","Defend_G","Defend_G","Defend_G","Defend_G","Survivor","Neutralize","Dagger Throw","Escape Plan","Dash","Deadly Poison+1","Eviscerate+1","Tools of the Trade+1","Reflex+1","Corpse Explosion","Bouncing Flask+1","Backflip","Escape Plan+1"],"relics":["Ring of the Snake","Frozen Egg 2","Pear","Runic Pyramid","Paper Crane"],"acts_visited":["Exordium","TheCity"],"potions_floor_usage":[7,7,7,29,33],"damage_taken":[{"damage":0.0,"enemies":"Small Slimes","floor":1.0,"turns":4.0},{"damage":8.0,"enemies":"Cultist","floor":2.0,"turns":6.0},{"damage":1.0,"enemies":"2 Louse","floor":3.0,"turns":3.0},{"damage":7.0,"enemies":"Exordium Thugs","floor":5.0,"turns":4.0},{"damage":8,"enemies":"Exordium Wildlife","floor":7,"turns":5},{"damage":20,"enemies":"Gremlin Nob","floor":8,"turns":4},{"damage":4,"enemies":"2 Fungi Beasts","floor":12,"turns":3},{"damage":0,"enemies":"Blue Slaver","floor":14,"turns":3},{"damage":6,"enemies":"The Guardian","floor":16,"turns":12},{"damage":5,"enemies":"Chosen","floor":18,"turns":4},{"damage":27,"enemies":"Shell Parasite","floor":19,"turns":9},{"damage":0,"enemies":"Centurion and Healer","floor":21,"turns":4},{"damage":5,"enemies":"Snecko","floor":22,"turns":4},{"damage":9,"enemies":"3 Cultists","floor":25,"turns":4},{"damage":13,"enemies":"Chosen and Byrds","floor":28,"turns":5},{"damage":11,"enemies":"Snake Plant","floor":29,"turns":5},{"damage":0,"enemies":"3 Cultists","floor":30,"turns":3},{"damage":36,"enemies":"Collector","floor":33,"turns":6}],"seed_played":"-850228888893422622","potions_obtained":[{"floor":2.0,"key":"Explosive Potion"},{"floor":4.0,"key":"Fruit Juice"},{"floor":4.0,"key":"EntropicBrew"},{"floor":14,"key":"Block Potion"},{"floor":29,"key":"AttackPotion"},{"floor":30,"key":"CultistPotion"}],"is_trial":false,"path_per_floor":["M","M","M","?","M","R","M","E","T","R","$","M","R","M","R","B",null,"M","M","?","M","M","R","$","M","T","?","M","M","M","?","R","B"],"character_chosen":"THE_SILENT","items_purchased":["Reflex"],"campfire_rested":3,"item_purchase_floors":[11],"current_hp_per_floor":[59,51,50,55,48,48,40,20,30,54,54,50,50,50,50,44,72,67,40,40,40,35,59,59,50,50,50,37,26,26,26,50,14,14],"gold":221,"neow_bonus":"REMOVE_CARD","is_daily":false,"chose_seed":false,"campfire_upgraded":3,"win_rate":0.0,"timestamp":1609910898,"path_taken":["M","M","M","?","?","R","M","E","T","R","$","M","R","M","R","BOSS","M","M","?","?","M","R","$","M","T","?","M","M","M","?","R","BOSS"],"items_purchased_type":["Card"],"build_version":"2020-12-22","purchased_purges":2,"victory":false,"max_hp_per_floor":[66,66,66,71,71,71,71,71,81,81,81,81,81,81,81,81,81,81,81,81,81,81,81,81,81,81,81,81,81,81,81,81,81,81],"relic_stats":{"counters":[18,88],"obtain_stats":[{"Pear":9,"Frozen Egg 2":8,"Paper Crane":26,"Ring of the Snake":0,"Runic Pyramid":17},{"Pear":6,"Frozen Egg 2":6,"Paper Crane":14,"Ring of the Snake":0,"Runic Pyramid":9},{"Pear":26,"Frozen Egg 2":26,"Paper Crane":69,"Ring of the Snake":0,"Runic Pyramid":44}],"Ring of the Snake":[36]},"card_choices":[{"not_picked":["All Out Attack","Quick Slash"],"picked":"Dagger Throw","floor":1.0},{"not_picked":["All Out Attack","Endless Agony"],"picked":"Escape Plan","floor":2.0},{"not_picked":["Eviscerate","Dagger Throw"],"picked":"Dash","floor":3.0},{"not_picked":["Bane","Slice"],"picked":"Deadly Poison","floor":5},{"not_picked":["Underhanded Strike","Deadly Poison"],"picked":"Eviscerate","floor":7},{"not_picked":["Terror","Prepared"],"picked":"Tools of the Trade+1","floor":8},{"not_picked":["Underhanded Strike","Dagger Spray","Deadly Poison"],"picked":"SKIP","floor":12},{"not_picked":["Deflect","Poisoned Stab","PiercingWail"],"picked":"SKIP","floor":14},{"not_picked":["Storm of Steel","Unload"],"picked":"Corpse Explosion","floor":16},{"not_picked":["Dash","Bane+1","Outmaneuver+1"],"picked":"SKIP","floor":18},{"not_picked":["Dodge and Roll","Bane+1","Predator"],"picked":"SKIP","floor":19},{"not_picked":["Blade Dance","Deflect"],"picked":"Bouncing Flask+1","floor":21},{"not_picked":["Flying Knee","Expertise"],"picked":"Backflip","floor":22},{"not_picked":["Underhanded Strike","Dodge and Roll","Dagger Throw"],"picked":"SKIP","floor":25},{"not_picked":["Infinite Blades+1","Quick Slash+1","A Thousand Cuts+1"],"picked":"SKIP","floor":28},{"not_picked":["Quick Slash","Caltrops+1","Dagger Throw+1"],"picked":"SKIP","floor":29},{"not_picked":["Quick Slash","Caltrops+1"],"picked":"Escape Plan+1","floor":30}],"player_experience":816883,"relics_obtained":[{"floor":8,"key":"Frozen Egg 2"},{"floor":9,"key":"Pear"},{"floor":26,"key":"Paper Crane"}],"event_choices":[{"damage_healed":0.0,"max_hp_gain":0.0,"max_hp_loss":0.0,"gold_gain":0.0,"event_name":"Lab","player_choice":"Got Potions","floor":4.0,"gold_loss":0.0,"damage_taken":0.0},{"cards_removed":["Strike_G"],"damage_healed":0,"gold_gain":0,"player_choice":"Offered Basic","damage_taken":0,"max_hp_gain":0,"max_hp_loss":0,"event_name":"Bonfire Elementals","floor":20,"gold_loss":0},{"damage_healed":0,"gold_gain":0,"player_choice":"Ignored","damage_taken":0,"max_hp_gain":0,"max_hp_loss":0,"event_name":"The Mausoleum","floor":27,"gold_loss":0},{"cards_removed":["Strike_G"],"damage_healed":0,"gold_gain":0,"player_choice":"Elegance","damage_taken":0,"max_hp_gain":0,"max_hp_loss":0,"event_name":"Back to Basics","floor":31,"gold_loss":0}],"is_beta":false,"boss_relics":[{"not_picked":["Astrolabe","Cursed Key"],"picked":"Runic Pyramid"}],"items_purged_floors":[11,24],"is_endless":false,"potions_floor_spawned":[2,5,14,16,19,28,29,30],"killed_by":"Collector","ascension_level":20}}