{"host":"bf9sa99gaumonoeu","time":1609897413,"event":{"mods":["AchievementEnabler","Act Like it!","BaseMod","Better Sensory Stone","Colored Map","Colored Powertips","Downfall","Duelist Mod","Friendly Minions","Gensokyo","GifTheSpireLib","Hallownest","Hermit","Hubris","Jorbs\u0027s Wanderer Trilogy","KinomotoSakuraMod(????)","Koishi","Lobotomy","Marisa????????","Minty Spire (QoL Compilation)","Rare Cards Sparkle","Reimu??????","Remilia??????","Replay The Spire","Shop Mod","StSLib","The Administrix","The Animator","The Blue Laboratory","The Bug Knight","The Construct","The Cursed","The Disciple","The Hierophant","The Mystic","The Necromancer","The Poker Player","The Runesmith","The Senshi","The Servant 0.9.4"],"gold_per_floor":[216,226,237,252,36,36,54,54,54,72,103,116,116,131,131,230,230,249,261,53,73,93,124,137,137,137,137,137,137,167,10,10,106,106,123,139,158,168,168,168,218,232,232,232,232,243,254,274,274,274,274],"floor_reached":50,"playtime":5053,"items_purged":["Strike_Lin:ReiMu","Strike_Lin:ReiMu"],"score":567,"play_id":"bc42747a-d1ea-41b5-af11-d3da7188ace2","local_time":"20210105234333","is_ascension_mode":false,"campfire_choices":[{"data":"SafetyPray:ReiMu","floor":6.0,"key":"SMITH"},{"data":"Gathering:ReiMu","floor":8.0,"key":"SMITH"},{"data":"CareerPray:ReiMu","floor":13.0,"key":"SMITH"},{"data":"ShadowOfCrow2:ReiMu","floor":15.0,"key":"SMITH"},{"data":"Conquer:ReiMu","floor":25,"key":"SMITH"},{"data":"Enchanting:ReiMu","floor":27,"key":"SMITH"},{"data":"PayForSelf:ReiMu","floor":32,"key":"SMITH"},{"floor":40,"key":"REST"},{"floor":45,"key":"REST"},{"floor":49,"key":"REST"}],"circlet_count":0,"master_deck":["Strike_Lin:ReiMu","Strike_Lin:ReiMu","Defend_Lin:ReiMu","Defend_Lin:ReiMu","Defend_Lin:ReiMu","Defend_Lin:ReiMu","NB:ReiMu","Stagnation:ReiMu","TightArray:ReiMu","ShadowOfCrow2:ReiMu+1","RainPray2:ReiMu","SafetyPray:ReiMu+1","Gathering:ReiMu+1","SealNeedle:ReiMu","PayForSelf:ReiMu+1","CareerPray:ReiMu+1","CareerPray:ReiMu","Revelation:ReiMu","PrayRite:ReiMu","Enchanting:ReiMu+1","Conquer:ReiMu+1","SpiritualOutbreak2:ReiMu","AirManeuver:ReiMu","PayForSelf:ReiMu+1","RainPray2:ReiMu","ForcedLanding:ReiMu","CommonCold","PrayRite:ReiMu","DependentForm:ReiMu","Enchanting:ReiMu+1","AirManeuver:ReiMu+1","Intuition:ReiMu+1","SafetyPray:ReiMu","MountainWay:ReiMu","CareerPray:ReiMu","UniversalSpiritual:ReiMu+1","TakeOff:ReiMu+1","Pride"],"relics":["FlyPower:ReiMu","Ornamental Fan","PureWhite:ReiMu","ReplayTheSpireMod:DimensionalGlitch","Orichalcum","Toy Ornithopter","Ring of Panic","Runesmith:Nanobots","DollysMirror","Philosopher\u0027s Stone","hubris:Icosahedron","CaptainsWheel","Chameleon Ring"],"acts_visited":["Exordium","TheCity","TheBeyond"],"potions_floor_usage":[33,47,50],"damage_taken":[{"damage":6.0,"enemies":"Cultist","floor":1.0,"turns":5.0},{"damage":2.0,"enemies":"2 Louse","floor":2.0,"turns":4.0},{"damage":0.0,"enemies":"Jaw Worm","floor":3.0,"turns":4.0},{"damage":5.0,"enemies":"Large Slime","floor":4.0,"turns":6.0},{"damage":5.0,"enemies":"Red Slaver","floor":7.0,"turns":5.0},{"damage":5.0,"enemies":"Looter","floor":10.0,"turns":4.0},{"damage":4.0,"enemies":"3 Sentries","floor":11.0,"turns":8.0},{"damage":4.0,"enemies":"Exordium Thugs","floor":12.0,"turns":4.0},{"damage":1.0,"enemies":"2 Fungi Beasts","floor":14.0,"turns":2.0},{"damage":24,"enemies":"Slime Boss","floor":16,"turns":8},{"damage":2,"enemies":"Shell Parasite","floor":18,"turns":5},{"damage":0,"enemies":"Spheric Guardian","floor":19,"turns":4},{"damage":0,"enemies":"Snake Plant","floor":21,"turns":5},{"damage":0,"enemies":"Snecko","floor":22,"turns":3},{"damage":0,"enemies":"HollowMod:Nosk","floor":23,"turns":5},{"damage":0,"enemies":"3 Cultists","floor":24,"turns":4},{"damage":0,"enemies":"theDuelist:KaibaA2","floor":30,"turns":6},{"damage":8,"enemies":"Automaton","floor":33,"turns":6},{"damage":6,"enemies":"3 Darklings","floor":35,"turns":4},{"damage":0,"enemies":"Orb Walker","floor":36,"turns":1},{"damage":0,"enemies":"Maw","floor":37,"turns":7},{"damage":40,"enemies":"Transient","floor":38,"turns":5},{"damage":0,"enemies":"Mind Bloom Boss Battle","floor":41,"turns":7},{"damage":28,"enemies":"4 Shapes","floor":42,"turns":9},{"damage":4,"enemies":"3 Darklings","floor":46,"turns":6},{"damage":0,"enemies":"Transient","floor":47,"turns":5},{"damage":8,"enemies":"Sphere and 2 Shapes","floor":48,"turns":5},{"damage":42,"enemies":"Replay:Hell Engine","floor":50,"turns":6}],"seed_played":"-3591846492993399236","potions_obtained":[{"floor":1.0,"key":"BlessingOfTheForge"},{"floor":4.0,"key":"DuplicationPotion"},{"floor":10.0,"key":"Fire Potion"},{"floor":11.0,"key":"blueLaboratory:ExaltedPotion"},{"floor":33,"key":"blueLaboratory:BottledHope"},{"floor":36,"key":"blueLaboratory:SavagePotion"}],"is_trial":false,"path_per_floor":["M","M","M","M","$","R","M","R","T","M","E","M","R","M","R","B",null,"M","M","$","M","M","E","M","R","T","R","?","?","E","$","R","B",null,"M","M","M","M","?","R","?","M","T","?","R","M","M","M","R","B"],"character_chosen":"REIMU","items_purchased":["Gathering:ReiMu","SealNeedle:ReiMu","SpiritualOutbreak2:ReiMu","AirManeuver:ReiMu","DollysMirror"],"campfire_rested":3,"item_purchase_floors":[5,5,20,20,31],"current_hp_per_floor":[59,57,57,52,52,52,47,47,47,42,38,34,34,33,33,9,65,63,63,63,63,63,63,63,63,63,63,63,63,63,63,63,57,65,59,59,59,19,19,38,38,10,10,10,29,25,28,20,39,0,0],"gold":274,"neow_bonus":"HUNDRED_GOLD","is_daily":false,"chose_seed":false,"campfire_upgraded":7,"win_rate":0.0,"timestamp":1609897413,"path_taken":["M","M","M","M","$","R","M","R","T","M","E","?","R","M","R","BOSS","M","?","$","M","M","E","M","R","T","R","?","?","E","$","R","BOSS","M","M","M","M","?","R","?","M","T","?","R","?","M","M","R","BOSS"],"items_purchased_type":["Card","Card","Card","Card","Relic"],"build_version":"2020-12-22","purchased_purges":2,"victory":false,"max_hp_per_floor":[65,65,65,65,65,65,65,65,65,65,65,65,65,65,65,65,65,65,65,65,65,65,65,65,65,65,65,65,65,65,65,65,65,65,65,65,65,65,65,65,65,65,65,65,65,65,65,65,65,65,65],"card_choices":[{"not_picked":["LovePray:ReiMu","Revelation:ReiMu"],"picked":"TightArray:ReiMu","floor":1.0},{"not_picked":["TightArray:ReiMu","Enchanting:ReiMu"],"picked":"ShadowOfCrow2:ReiMu","floor":2.0},{"not_picked":["TightArray:ReiMu","OrbThrow:ReiMu"],"picked":"RainPray2:ReiMu","floor":3.0},{"not_picked":["MikOfLucky:ReiMu","EmergencyTakeOff:ReiMu"],"picked":"SafetyPray:ReiMu","floor":4.0},{"not_picked":["ShadowOfCrow2:ReiMu","EmergencyTakeOff:ReiMu","PayForSelf:ReiMu"],"picked":"SKIP","floor":7.0},{"not_picked":["ShadowOfCrow2:ReiMu","EmergencyTakeOff:ReiMu"],"picked":"PayForSelf:ReiMu","floor":7.0},{"not_picked":["DependentForm:ReiMu","LovePray:ReiMu"],"picked":"CareerPray:ReiMu","floor":10.0},{"not_picked":["KamiSacrifice:ReiMu","AirStrike:ReiMu"],"picked":"CareerPray:ReiMu","floor":11.0},{"not_picked":["SubcavityInstant:ReiMu","Amulet:ReiMu","FantasyBorder:ReiMu"],"picked":"SKIP","floor":12.0},{"not_picked":["Amulet:ReiMu","CareerPray:ReiMu"],"picked":"Revelation:ReiMu","floor":14.0},{"not_picked":["CleanRite:ReiMu","CardOfSanctity:ReiMu"],"picked":"PrayRite:ReiMu","floor":16},{"not_picked":["TightArray:ReiMu","EmergencyTakeOff:ReiMu"],"picked":"Enchanting:ReiMu","floor":18},{"not_picked":["TakeOff:ReiMu+1","SafetyPray:ReiMu"],"picked":"Conquer:ReiMu","floor":19},{"not_picked":["WonderfulDomain:ReiMu","SubcavityInstant:ReiMu+1"],"picked":"PayForSelf:ReiMu+1","floor":21},{"not_picked":["SpiritualOutbreak2:ReiMu","AirStrike:ReiMu","BarrageOfMoneybags:ReiMu+1"],"picked":"SKIP","floor":22},{"not_picked":["SubcavityInstant:ReiMu+1","CollectionFlower2:ReiMu+1"],"picked":"RainPray2:ReiMu","floor":23},{"not_picked":["OrbThrow:ReiMu+1","SpreadBorder2:ReiMu"],"picked":"ForcedLanding:ReiMu","floor":24},{"not_picked":["Authority:ReiMu","TightArray:ReiMu","EmergencyTakeOff:ReiMu"],"picked":"SKIP","floor":30},{"not_picked":["Free:ReiMu","OctopathSalyBorderN:ReiMu"],"picked":"DependentForm:ReiMu","floor":33},{"not_picked":["SpreadBorder2:ReiMu","SpringWay:ReiMu+1"],"picked":"Enchanting:ReiMu","floor":35},{"not_picked":["TightArray:ReiMu+1","Amulet:ReiMu"],"picked":"AirManeuver:ReiMu+1","floor":36},{"not_picked":["KyokaiOfKami:ReiMu","OrbThrow:ReiMu+1"],"picked":"Intuition:ReiMu+1","floor":37},{"not_picked":["RainPray2:ReiMu","Amulet:ReiMu+1"],"picked":"SafetyPray:ReiMu","floor":38},{"not_picked":["Enchanting:ReiMu","ForcedLanding:ReiMu"],"picked":"MountainWay:ReiMu","floor":41},{"not_picked":["Intuition:ReiMu+1","AirStrike:ReiMu"],"picked":"CareerPray:ReiMu","floor":42},{"not_picked":["Conquer:ReiMu","AirStrike:ReiMu","SubAcupoint:ReiMu"],"picked":"SKIP","floor":46},{"not_picked":["RainPray2:ReiMu+1","PrepareRite:ReiMu"],"picked":"UniversalSpiritual:ReiMu+1","floor":47},{"not_picked":["EmergencyTakeOff:ReiMu","Conquer:ReiMu+1"],"picked":"TakeOff:ReiMu+1","floor":48}],"player_experience":795489,"relics_obtained":[{"floor":9.0,"key":"Ornamental Fan"},{"floor":11.0,"key":"PureWhite:ReiMu"},{"floor":23,"key":"Orichalcum"},{"floor":26,"key":"Toy Ornithopter"},{"floor":29,"key":"Ring of Panic"},{"floor":30,"key":"Runesmith:Nanobots"},{"floor":41,"key":"CaptainsWheel"},{"floor":43,"key":"Chameleon Ring"}],"event_choices":[{"damage_healed":0,"gold_gain":0,"player_choice":"Ignored","damage_taken":0,"max_hp_gain":0,"max_hp_loss":0,"event_name":"Vampires","floor":28,"gold_loss":0},{"damage_healed":0,"gold_gain":0,"player_choice":"Fight","damage_taken":0,"max_hp_gain":0,"max_hp_loss":0,"event_name":"MindBloom","floor":41,"gold_loss":0},{"damage_healed":0,"gold_gain":0,"player_choice":"Forge","damage_taken":0,"max_hp_gain":0,"max_hp_loss":0,"event_name":"Accursed Blacksmith","floor":44,"gold_loss":0,"cards_upgraded":["Enchanting:ReiMu"]}],"is_beta":false,"boss_relics":[{"not_picked":["hubris:CrackedHourglass","Sozu"],"picked":"ReplayTheSpireMod:DimensionalGlitch"},{"not_picked":["DonationBox:ReiMu","Honey Jar"],"picked":"Philosopher\u0027s Stone"}],"items_purged_floors":[5,20],"is_endless":false,"potions_floor_spawned":[1,4,10,11,21,22,24,30,33,36,41,42,46],"killed_by":"Replay:Hell Engine","ascension_level":0}}