{"host":"d2y4rmbezebiv8aj","time":1609928638,"event":{"mods":["AchievementEnabler","BaseMod","Bestiary","BetterRewards","Colored Map","Colored Powertips","Custom Start","Highlight Path","Minty Spire (QoL Compilation)","Quick Restart","Rare Cards Sparkle","Relic Sorter","Relic Stats","Shop Mod","Slay-I","StSLib","SuperFastMode"],"gold_per_floor":[114,134,144,144,164,164,197,216,264,264,276,32,32,51,51,151,151,166,166,152,168,168,168],"floor_reached":22,"playtime":850,"items_purged":[],"score":377,"play_id":"3d292f87-7c95-4a10-b415-f5b1c7be37d6","local_time":"20210106112358","is_ascension_mode":true,"campfire_choices":[{"floor":6,"key":"REST"},{"floor":13,"key":"REST"},{"data":"Poisoned Stab","floor":15,"key":"SMITH"}],"circlet_count":0,"master_deck":["Strike_G","Strike_G","Strike_G","Strike_G","Strike_G","Defend_G","Defend_G","Defend_G","Defend_G","Defend_G","Survivor","Neutralize","After Image","PiercingWail","Terror+1","Dagger Throw","Cloak And Dagger","Poisoned Stab+1","All Out Attack","Outmaneuver","Sucker Punch","Outmaneuver+1","Glass Knife","CurseOfTheBell","Crippling Poison","Jack Of All Trades","Dagger Spray","Dagger Spray"],"relics":["Ring of the Snake","Centennial Puzzle","Eternal Feather","Orichalcum","Ancient Tea Set","Shuriken","Calling Bell","War Paint","Darkstone Periapt","Mango"],"acts_visited":["Exordium","TheCity"],"potions_floor_usage":[7,20,20,21,22],"damage_taken":[{"damage":0,"enemies":"2 Louse","floor":1,"turns":4},{"damage":1,"enemies":"Small Slimes","floor":2,"turns":6},{"damage":0,"enemies":"Cultist","floor":3,"turns":4},{"damage":14,"enemies":"3 Louse","floor":5,"turns":5},{"damage":29,"enemies":"Gremlin Nob","floor":7,"turns":5},{"damage":0,"enemies":"Looter","floor":8,"turns":4},{"damage":0,"enemies":"Exordium Wildlife","floor":11,"turns":2},{"damage":0,"enemies":"3 Louse","floor":14,"turns":4},{"damage":22,"enemies":"The Guardian","floor":16,"turns":12},{"damage":8,"enemies":"Shell Parasite","floor":18,"turns":7},{"damage":9,"enemies":"2 Thieves","floor":20,"turns":4},{"damage":37,"enemies":"3 Cultists","floor":21,"turns":6},{"damage":31,"enemies":"Sentry and Sphere","floor":22,"turns":3}],"seed_played":"920932585615819442","potions_obtained":[{"floor":5,"key":"Explosive Potion"},{"floor":8,"key":"Poison Potion"},{"floor":11,"key":"GamblersBrew"},{"floor":14,"key":"DuplicationPotion"},{"floor":20,"key":"PowerPotion"}],"is_trial":false,"path_per_floor":["M","M","M","?","M","R","E","M","T","?","M","$","R","M","R","B",null,"M","?","M","M","M"],"character_chosen":"THE_SILENT","items_purchased":["After Image","PiercingWail","Shuriken"],"campfire_rested":2,"item_purchase_floors":[0,0,12],"current_hp_per_floor":[54,53,53,35,21,42,13,13,13,13,13,13,46,46,58,36,76,68,68,59,22,0,0],"gold":168,"neow_bonus":"","is_daily":false,"chose_seed":false,"campfire_upgraded":1,"win_rate":0.0,"timestamp":1609928638,"path_taken":["M","M","M","?","M","R","E","M","T","?","M","$","R","M","R","BOSS","M","?","M","M","?"],"items_purchased_type":["Card","Card","Relic"],"build_version":"2020-12-22","purchased_purges":0,"victory":false,"max_hp_per_floor":[70,70,70,70,70,70,70,70,70,70,70,70,70,70,70,70,84,84,84,84,84,84,84],"relic_stats":{"Darkstone Periapt":0,"Centennial Puzzle":[42],"counters":[133,652],"Shuriken":[12],"Eternal Feather":24,"Orichalcum":[12],"War Paint":["Terror","Outmaneuver"],"obtain_stats":[{"Gremlin Horn":0,"Spirit Poop":3,"Whetstone":6,"Boot":27,"Blood Vial":27,"Centennial Puzzle":3,"Lizard Tail":36,"Strawberry":6,"MealTicket":9,"Prayer Wheel":13,"Fusion Hammer":17,"Kunai":27,"Girya":26,"Happy Flower":14,"Oddly Smooth Stone":9,"Eternal Feather":7,"Pen Nib":25,"Letter Opener":8,"Paper Crane":9,"War Paint":17,"WarpedTongs":2,"Bottled Flame":25,"Shuriken":26,"Bird Faced Urn":7,"Molten Egg 2":10,"CultistMask":12,"Nloth\u0027s Gift":19,"Black Star":17,"Meat on the Bone":9,"Darkstone Periapt":23,"Mango":17,"Bag of Preparation":2,"Juzu Bracelet":8,"Cursed Key":17,"Smiling Mask":6,"Ancient Tea Set":10,"Nunchaku":0,"Dream Catcher":14,"Tough Bandages":0,"WristBlade":17,"Mummified Hand":27,"Ninja Scroll":25,"Toolbox":44,"Tiny Chest":7,"Red Mask":45,"Ring of the Snake":0,"The Specimen":26,"Golden Idol":2,"Thread and Needle":31,"PreservedInsect":43,"Omamori":19,"Orichalcum":14,"Frozen Egg 2":9,"MawBank":9,"Mercury Hourglass":6,"Calling Bell":17,"CaptainsWheel":9,"Ornamental Fan":6,"Membership Card":14,"Bottled Lightning":44,"TungstenRod":27,"Toy Ornithopter":44},{"Gremlin Horn":72,"Spirit Poop":41,"Whetstone":112,"Boot":88,"Blood Vial":37,"Centennial Puzzle":1,"Lizard Tail":94,"Strawberry":52,"MealTicket":5,"Prayer Wheel":62,"Fusion Hammer":115,"Kunai":88,"Girya":68,"Happy Flower":62,"Oddly Smooth Stone":13,"Eternal Feather":125,"Pen Nib":22,"Letter Opener":53,"Paper Crane":27,"War Paint":129,"WarpedTongs":73,"Bottled Flame":37,"Shuriken":87,"Bird Faced Urn":60,"Molten Egg 2":53,"CultistMask":80,"Nloth\u0027s Gift":64,"Black Star":82,"Meat on the Bone":79,"Darkstone Periapt":21,"Mango":129,"Bag of Preparation":1,"Juzu Bracelet":79,"Cursed Key":17,"Smiling Mask":43,"Ancient Tea Set":126,"Nunchaku":0,"Dream Catcher":16,"Tough Bandages":55,"WristBlade":32,"Mummified Hand":22,"Ninja Scroll":87,"Toolbox":95,"Tiny Chest":13,"Red Mask":95,"Ring of the Snake":0,"The Specimen":119,"Golden Idol":41,"Thread and Needle":91,"PreservedInsect":95,"Omamori":18,"Orichalcum":8,"Frozen Egg 2":104,"MawBank":53,"Mercury Hourglass":26,"Calling Bell":129,"CaptainsWheel":60,"Ornamental Fan":4,"Membership Card":62,"Bottled Lightning":95,"TungstenRod":68,"Toy Ornithopter":95},{"Gremlin Horn":368,"Spirit Poop":199,"Whetstone":546,"Boot":436,"Blood Vial":185,"Centennial Puzzle":8,"Lizard Tail":456,"Strawberry":254,"MealTicket":35,"Prayer Wheel":288,"Fusion Hammer":561,"Kunai":436,"Girya":332,"Happy Flower":288,"Oddly Smooth Stone":74,"Eternal Feather":610,"Pen Nib":124,"Letter Opener":258,"Paper Crane":146,"War Paint":632,"WarpedTongs":371,"Bottled Flame":185,"Shuriken":432,"Bird Faced Urn":280,"Molten Egg 2":258,"CultistMask":399,"Nloth\u0027s Gift":311,"Black Star":412,"Meat on the Bone":398,"Darkstone Periapt":115,"Mango":632,"Bag of Preparation":8,"Juzu Bracelet":398,"Cursed Key":94,"Smiling Mask":212,"Ancient Tea Set":614,"Nunchaku":0,"Dream Catcher":84,"Tough Bandages":264,"WristBlade":166,"Mummified Hand":124,"Ninja Scroll":432,"Toolbox":460,"Tiny Chest":74,"Red Mask":460,"Ring of the Snake":0,"The Specimen":584,"Golden Idol":199,"Thread and Needle":443,"PreservedInsect":460,"Omamori":97,"Orichalcum":49,"Frozen Egg 2":505,"MawBank":258,"Mercury Hourglass":143,"Calling Bell":632,"CaptainsWheel":280,"Ornamental Fan":32,"Membership Card":288,"Bottled Lightning":460,"TungstenRod":332,"Toy Ornithopter":460}],"Ring of the Snake":[248]},"card_choices":[{"not_picked":["Outmaneuver","Blur"],"picked":"Terror","floor":1},{"not_picked":["Prepared","Acrobatics"],"picked":"Dagger Throw","floor":2},{"not_picked":["Outmaneuver","Dodge and Roll"],"picked":"Cloak And Dagger","floor":3},{"not_picked":["Finisher","Flying Knee"],"picked":"Poisoned Stab","floor":5},{"not_picked":["Underhanded Strike","Acrobatics"],"picked":"All Out Attack","floor":7},{"not_picked":["Prepared","Malaise"],"picked":"Outmaneuver","floor":8},{"not_picked":["Quick Slash","Outmaneuver"],"picked":"Sucker Punch","floor":11},{"not_picked":["Acrobatics","Reflex"],"picked":"Outmaneuver","floor":14},{"not_picked":["Malaise","Doppelganger"],"picked":"Glass Knife","floor":16},{"not_picked":["Finisher","Skewer"],"picked":"Crippling Poison","floor":18},{"not_picked":["Deflect","Quick Slash"],"picked":"Dagger Spray","floor":20},{"not_picked":["PiercingWail","Deadly Poison"],"picked":"Dagger Spray","floor":21}],"player_experience":355529,"relics_obtained":[{"floor":7,"key":"Eternal Feather"},{"floor":9,"key":"Orichalcum"},{"floor":17,"key":"War Paint"},{"floor":17,"key":"Darkstone Periapt"},{"floor":17,"key":"Mango"}],"event_choices":[{"damage_healed":0,"gold_gain":0,"player_choice":"Success","damage_taken":18,"relics_obtained":["Centennial Puzzle"],"max_hp_gain":0,"max_hp_loss":0,"event_name":"Scrap Ooze","floor":4,"gold_loss":0},{"damage_healed":0,"gold_gain":0,"player_choice":"Searched \u00271\u0027 times","damage_taken":0,"relics_obtained":["Ancient Tea Set"],"max_hp_gain":0,"max_hp_loss":0,"event_name":"Dead Adventurer","floor":10,"gold_loss":0},{"damage_healed":0,"gold_gain":0,"player_choice":"1 cards matched","damage_taken":0,"max_hp_gain":0,"max_hp_loss":0,"event_name":"Match and Keep!","floor":19,"gold_loss":0,"cards_obtained":["Jack Of All Trades"]}],"is_beta":false,"boss_relics":[{"not_picked":["SlaversCollar","Coffee Dripper"],"picked":"Calling Bell"}],"items_purged_floors":[],"is_endless":false,"potions_floor_spawned":[5,8,11,14,20],"killed_by":"Sentry and Sphere","ascension_level":6}}