{"host":"ikjt6v4q6zrcj3if","time":1609975623,"event":{"mods":["BaseMod","CapriCore","Colored Map","Downfall","Duelist Mod","Luminous","Minty Spire (QoL Compilation)","Permanent Neow","Quick Restart","Replay The Spire","Robot Space Explorer","Somnambulant","StSLib","SuperFastMode","The Construct","The Exalted","The Marked","The Necromancer","The Runesmith"],"gold_per_floor":[115,204,204,58,70,70,105,116,186,217,217,217,243,256,256,362,362,379,395,141,141,16,16,31,65,65,65,65,80,93,93,93,199,199,218,218,231,250,250,250,279,129,129,179,179,205,219,258,258,258],"floor_reached":51,"playtime":3782,"items_purged":["Pandemic","Violent_Necrosis","Bones_to_Steel","Vampiric_Strike"],"score":933,"play_id":"cca5381c-948d-4325-aa95-bafc5cc69e0e","local_time":"20210107082703","daily_mods":["Draft"],"is_ascension_mode":true,"campfire_choices":[{"data":"Shade_Step","floor":6,"key":"SMITH"},{"data":"Blood_Curse","floor":12,"key":"SMITH"},{"data":"Shade_Step","floor":15,"key":"SMITH"},{"data":"Uncharnel","floor":23,"key":"SMITH"},{"data":"Summon_Undead_Army","floor":27,"key":"SMITH"},{"data":"Summon_Undead","floor":32,"key":"SMITH"},{"data":"Summon_Vampire_Lady","floor":40,"key":"SMITH"},{"data":"Spectral_Walk","floor":45,"key":"SMITH"},{"data":"Summon_Undead_Army","floor":49,"key":"SMITH"}],"circlet_count":0,"master_deck":["Bone_Prison","Life_Drain","Thousand_Bone_Knives","Bone_Armory","Uncharnel","Spectral_Walk+1","Summon_Undead+1","Spectral_Armor","Negative_Energy_Shield","Blood_Curse+1","Life_Tap","Summon_Lich","Shade_Step+1","Shade_Step+1","Uncharnel+1","Summon_Vampire_Lady","Summon_Undead_Army+1","Summon_Vampire_Lady+1","Summon_Undead+1","Summon_Undead_Army+1"],"relics":["Vampire_Amulet","Nunchaku","Garlic","Bromod:ArcaneAwakening","Bottled Flame","Bird Faced Urn","CeramicFish","construct:ClawGrip","Guardian:BottledAnomaly","Pen Nib","Eternal Feather","Ornamental Fan","Philosopher\u0027s Stone","Bottled Lightning","Bromod:ArcaneDeflection","Gambling Chip","Blue Candle","Gremlin Food"],"acts_visited":["Exordium","TheCity","TheBeyond"],"potions_floor_usage":[13,50,50],"damage_taken":[{"damage":4,"enemies":"Jaw Worm","floor":1,"turns":3},{"damage":9,"enemies":"Small Slimes","floor":5,"turns":4},{"damage":5,"enemies":"3 Sentries","floor":7,"turns":5},{"damage":2,"enemies":"Cultist","floor":8,"turns":4},{"damage":3,"enemies":"Lagavulin","floor":10,"turns":6},{"damage":30,"enemies":"Gremlin Nob","floor":13,"turns":5},{"damage":9,"enemies":"Red Slaver","floor":14,"turns":3},{"damage":9,"enemies":"Slime Boss","floor":16,"turns":8},{"damage":13,"enemies":"Spheric Guardian","floor":18,"turns":5},{"damage":4,"enemies":"Chosen","floor":19,"turns":4},{"damage":2,"enemies":"Snake Plant","floor":24,"turns":4},{"damage":19,"enemies":"Slavers","floor":25,"turns":4},{"damage":2,"enemies":"Chosen and Byrds","floor":29,"turns":4},{"damage":1,"enemies":"Snecko","floor":30,"turns":4},{"damage":21,"enemies":"Champ","floor":33,"turns":6},{"damage":16,"enemies":"3 Darklings","floor":35,"turns":4},{"damage":2,"enemies":"Orb Walker","floor":37,"turns":3},{"damage":26,"enemies":"3 Darklings","floor":38,"turns":4},{"damage":17,"enemies":"R_Hoarder","floor":41,"turns":6},{"damage":7,"enemies":"Mind Bloom Boss Battle","floor":44,"turns":4},{"damage":27,"enemies":"Giant Head","floor":46,"turns":4},{"damage":13,"enemies":"4 Shapes","floor":47,"turns":5},{"damage":28,"enemies":"R_Hoarder","floor":48,"turns":6},{"damage":55,"enemies":"Donu and Deca","floor":50,"turns":6}],"seed_played":"-8537144352369928604","potions_obtained":[{"floor":1,"key":"LiquidBronze"},{"floor":14,"key":"ColorlessPotion"},{"floor":16,"key":"SpeedPotion"},{"floor":18,"key":"Explosive Potion"}],"is_trial":true,"path_per_floor":["M","?","T","$","M","R","E","M","T","E","?","R","E","M","R","B",null,"M","M","$","?","$","R","M","E","T","R","T","M","M","?","R","B",null,"M","?","M","M","?","R","E","$","T","?","R","E","M","E","R","B",null],"character_chosen":"NECROMANCER","items_purchased":["Shade_Step","Guardian:BottledAnomaly"],"campfire_rested":0,"item_purchase_floors":[4,20],"current_hp_per_floor":[73,55,55,55,65,65,72,75,75,75,75,75,55,62,62,75,75,75,75,75,75,75,75,75,72,72,75,75,75,75,75,75,75,75,75,75,75,75,75,75,75,75,75,75,75,75,75,68,75,64],"gold":258,"neow_bonus":"","is_daily":false,"chose_seed":false,"campfire_upgraded":9,"win_rate":0.0,"timestamp":1609975623,"path_taken":["M","?","?","$","M","R","E","M","T","E","?","R","E","M","R","BOSS","M","M","$","?","$","R","M","E","T","R","?","M","M","?","R","BOSS","M","?","?","M","?","R","E","$","T","?","R","E","M","E","R","BOSS"],"items_purchased_type":["Card","Relic"],"build_version":"2020-12-22","purchased_purges":4,"victory":true,"max_hp_per_floor":[75,75,75,75,75,75,75,75,75,75,75,75,75,75,75,75,75,75,75,75,75,75,75,75,75,75,75,75,75,75,75,75,75,75,75,75,75,75,75,75,75,75,75,75,75,75,75,75,75,75],"card_choices":[{"not_picked":["Consume_Illness","Death_Coil"],"picked":"Bone_Prison","floor":0},{"not_picked":["Whirlwind_of_Bones","Blood_Curse"],"picked":"Life_Drain","floor":0},{"not_picked":["Shackles_Of_Pain","Necromantic_Selection"],"picked":"Thousand_Bone_Knives","floor":0},{"not_picked":["Finger_Of_Death","Blood_Whip"],"picked":"Violent_Necrosis","floor":0},{"not_picked":["Finger_Of_Death","Negative_Energy_Mist"],"picked":"Bone_Armory","floor":0},{"not_picked":["Negative_Energy_Sphere","Bone_Spikes"],"picked":"Pandemic","floor":0},{"not_picked":["Consume_Illness","Vampiric_Strike"],"picked":"Uncharnel","floor":0},{"not_picked":["Death_Coil","Consume_Illness"],"picked":"Spectral_Walk","floor":0},{"not_picked":["Bone_Bullets","Shackles_Of_Pain"],"picked":"Vampiric_Strike","floor":0},{"not_picked":["Chill_Blood","Finger_Of_Death"],"picked":"Summon_Undead","floor":0},{"not_picked":["Violent_Necrosis","Toxic_Smoke_Screen"],"picked":"Spectral_Armor","floor":0},{"not_picked":["Bone_Shift","Summon_Lich"],"picked":"Bones_to_Steel","floor":0},{"not_picked":["Consume_Illness","Death_Coil"],"picked":"Negative_Energy_Shield","floor":0},{"not_picked":["Violent_Necrosis","Death_Coil"],"picked":"Blood_Curse","floor":0},{"not_picked":["Scare","Blood_Whip"],"picked":"Plague_Bolt","floor":0},{"not_picked":["Toxic_Smoke_Screen","Negative_Energy_Shield","Blood_for_Blood"],"picked":"SKIP","floor":1},{"not_picked":["Blood_Is_Power","Death_March_Dance"],"picked":"Life_Tap","floor":2},{"not_picked":["Toxic_Smoke_Screen","Negative_Energy_Sphere"],"picked":"Summon_Lich","floor":2},{"not_picked":["Death_March_Dance","Scare"],"picked":"Shade_Step","floor":5},{"not_picked":["Pandemic","Negative_Energy_Bomb","Acid_Javelin"],"picked":"SKIP","floor":7},{"not_picked":["Corrupt","Plague_Bolt"],"picked":"Uncharnel","floor":8},{"not_picked":["Bone_Spikes","Scare","Blood_Curse"],"picked":"SKIP","floor":10},{"not_picked":["Chill_Blood","Negative_Energy_Shield","Stop_Heart"],"picked":"SKIP","floor":13},{"not_picked":["Bone_Bullets","Vampiric_Strike","Acid_Javelin"],"picked":"SKIP","floor":14},{"not_picked":["Detonate_Bones","Hellfire"],"picked":"Summon_Vampire_Lady","floor":16},{"not_picked":["Vampiric_Strike","Whirlwind_of_Bones","Blood_Whip"],"picked":"SKIP","floor":18},{"not_picked":["Finger_Of_Death","Scare","Negative_Energy_Javelin"],"picked":"SKIP","floor":19},{"not_picked":["Violent_Necrosis","Chill_Blood","Negative_Energy_Shield+1"],"picked":"SKIP","floor":24},{"not_picked":["Blood_Whip","Bone_Spikes"],"picked":"Summon_Undead_Army","floor":25},{"not_picked":["Toxic_Smoke_Screen+1","Bone_Shift+1","Death_Coil+1"],"picked":"SKIP","floor":29},{"not_picked":["Chill_Blood","Exploit+1","Bones_to_Steel"],"picked":"SKIP","floor":30},{"not_picked":["Reap_The_Weak","Blood_Magic"],"picked":"Summon_Vampire_Lady","floor":33},{"not_picked":["Epidemic+1","Bone_Shift"],"picked":"Summon_Undead+1","floor":35},{"not_picked":["Slay_Living","Pandemic","Blood_Whip"],"picked":"SKIP","floor":37},{"not_picked":["Shackles_Of_Pain","Bone_Armory","Death_Coil"],"picked":"SKIP","floor":38},{"not_picked":["Death_Coil","Bone_Shift","Skeleton_Dragon"],"picked":"SKIP","floor":41},{"not_picked":["Consume_Illness","Violent_Necrosis+1","Blood_Curse+1"],"picked":"SKIP","floor":46},{"not_picked":["Death_March_Dance+1","Shackles_Of_Pain+1","Chill_Blood"],"picked":"SKIP","floor":47},{"not_picked":["Negative_Energy_Mist+1","Blood_Wake"],"picked":"Summon_Undead_Army","floor":48}],"player_experience":373611,"relics_obtained":[{"floor":2,"key":"Nunchaku"},{"floor":3,"key":"Garlic"},{"floor":7,"key":"Bromod:ArcaneAwakening"},{"floor":9,"key":"Bottled Flame"},{"floor":10,"key":"Bird Faced Urn"},{"floor":13,"key":"CeramicFish"},{"floor":25,"key":"Pen Nib"},{"floor":26,"key":"Eternal Feather"},{"floor":28,"key":"Ornamental Fan"},{"floor":41,"key":"Bottled Lightning"},{"floor":43,"key":"Bromod:ArcaneDeflection"},{"floor":44,"key":"Gambling Chip"},{"floor":46,"key":"Blue Candle"},{"floor":48,"key":"Gremlin Food"}],"event_choices":[{"damage_healed":0,"gold_gain":0,"player_choice":"Ignored","damage_taken":0,"max_hp_gain":0,"max_hp_loss":0,"event_name":"Liars Game","floor":11,"gold_loss":0},{"damage_healed":0,"gold_gain":0,"player_choice":"Ignored","damage_taken":0,"max_hp_gain":0,"max_hp_loss":0,"event_name":"Ghosts","floor":21,"gold_loss":0},{"damage_healed":0,"gold_gain":0,"player_choice":"0 cards matched","damage_taken":0,"max_hp_gain":0,"max_hp_loss":0,"event_name":"Match and Keep!","floor":31,"gold_loss":0,"cards_obtained":[]},{"damage_healed":0,"gold_gain":0,"player_choice":"0 cards matched","damage_taken":0,"max_hp_gain":0,"max_hp_loss":0,"event_name":"Match and Keep!","floor":36,"gold_loss":0,"cards_obtained":[]},{"cards_removed":["Plague_Bolt"],"damage_healed":0,"gold_gain":0,"player_choice":"Removed Attack","damage_taken":0,"max_hp_gain":0,"max_hp_loss":0,"event_name":"Falling","floor":39,"gold_loss":0},{"damage_healed":0,"gold_gain":0,"player_choice":"Fight","damage_taken":0,"max_hp_gain":0,"max_hp_loss":0,"event_name":"MindBloom","floor":44,"gold_loss":0}],"is_beta":false,"boss_relics":[{"not_picked":["Runesmith:UraniumAnvil","Bromod:ArcaneBarrier"],"picked":"construct:ClawGrip"},{"not_picked":["Bromod:ArcaneGrace","Busted Crown"],"picked":"Philosopher\u0027s Stone"}],"items_purged_floors":[4,20,22,42],"is_endless":false,"potions_floor_spawned":[1,14,16,18,25,30,35,44,46,47],"ascension_level":5}}