{"host":"yp47u74hk6n79vj1","time":1609969237,"event":{"mods":["BaseMod","Colored Map","Highlight Path","Minty Spire (QoL Compilation)"],"gold_per_floor":[117,65,65,65,82,115,115,126,177,187,187,262,262,262,262,364,364,380,380,400,400,400],"floor_reached":21,"playtime":566,"items_purged":[],"score":257,"play_id":"3264cefc-9c66-4b07-989d-fe07fc82490b","local_time":"20210106164037","is_ascension_mode":true,"campfire_choices":[{"data":"Berserk","floor":7,"key":"SMITH"},{"data":"True Grit","floor":11,"key":"SMITH"},{"data":"Shrug It Off","floor":15,"key":"SMITH"}],"circlet_count":0,"master_deck":["Strike_R+1","Defend_R","Defend_R","Defend_R","Shrug It Off+1","True Grit+1","Berserk+1","Cleave+1","Limit Break","Feed","Carnage+1","Body Slam+1","Heavy Blade+1","Ghostly Armor","Pommel Strike","Perfected Strike","Ghostly Armor+1"],"relics":["Burning Blood","NeowsBlessing","Juzu Bracelet","Strawberry","Astrolabe"],"acts_visited":["Exordium","TheCity"],"potions_floor_usage":[10,16,18,21],"damage_taken":[{"damage":0,"enemies":"Small Slimes","floor":1,"turns":1},{"damage":0,"enemies":"Jaw Worm","floor":5,"turns":1},{"damage":0,"enemies":"3 Sentries","floor":6,"turns":2},{"damage":1,"enemies":"2 Louse","floor":8,"turns":3},{"damage":20,"enemies":"Exordium Wildlife","floor":10,"turns":5},{"damage":36,"enemies":"The Guardian","floor":16,"turns":11},{"damage":23,"enemies":"3 Byrds","floor":18,"turns":7},{"damage":12,"enemies":"Chosen","floor":20,"turns":5},{"damage":76,"enemies":"Masked Bandits","floor":21,"turns":5}],"seed_played":"-9170841046606846236","potions_obtained":[{"floor":1,"key":"Explosive Potion"},{"floor":5,"key":"SteroidPotion"},{"floor":8,"key":"SneckoOil"},{"floor":18,"key":"SpeedPotion"}],"is_trial":false,"path_per_floor":["M","$","?","?","M","E","R","M","T","M","R","?","?","?","R","B",null,"M","?","M","?"],"character_chosen":"IRONCLAD","items_purchased":["True Grit"],"campfire_rested":0,"item_purchase_floors":[2],"current_hp_per_floor":[80,80,85,78,84,92,92,92,92,78,78,67,60,42,42,12,92,78,78,72,0,0],"gold":400,"neow_bonus":"THREE_ENEMY_KILL","is_daily":false,"chose_seed":false,"campfire_upgraded":3,"win_rate":0.0,"timestamp":1609969237,"path_taken":["M","$","?","?","M","E","R","M","T","M","R","?","?","?","R","BOSS","M","?","M","?"],"items_purchased_type":["Card"],"build_version":"2020-12-22","purchased_purges":0,"victory":false,"max_hp_per_floor":[80,80,85,85,85,92,92,92,92,92,92,92,92,92,92,92,92,95,95,95,98,98],"card_choices":[{"not_picked":["Seeing Red","Perfected Strike"],"picked":"Shrug It Off","floor":1},{"not_picked":["Wild Strike","Thunderclap","Perfected Strike"],"picked":"SKIP","floor":5},{"not_picked":["Shrug It Off","True Grit"],"picked":"Berserk","floor":6},{"not_picked":["Headbutt","True Grit"],"picked":"Cleave","floor":8},{"not_picked":["Flex","Flame Barrier"],"picked":"Limit Break","floor":10},{"not_picked":["Double Tap","Corruption"],"picked":"Feed","floor":16},{"not_picked":["Burning Pact","Perfected Strike"],"picked":"Ghostly Armor","floor":18},{"not_picked":["Body Slam","Headbutt"],"picked":"Ghostly Armor+1","floor":20}],"player_experience":605829,"relics_obtained":[{"floor":6,"key":"Strawberry"}],"event_choices":[{"damage_healed":0,"gold_gain":0,"player_choice":"Donut","damage_taken":0,"max_hp_gain":5,"max_hp_loss":0,"event_name":"Big Fish","floor":3,"gold_loss":0},{"damage_healed":0,"gold_gain":0,"player_choice":"Success","damage_taken":7,"relics_obtained":["Juzu Bracelet"],"max_hp_gain":0,"max_hp_loss":0,"event_name":"Scrap Ooze","floor":4,"gold_loss":0},{"damage_healed":0,"gold_gain":75,"player_choice":"Gather Gold","damage_taken":11,"max_hp_gain":0,"max_hp_loss":0,"event_name":"World of Goop","floor":12,"gold_loss":0},{"cards_removed":["Bash"],"damage_healed":0,"gold_gain":0,"player_choice":"Card Removal","damage_taken":7,"max_hp_gain":0,"max_hp_loss":0,"event_name":"Golden Wing","floor":13,"gold_loss":0},{"damage_healed":0,"gold_gain":0,"player_choice":"Entered Light","damage_taken":18,"max_hp_gain":0,"max_hp_loss":0,"event_name":"Shining Light","floor":14,"gold_loss":0,"cards_upgraded":["Strike_R","Cleave"]},{"damage_healed":0,"gold_gain":0,"cards_transformed":["Strike_R","Defend_R"],"player_choice":"Became Test Subject","damage_taken":0,"max_hp_gain":0,"max_hp_loss":0,"event_name":"Drug Dealer","floor":19,"gold_loss":0,"cards_obtained":["Pommel Strike","Perfected Strike"]},{"damage_healed":0,"gold_gain":0,"player_choice":"Fought Bandits","damage_taken":0,"max_hp_gain":0,"max_hp_loss":0,"event_name":"Masked Bandits","floor":21,"gold_loss":0}],"is_beta":false,"boss_relics":[{"not_picked":["Pandora\u0027s Box","Snecko Eye"],"picked":"Astrolabe"}],"items_purged_floors":[],"is_endless":false,"potions_floor_spawned":[1,5,8,18],"killed_by":"Masked Bandits","ascension_level":3}}