{"host":"6to8m083wj0ro91z","time":1609965428,"event":{"mods":["BaseMod","Better Third Choice","BetterRewards","CatGirl Mod","ChefMod","Friendly Minions","Hubris","Mad Scientist","Marisa????????","Minty Spire (QoL Compilation)","Robot Space Explorer","Shade Mod","Spicy Shops","StSLib","The Blackbeard","The Death Knight","The Dragon Tamer","The Gatherer","The Marked","The Mystic","The Necromancer","The Servant 0.9.4"],"gold_per_floor":[115,115,125,137,157,182,182,282,358,390,404,404,414,414,414,510,510,527,547,150,168,181,208,208,241,266,299,311,344,344,378,390,504,516,540,774,799,119,119,119,129,159,159,179,179,213,213,247,247,247,247,247,39,65,65],"floor_reached":56,"playtime":2936,"items_purged":["RobotSpaceExplorer:Strike","RobotSpaceExplorer:Strike","RobotSpaceExplorer:Strike","RobotSpaceExplorer:Strike","RobotSpaceExplorer:Defend"],"score":2109,"play_id":"f73dd7e7-3cd0-4d21-9e46-5d75d668b3e1","local_time":"20210106213708","is_ascension_mode":true,"campfire_choices":[{"data":"RobotSpaceExplorer:ChargingLaser","floor":7,"key":"SMITH"},{"data":"RobotSpaceExplorer:MiniDrones","floor":12,"key":"SMITH"},{"data":"Panache","floor":15,"key":"SMITH"},{"data":"RobotSpaceExplorer:MiniDrones","floor":24,"key":"SMITH"},{"floor":32,"key":"RECALL"},{"data":"RobotSpaceExplorer:Blaster","floor":40,"key":"SMITH"},{"data":"RobotSpaceExplorer:SwiftStep","floor":45,"key":"SMITH"},{"data":"RobotSpaceExplorer:TrailblazerForm","floor":47,"key":"SMITH"},{"data":"Master of Strategy","floor":49,"key":"SMITH"},{"data":"RobotSpaceExplorer:DroneSwarm","floor":52,"key":"SMITH"}],"circlet_count":0,"master_deck":["RobotSpaceExplorer:Defend","RobotSpaceExplorer:Defend","RobotSpaceExplorer:Defend","RobotSpaceExplorer:Scan+1","RobotSpaceExplorer:MiniLasers+1","Panache+1","RobotSpaceExplorer:StarLightning+1","RobotSpaceExplorer:StunGrenade","RobotSpaceExplorer:MiniDrones+1","RobotSpaceExplorer:ScrapMissile","RobotSpaceExplorer:StunGrenade","RobotSpaceExplorer:ChargingLaser+1","RobotSpaceExplorer:FranticSearch+1","RobotSpaceExplorer:MiniDrones+1","RobotSpaceExplorer:GearShield","RobotSpaceExplorer:DroneSwarm+1","RobotSpaceExplorer:Counterblock+1","RobotSpaceExplorer:ScrapMissile","RobotSpaceExplorer:ShovelStrike+1","RobotSpaceExplorer:JunkDive+1","RobotSpaceExplorer:Blaster+1","RobotSpaceExplorer:TrailblazerForm+1","RobotSpaceExplorer:SwiftStep+1","Master of Strategy+1","RobotSpaceExplorer:Pulsar+1"],"relics":["RobotSpaceExplorer:RoboCore","Mummified Hand","Centennial Puzzle","Letter Opener","Strawberry","Medical Kit","RobotSpaceExplorer:FoglandsKnife","InkBottle","MealTicket","Black Star","Gremlin Horn","Anchor","Bronze Scales","Red Mask","Nunchaku","Eternal Feather","Lantern","hubris:CrystalStatue","Pantograph","MawBank","DeathKnight:PutricidesVial","Coffee Dripper","Ornamental Fan","ClockworkSouvenir","Dream Catcher","Oddly Smooth Stone","Potion Belt","Boot","hubris:SlimyHat","Juzu Bracelet","hubris:SphereOfDissonance","Membership Card","hubris:PeanutButter","hubris:ToyBattleship","Bag of Preparation"],"acts_visited":["Exordium","TheCity","TheBeyond","TheEnding"],"potions_floor_usage":[0,6,16,55,55,55,55,55],"damage_taken":[{"damage":0,"enemies":"Cultist","floor":1,"turns":3},{"damage":0,"enemies":"2 Louse","floor":3,"turns":1},{"damage":0,"enemies":"Small Slimes","floor":4,"turns":2},{"damage":0,"enemies":"Gremlin Gang","floor":5,"turns":2},{"damage":6,"enemies":"3 Sentries","floor":6,"turns":2},{"damage":3,"enemies":"Lagavulin","floor":10,"turns":4},{"damage":0,"enemies":"Looter","floor":11,"turns":2},{"damage":0,"enemies":"Blue Slaver","floor":13,"turns":3},{"damage":0,"enemies":"Slime Boss","floor":16,"turns":5},{"damage":0,"enemies":"Shell Parasite","floor":18,"turns":3},{"damage":0,"enemies":"3 Byrds","floor":19,"turns":2},{"damage":0,"enemies":"Sentry and Sphere","floor":21,"turns":2},{"damage":0,"enemies":"Centurion and Healer","floor":22,"turns":3},{"damage":0,"enemies":"Gremlin Leader","floor":23,"turns":4},{"damage":0,"enemies":"Masked Bandits","floor":25,"turns":1},{"damage":0,"enemies":"Book of Stabbing","floor":27,"turns":3},{"damage":0,"enemies":"Snake Plant","floor":28,"turns":3},{"damage":0,"enemies":"Slavers","floor":29,"turns":1},{"damage":0,"enemies":"Book of Stabbing","floor":31,"turns":4},{"damage":0,"enemies":"Automaton","floor":33,"turns":4},{"damage":0,"enemies":"3 Darklings","floor":35,"turns":2},{"damage":0,"enemies":"Orb Walker","floor":37,"turns":1},{"damage":0,"enemies":"Writhing Mass","floor":41,"turns":3},{"damage":0,"enemies":"Giant Head","floor":42,"turns":2},{"damage":0,"enemies":"Spire Growth","floor":44,"turns":2},{"damage":0,"enemies":"Nemesis","floor":46,"turns":3},{"damage":0,"enemies":"Reptomancer","floor":48,"turns":2},{"damage":0,"enemies":"Donu and Deca","floor":50,"turns":4},{"damage":0,"enemies":"Shield and Spear","floor":54,"turns":3},{"damage":0,"enemies":"The Heart","floor":55,"turns":6}],"seed_played":"-3663692863519033810","potions_obtained":[{"floor":5,"key":"SteroidPotion"},{"floor":6,"key":"DeathKnight:RimePotion"},{"floor":10,"key":"SpeedPotion"},{"floor":16,"key":"LiquidMemories"},{"floor":29,"key":"Dexterity Potion"},{"floor":42,"key":"AttackPotion"},{"floor":48,"key":"Strength Potion"},{"floor":54,"key":"SteroidPotion"}],"is_trial":false,"path_per_floor":["M","$","M","M","M","E","R","?","T","E","M","R","M","?","R","B",null,"M","M","$","M","M","E","R","?","T","E","M","E","?","E","R","B",null,"M","?","M","$","?","R","M","E","T","M","R","E","R","E","R","B",null,"R","$","E","B",null],"character_chosen":"RobotSpaceExplorer","items_purchased":["Mummified Hand","Panache","Centennial Puzzle","RobotSpaceExplorer:StarLightning","Letter Opener","Strawberry","Medical Kit","Fruit Juice","RobotSpaceExplorer:StunGrenade","PowerPotion","Gremlin Horn","Ornamental Fan","Master of Strategy","ClockworkSouvenir","Membership Card","hubris:PeanutButter"],"campfire_rested":0,"item_purchase_floors":[0,0,0,0,0,0,0,0,0,0,20,38,38,38,53,53],"current_hp_per_floor":[40,40,40,40,40,34,34,34,34,31,31,31,31,14,14,14,87,87,87,87,87,87,87,87,87,87,87,87,87,61,61,73,87,87,87,87,87,87,87,87,87,87,87,87,87,87,87,87,87,87,87,87,87,87,87],"gold":65,"neow_bonus":"","is_daily":false,"chose_seed":false,"campfire_upgraded":9,"win_rate":0.0,"timestamp":1609965428,"path_taken":["M","?","M","M","M","E","R","?","T","E","M","R","?","?","R","BOSS","M","M","$","M","M","E","R","?","T","E","M","E","?","E","R","BOSS","M","?","M","$","?","R","?","E","T","M","R","E","R","E","R","BOSS","R","$","E","BOSS"],"items_purchased_type":["Relic","Card","Relic","Card","Relic","Relic","Relic","Potion","Card","Potion","Relic","Relic","Card","Relic","Relic","Relic"],"build_version":"2020-12-22","purchased_purges":5,"victory":true,"max_hp_per_floor":[87,87,87,87,87,87,87,87,87,87,87,87,87,87,87,87,87,87,87,87,87,87,87,87,87,87,87,87,87,87,87,87,87,87,87,87,87,87,87,87,87,87,87,87,87,87,87,87,87,87,87,87,87,87,87],"card_choices":[{"not_picked":["RobotSpaceExplorer:Ammunition","RobotSpaceExplorer:SurgingShield"],"picked":"RobotSpaceExplorer:MiniDrones","floor":1},{"not_picked":["RobotSpaceExplorer:Counterblock","RobotSpaceExplorer:SurgingStrike","RobotSpaceExplorer:ShockKick"],"picked":"SKIP","floor":3},{"not_picked":["RobotSpaceExplorer:PlasmaMissile","RobotSpaceExplorer:Pulsar"],"picked":"RobotSpaceExplorer:ScrapMissile","floor":4},{"not_picked":["RobotSpaceExplorer:SurgingStrike","RobotSpaceExplorer:SwiftStep"],"picked":"RobotSpaceExplorer:StunGrenade","floor":5},{"not_picked":["RobotSpaceExplorer:GearShield","RobotSpaceExplorer:FrostMissile"],"picked":"RobotSpaceExplorer:ChargingLaser","floor":6},{"not_picked":["RobotSpaceExplorer:ImprovisedAttack","RobotSpaceExplorer:MetalStrike"],"picked":"RobotSpaceExplorer:FranticSearch","floor":10},{"not_picked":["RobotSpaceExplorer:SurgingShield","RobotSpaceExplorer:GlueShot"],"picked":"RobotSpaceExplorer:MiniDrones","floor":11},{"not_picked":["RobotSpaceExplorer:Pulsar","RobotSpaceExplorer:DoubleBlock"],"picked":"RobotSpaceExplorer:GearShield","floor":13},{"not_picked":["RobotSpaceExplorer:Asteroid","RobotSpaceExplorer:Autoloader"],"picked":"RobotSpaceExplorer:DroneSwarm","floor":16},{"not_picked":["RobotSpaceExplorer:Pulsar+1","RobotSpaceExplorer:FreezingShield+1"],"picked":"RobotSpaceExplorer:Counterblock+1","floor":18},{"not_picked":["RobotSpaceExplorer:IronShell+1","RobotSpaceExplorer:Fix+1"],"picked":"RobotSpaceExplorer:ScrapMissile","floor":19},{"not_picked":["RobotSpaceExplorer:SurgingStrike","RobotSpaceExplorer:FreezeRay","RobotSpaceExplorer:SelfCleaning"],"picked":"SKIP","floor":21},{"not_picked":["RobotSpaceExplorer:Probe","RobotSpaceExplorer:Electropulse"],"picked":"RobotSpaceExplorer:ShovelStrike+1","floor":22},{"not_picked":["RobotSpaceExplorer:MakeshiftVolley","RobotSpaceExplorer:ShockMissile"],"picked":"RobotSpaceExplorer:JunkDive","floor":23},{"not_picked":["RobotSpaceExplorer:Ammunition","RobotSpaceExplorer:SurgingShield","RobotSpaceExplorer:ImprovisedAttack"],"picked":"SKIP","floor":27},{"not_picked":["RobotSpaceExplorer:GlueShot+1","RobotSpaceExplorer:ExhaustFan","RobotSpaceExplorer:GearShield+1"],"picked":"SKIP","floor":28},{"not_picked":["RobotSpaceExplorer:FreezingShield","RobotSpaceExplorer:DoubleFind","RobotSpaceExplorer:ImprovisedAttack+1"],"picked":"SKIP","floor":29},{"not_picked":["RobotSpaceExplorer:ImprovisedAttack","RobotSpaceExplorer:SurgingShield"],"picked":"RobotSpaceExplorer:Blaster","floor":31},{"not_picked":["RobotSpaceExplorer:Wormhole","RobotSpaceExplorer:Multitool"],"picked":"RobotSpaceExplorer:TrailblazerForm","floor":33},{"not_picked":["RobotSpaceExplorer:ShockKick+1","RobotSpaceExplorer:FranticSearch"],"picked":"RobotSpaceExplorer:SwiftStep","floor":35},{"not_picked":["RobotSpaceExplorer:GearShield+1","RobotSpaceExplorer:StarDust+1","RobotSpaceExplorer:ScrapMissile"],"picked":"SKIP","floor":37},{"not_picked":["RobotSpaceExplorer:StunGrenade+1","RobotSpaceExplorer:Counterblock","RobotSpaceExplorer:PowerCollector+1"],"picked":"SKIP","floor":41},{"not_picked":["RobotSpaceExplorer:SelfCleaning+1","RobotSpaceExplorer:Wormhole","RobotSpaceExplorer:MetalStrike+1"],"picked":"SKIP","floor":42},{"not_picked":["RobotSpaceExplorer:ToxicBomb","RobotSpaceExplorer:ShovelStrike"],"picked":"RobotSpaceExplorer:Pulsar+1","floor":44},{"not_picked":["RobotSpaceExplorer:StarDust","RobotSpaceExplorer:SurgingShield","RobotSpaceExplorer:Electropulse+1"],"picked":"SKIP","floor":46},{"not_picked":["RobotSpaceExplorer:SurgingStrike+1","RobotSpaceExplorer:SurgingShield","RobotSpaceExplorer:FreezeRay+1"],"picked":"SKIP","floor":48},{"not_picked":["RobotSpaceExplorer:ImprovisedAttack+1","RobotSpaceExplorer:StarLightning+1","RobotSpaceExplorer:TurboDodge"],"picked":"SKIP","floor":54}],"player_experience":1066395,"relics_obtained":[{"floor":6,"key":"RobotSpaceExplorer:FoglandsKnife"},{"floor":9,"key":"InkBottle"},{"floor":10,"key":"MealTicket"},{"floor":23,"key":"Anchor"},{"floor":23,"key":"Bronze Scales"},{"floor":25,"key":"Red Mask"},{"floor":26,"key":"Nunchaku"},{"floor":27,"key":"Eternal Feather"},{"floor":27,"key":"Lantern"},{"floor":29,"key":"hubris:CrystalStatue"},{"floor":29,"key":"Pantograph"},{"floor":31,"key":"MawBank"},{"floor":31,"key":"DeathKnight:PutricidesVial"},{"floor":39,"key":"Dream Catcher"},{"floor":42,"key":"Oddly Smooth Stone"},{"floor":42,"key":"Potion Belt"},{"floor":46,"key":"Boot"},{"floor":46,"key":"hubris:SlimyHat"},{"floor":48,"key":"Juzu Bracelet"},{"floor":48,"key":"hubris:SphereOfDissonance"},{"floor":54,"key":"hubris:ToyBattleship"},{"floor":54,"key":"Bag of Preparation"}],"event_choices":[{"damage_healed":0,"gold_gain":100,"player_choice":"Gold","damage_taken":0,"max_hp_gain":0,"max_hp_loss":0,"event_name":"Wheel of Change","floor":8,"gold_loss":0},{"damage_healed":31,"gold_gain":0,"player_choice":"Upgrade","damage_taken":17,"max_hp_gain":0,"max_hp_loss":87,"event_name":"betterThird:BetterShining","floor":14,"gold_loss":0,"cards_upgraded":["RobotSpaceExplorer:FranticSearch","RobotSpaceExplorer:StarLightning"]},{"damage_healed":0,"gold_gain":0,"player_choice":"Fought Bandits","damage_taken":0,"max_hp_gain":0,"max_hp_loss":0,"event_name":"Masked Bandits","floor":25,"gold_loss":0},{"damage_healed":0,"gold_gain":222,"player_choice":"Wore Mask","damage_taken":0,"max_hp_gain":0,"max_hp_loss":0,"event_name":"Tomb of Lord Red Mask","floor":36,"gold_loss":0},{"damage_healed":0,"gold_gain":0,"player_choice":"Relic","damage_taken":0,"max_hp_gain":0,"max_hp_loss":0,"event_name":"Wheel of Change","floor":39,"gold_loss":0}],"is_beta":false,"boss_relics":[{"not_picked":["RobotSpaceExplorer:TurboCore","Tiny House"],"picked":"Black Star"},{"not_picked":["hubris:HollowSoul","hubris:VirtuousBlindfold"],"picked":"Coffee Dripper"}],"items_purged_floors":[0,0,20,20,38],"is_endless":false,"potions_floor_spawned":[5,6,10,16,19,22,28,29,42,48,54],"ascension_level":1}}