{"host":"873t0y8ybyo38pfq","time":1609959416,"event":{"mods":["BaseMod","Bestiary","Colored Map","Colored Powertips","Highlight Path","Minty Spire (QoL Compilation)","Quick Restart","RNG Fix","Rare Cards Sparkle","Relic Stats","StSLib"],"gold_per_floor":[115,115,265,289,20,20,36,76,158,183,183,183,202,220,220,316,316,331,346,346,346],"floor_reached":20,"playtime":463,"items_purged":["Doubt"],"score":352,"play_id":"62093569-03cc-4e7b-ad7f-67c5d5b9ee65","local_time":"20210106135656","is_ascension_mode":true,"campfire_choices":[{"data":"Mayhem","floor":6,"key":"SMITH"},{"floor":12,"key":"REST"},{"data":"Static Discharge","floor":15,"key":"SMITH"}],"circlet_count":0,"master_deck":["AscendersBane","Strike_B","Strike_B","Strike_B","Defend_B","Defend_B","Defend_B","Defend_B","Zap","Dualcast","Ball Lightning","Cold Snap","Mayhem+1","Leap","Sweeping Beam","Conserve Battery","Static Discharge+1","Echo Form","Redo+1"],"relics":["Cracked Core","Boot","Golden Idol","Bottled Tornado","Question Card","SlaversCollar"],"acts_visited":["Exordium","TheCity"],"potions_floor_usage":[4,16,16,20],"damage_taken":[{"damage":1,"enemies":"2 Louse","floor":1,"turns":2},{"damage":15,"enemies":"Small Slimes","floor":4,"turns":3},{"damage":0,"enemies":"Cultist","floor":7,"turns":4},{"damage":24,"enemies":"Lagavulin","floor":8,"turns":7},{"damage":8,"enemies":"Exordium Wildlife","floor":10,"turns":2},{"damage":0,"enemies":"Large Slime","floor":13,"turns":6},{"damage":1,"enemies":"Looter","floor":14,"turns":4},{"damage":13,"enemies":"The Guardian","floor":16,"turns":9},{"damage":26,"enemies":"3 Byrds","floor":18,"turns":6},{"damage":15,"enemies":"Chosen","floor":19,"turns":5},{"damage":13,"enemies":"Sentry and Sphere","floor":20,"turns":3}],"seed_played":"-8102619472187483919","potions_obtained":[{"floor":1,"key":"ColorlessPotion"},{"floor":10,"key":"CultistPotion"},{"floor":13,"key":"LiquidMemories"},{"floor":19,"key":"Explosive Potion"}],"is_trial":false,"path_per_floor":["M","?","?","M","$","R","M","E","T","M","?","R","M","M","R","B",null,"M","M","M"],"character_chosen":"DEFECT","items_purchased":["Mayhem"],"campfire_rested":1,"item_purchase_floors":[5],"current_hp_per_floor":[63,63,63,48,48,48,48,24,24,16,9,28,28,27,27,14,52,26,11,0,0],"gold":346,"neow_bonus":"RANDOM_COMMON_RELIC","is_daily":false,"chose_seed":false,"campfire_upgraded":2,"win_rate":0.0,"timestamp":1609959416,"path_taken":["M","?","?","M","$","R","?","E","T","M","?","R","?","M","R","BOSS","M","?","M"],"items_purchased_type":["Card"],"build_version":"2020-12-22","purchased_purges":1,"victory":false,"max_hp_per_floor":[71,64,64,64,64,64,64,64,64,64,64,64,64,64,64,64,64,64,64,64,64],"relic_stats":{"counters":[11,51],"Golden Idol":54,"Boot":[17],"Question Card":6,"obtain_stats":[{"SlaversCollar":17,"Golden Idol":2,"Bottled Tornado":8,"Cracked Core":0,"Boot":0,"Question Card":9},{"SlaversCollar":8,"Golden Idol":1,"Bottled Tornado":4,"Cracked Core":0,"Boot":0,"Question Card":4},{"SlaversCollar":37,"Golden Idol":2,"Bottled Tornado":16,"Cracked Core":0,"Boot":0,"Question Card":16}]},"card_choices":[{"not_picked":["Undo","Heatsinks"],"picked":"Ball Lightning","floor":1},{"not_picked":["Chaos","Beam Cell"],"picked":"Cold Snap","floor":4},{"not_picked":["Stack","Barrage"],"picked":"Leap","floor":7},{"not_picked":["Force Field","Barrage","Leap"],"picked":"SKIP","floor":8},{"not_picked":["Leap","Barrage","Biased Cognition"],"picked":"Sweeping Beam","floor":10},{"not_picked":["Gash","Streamline","Turbo"],"picked":"Conserve Battery","floor":13},{"not_picked":["Streamline","Rebound","Barrage"],"picked":"Static Discharge","floor":14},{"not_picked":["Hyperbeam","Machine Learning","Thunder Strike"],"picked":"Echo Form","floor":16},{"not_picked":["Redo","Stack","Beam Cell","Barrage"],"picked":"SKIP","floor":18},{"not_picked":["Cold Snap","All For One","Gash"],"picked":"Redo+1","floor":19}],"player_experience":1528670,"relics_obtained":[{"floor":8,"key":"Bottled Tornado"},{"floor":9,"key":"Question Card"}],"event_choices":[{"damage_healed":0,"gold_gain":0,"player_choice":"Lose Max HP","damage_taken":0,"relics_obtained":["Golden Idol"],"max_hp_gain":0,"max_hp_loss":7,"event_name":"Golden Idol","floor":2,"gold_loss":0},{"damage_healed":0,"gold_gain":150,"player_choice":"AGREE","damage_taken":0,"max_hp_gain":0,"max_hp_loss":0,"event_name":"Liars Game","floor":3,"gold_loss":0,"cards_obtained":["Doubt"]},{"cards_removed":["Strike_B"],"damage_healed":0,"gold_gain":0,"player_choice":"Card Removal","damage_taken":7,"max_hp_gain":0,"max_hp_loss":0,"event_name":"Golden Wing","floor":11,"gold_loss":0}],"is_beta":false,"boss_relics":[{"not_picked":["Coffee Dripper","Velvet Choker"],"picked":"SlaversCollar"}],"items_purged_floors":[5],"is_endless":false,"potions_floor_spawned":[1,10,13,19],"killed_by":"Sentry and Sphere","ascension_level":20}}