{"host":"xurz8oye0j2lsa2k","time":1609971567,"event":{"mods":["AchievementEnabler","BaseMod","BetterRewards","Colored Map","Hubris","Marisa????????","Minty Spire (QoL Compilation)","Permanent Neow","Replay The Spire","Spicy Shops","StSLib","UnlockEverythingMod"],"gold_per_floor":[119,137,137,137,137,169,169,180,229,229,264,95,114,64,64,64,64],"floor_reached":16,"playtime":820,"items_purged":["Voices"],"score":108,"play_id":"6ad65107-93ae-49a8-9e50-ec9feb31d780","local_time":"20210106171927","is_ascension_mode":false,"campfire_choices":[{"data":"Double Energy","floor":7,"key":"SMITH"},{"data":"BasicCrystalCard","floor":10,"key":"SMITH"},{"data":"Aggregate","floor":15,"key":"SMITH"}],"circlet_count":0,"master_deck":["Strike_B","Strike_B","Strike_B","Defend_B","Defend_B","Defend_B","Defend_B","Zap","Dualcast","Hello World+1","Storm","BasicCrystalCard+1","Double Energy+1","Coolheaded","ReplayTheSpireMod:Reroute Power","Beam Cell","Hyperbeam","Hyperbeam","Aggregate+1"],"relics":["Cracked Core","Bird Faced Urn","Akabeko","Replay:Rubber Ducky","Shuriken","hubris:SlimyHat","Replay:Bottled Eggs","ReplayTheSpireMod:CursedCoin","Medical Kit","Vajra"],"acts_visited":["Exordium"],"potions_floor_usage":[6],"damage_taken":[{"damage":3,"enemies":"Jaw Worm","floor":1,"turns":3},{"damage":0,"enemies":"2 Louse","floor":2,"turns":2},{"damage":5,"enemies":"Lagavulin","floor":6,"turns":6},{"damage":0,"enemies":"Cultist","floor":8,"turns":4},{"damage":19,"enemies":"3 Sentries","floor":11,"turns":9},{"damage":2,"enemies":"Looter","floor":13,"turns":2},{"damage":33,"enemies":"The Guardian","floor":16,"turns":7}],"seed_played":"-7052025464387642910","potions_obtained":[{"floor":2,"key":"BlessingOfTheForge"},{"floor":11,"key":"Elixir"}],"is_trial":false,"path_per_floor":["M","M","?","?","?","E","R","M","T","R","E","$","M","?","R","B"],"character_chosen":"DEFECT","items_purchased":["Loop","Akabeko","Hello World","Replay:Rubber Ducky","BasicCrystalCard","ReplayTheSpireMod:CursedCoin","Hyperbeam","Medical Kit","Vajra"],"campfire_rested":0,"item_purchase_floors":[0,0,0,0,0,12,12,12,12],"current_hp_per_floor":[39,39,39,39,39,38,38,42,42,42,27,27,27,27,27,0,0],"gold":64,"neow_bonus":"","is_daily":false,"chose_seed":false,"campfire_upgraded":3,"win_rate":0.0,"timestamp":1609971567,"path_taken":["M","M","?","?","?","E","R","?","T","R","E","$","M","?","R","BOSS"],"items_purchased_type":["Card","Relic","Card","Relic","Card","Relic","Card","Relic","Relic"],"build_version":"2020-12-22","purchased_purges":1,"victory":false,"max_hp_per_floor":[75,75,75,75,75,75,75,75,75,75,75,75,75,75,75,75,75],"card_choices":[{"not_picked":["Leap","Panic Button"],"picked":"Double Energy","floor":1},{"not_picked":["Conserve Battery","Chaos","Turbo"],"picked":"SKIP","floor":2},{"not_picked":["Redo","Skim"],"picked":"Coolheaded","floor":6},{"not_picked":["Redo","Biased Cognition"],"picked":"ReplayTheSpireMod:Reroute Power","floor":8},{"not_picked":["Compile Driver","Steam","Beam Cell"],"picked":"SKIP","floor":11},{"not_picked":["Compile Driver","Steam"],"picked":"Beam Cell","floor":11},{"not_picked":["Ball Lightning","Stack"],"picked":"Aggregate","floor":13}],"player_experience":508636,"relics_obtained":[{"floor":6,"key":"Shuriken"},{"floor":9,"key":"hubris:SlimyHat"},{"floor":11,"key":"Replay:Bottled Eggs"}],"event_choices":[{"damage_healed":0,"gold_gain":0,"player_choice":"Ignored","damage_taken":0,"max_hp_gain":0,"max_hp_loss":0,"event_name":"Golden Wing","floor":3,"gold_loss":0},{"cards_removed":["Strike_B"],"damage_healed":0,"gold_gain":0,"player_choice":"Purged","damage_taken":0,"max_hp_gain":0,"max_hp_loss":0,"event_name":"Purifier","floor":5,"gold_loss":0},{"cards_removed":["Writhe"],"damage_healed":0,"gold_gain":0,"player_choice":"Card Removal","damage_taken":0,"max_hp_gain":0,"max_hp_loss":0,"event_name":"The Cleric","floor":14,"gold_loss":50}],"is_beta":false,"boss_relics":[],"items_purged_floors":[12],"is_endless":false,"potions_floor_spawned":[2,11],"killed_by":"The Guardian","ascension_level":0}}