{"host":"60fhthqyb911n2zd","time":1609909234,"event":{"mods":["BaseMod","Mimic Mod","Minty Spire (QoL Compilation)","Replay The Spire","Shop Mod","StSLib","The Jungle"],"gold_per_floor":[115,134,134,151,163,163,181,191,228,247,247,259,147,159,159,262,262,262,262],"floor_reached":18,"playtime":494,"items_purged":["Strike_B"],"score":174,"play_id":"b5052e88-3416-4d49-a881-ca1832e1ecca","local_time":"20210106130034","is_ascension_mode":true,"campfire_choices":[{"floor":6,"key":"REST"},{"floor":15,"key":"REST"}],"circlet_count":0,"master_deck":["Strike_B","Strike_B","Strike_B","Defend_B","Defend_B","Defend_B","Defend_B","Zap","Dualcast","Ball Lightning","Static Discharge","Coolheaded","Ball Lightning","ReplayTheSpireMod:Omega Cannon","Leap","Undo","Leap","Leap","Ball Lightning"],"relics":["Cracked Core","Replay:Baseball","DataDisk","Replay:Bronze Core"],"acts_visited":["Exordium","TheCity"],"potions_floor_usage":[8],"damage_taken":[{"damage":3,"enemies":"2 Louse","floor":1,"turns":3},{"damage":1,"enemies":"Cultist","floor":2,"turns":3},{"damage":0,"enemies":"Small Slimes","floor":4,"turns":2},{"damage":32,"enemies":"Exordium Thugs","floor":5,"turns":3},{"damage":2,"enemies":"Exordium Wildlife","floor":7,"turns":3},{"damage":10,"enemies":"Lots of Slimes","floor":8,"turns":2},{"damage":5,"enemies":"Large Slime","floor":9,"turns":5},{"damage":0,"enemies":"Large Slime","floor":10,"turns":3},{"damage":0,"enemies":"Exordium Wildlife","floor":12,"turns":2},{"damage":1,"enemies":"2 Fungi Beasts","floor":14,"turns":3},{"damage":26,"enemies":"The Guardian","floor":16,"turns":9},{"damage":5,"enemies":"Chosen","floor":18,"turns":6}],"seed_played":"-5602778601538680039","potions_obtained":[{"floor":5,"key":"Explosive Potion"},{"floor":7,"key":"Block Potion"},{"floor":8,"key":"Dexterity Potion"},{"floor":10,"key":"Weak Potion"}],"is_trial":false,"path_per_floor":["M","M","?","M","M","R","M","M","MIM","M","?","M","$","M","R","B",null,"M"],"character_chosen":"DEFECT","items_purchased":["Leap"],"campfire_rested":2,"item_purchase_floors":[13],"current_hp_per_floor":[72,71,71,71,39,61,59,49,44,44,44,44,44,43,65,39,75,70,70],"gold":262,"neow_bonus":"THREE_CARDS","is_daily":false,"chose_seed":false,"campfire_upgraded":0,"win_rate":0.0,"timestamp":1609909234,"path_taken":["M","M","?","M","M","R","M","?","MIM","M","?","?","$","M","R","BOSS","M"],"items_purchased_type":["Card"],"build_version":"2020-12-22","purchased_purges":1,"victory":false,"max_hp_per_floor":[75,75,75,75,75,75,75,75,75,75,75,75,75,75,75,75,75,75,75],"card_choices":[{"not_picked":["BasicCrystalCard","Barrage"],"picked":"Beam Cell","floor":0},{"not_picked":["Turbo","Hologram","Skim"],"picked":"SKIP","floor":1},{"not_picked":["Barrage","Stack"],"picked":"Ball Lightning","floor":2},{"not_picked":["Melter","Steam"],"picked":"Static Discharge","floor":4},{"not_picked":["Go for the Eyes","BasicCrystalCard"],"picked":"Coolheaded","floor":5},{"not_picked":["Steam","Compile Driver"],"picked":"Ball Lightning","floor":7},{"not_picked":["Sweeping Beam","FIFO Queue"],"picked":"ReplayTheSpireMod:Omega Cannon","floor":8},{"not_picked":["Turbo","Sweeping Beam"],"picked":"Leap","floor":10},{"not_picked":["Compile Driver","Rebound","Coolheaded"],"picked":"SKIP","floor":12},{"not_picked":["Reinforced Body","Steam"],"picked":"Ball Lightning","floor":14}],"player_experience":490403,"relics_obtained":[{"floor":9,"key":"DataDisk"}],"event_choices":[{"cards_removed":["Beam Cell"],"damage_healed":0,"gold_gain":0,"player_choice":"Gave Card","damage_taken":0,"relics_obtained":["Replay:Baseball"],"max_hp_gain":0,"max_hp_loss":0,"event_name":"WeMeetAgain","floor":3,"gold_loss":0},{"damage_healed":0,"gold_gain":0,"player_choice":"1 cards matched","damage_taken":0,"max_hp_gain":0,"max_hp_loss":0,"event_name":"Match and Keep!","floor":11,"gold_loss":0,"cards_obtained":["Undo"]}],"is_beta":false,"boss_relics":[{"not_picked":["Coffee Dripper","Sozu"],"picked":"Replay:Bronze Core"}],"items_purged_floors":[13],"is_endless":false,"potions_floor_spawned":[5,7,8,10,12,14],"killed_by":"Chosen","ascension_level":2}}