{"host":"mi24dmma43d7mlws","time":1609902681,"event":{"mods":["2.2 Compatiblity","Astrologer","Bard","BaseMod","Beaked The Cultist","Bestiary","CatGirl Mod","Colored Map","Colored Powertips","Custom Start","Downfall","Fiend Mod","Fireblade Mod","Hermit","Highlight Path","JesterMod","Jorbs\u0027s Wanderer Trilogy","Mad Scientist","Magitek Elite","Minty Spire (QoL Compilation)","Potionbrewer","QueenMod","Quick Restart","Rare Cards Sparkle","Relic Stats","Shade Mod","Somnambulant","StSLib","Td1madao Mod","The Accelerator","The Blackbeard","The Bladedancer","The Bug Knight","The Clintock","The Construct","The Cursed","The Death Knight","The Disciple","The Elementalist","The Florist","The Gatherer","The Hayseed","The Hierophant","The Judge","The Juggle","The Mystic","The Necromancer","The Problem Sleuth","The Runesmith","The Senshi","The Servant 0.9.4","The Showman","The Spell Scribe","The Trickster","The Valiant","The Vixen","The Wild Card","TheArtist","TheBandit","TheFirefly","TheHeartMod","TheHero","TheLocksmith","everything is the same but u backflip on backflip","slay the spire mod where everything is the same but ironclad has a cowboy hat","thorton"],"gold_per_floor":[110,129,148,162,0,41,72,72,72,99,135,135,176,126,126,237,237,267,267,293,293,313,313,339,376,456,476,476,476],"floor_reached":27,"playtime":2272,"items_purged":[],"score":247,"play_id":"b2c16e64-8c45-472e-88cb-09cb6529e764","local_time":"20210106031121","is_ascension_mode":false,"campfire_choices":[{"floor":8,"key":"REST"},{"data":"blackbeard:GoldenStrike","floor":12,"key":"SMITH"},{"data":"blackbeard:BeatUp","floor":15,"key":"SMITH"},{"floor":23,"key":"REST"}],"circlet_count":0,"master_deck":["blackbeard:BlackbeardStrike","blackbeard:BlackbeardStrike","blackbeard:BlackbeardStrike","blackbeard:IntimidatingStrike","blackbeard:BlackbeardDefend","blackbeard:BlackbeardDefend","blackbeard:BlackbeardDefend","blackbeard:BlackbeardDefend","blackbeard:Cutlass","blackbeard:RemoveScurvy","blackbeard:GoldenStrike+1","blackbeard:Spear","blackbeard:AgileStrike","blackbeard:BountyHunter","blackbeard:Shrapnel","blackbeard:FieryDefense","blackbeard:RearmingStrike","blackbeard:BrownPants","blackbeard:BeatUp+1","blackbeard:Halberd","blackbeard:WiseDefense","blackbeard:BrownPants","blackbeard:Bandana","blackbeard:Rum"],"relics":["blackbeard:LoadTheCannons","Runesmith:Nanobots","Bag of Preparation","Regal Pillow","Black Star","InkBottle","Orichalcum","DeathKnight:SindragosasSkull"],"acts_visited":["Exordium","TheCity"],"potions_floor_usage":[6,13,24,24,24],"damage_taken":[{"damage":0,"enemies":"Small Slimes","floor":1,"turns":3},{"damage":7,"enemies":"2 Louse","floor":2,"turns":2},{"damage":1,"enemies":"Cultist","floor":3,"turns":3},{"damage":8,"enemies":"2 Fungi Beasts","floor":4,"turns":3},{"damage":45,"enemies":"Lagavulin","floor":6,"turns":7},{"damage":10,"enemies":"Exordium Thugs","floor":7,"turns":4},{"damage":4,"enemies":"3 Louse","floor":10,"turns":3},{"damage":1,"enemies":"Gremlin Gang","floor":11,"turns":3},{"damage":2,"enemies":"3 Sentries","floor":13,"turns":4},{"damage":24,"enemies":"Hexaghost","floor":16,"turns":10},{"damage":16,"enemies":"3 Byrds","floor":18,"turns":4},{"damage":19,"enemies":"Shell Parasite","floor":20,"turns":5},{"damage":18,"enemies":"Snecko","floor":22,"turns":4},{"damage":36,"enemies":"Gremlin Leader","floor":24,"turns":7},{"damage":26,"enemies":"Sentry and Sphere","floor":25,"turns":5},{"damage":7,"enemies":"Slavers","floor":27,"turns":1}],"seed_played":"-2480041192425617493","potions_obtained":[{"floor":1,"key":"Swift Potion"},{"floor":3,"key":"potionbrewer:NoxiousPotion"},{"floor":6,"key":"BlessingOfTheForge"},{"floor":10,"key":"potionbrewer:DiscountPotion"},{"floor":16,"key":"DeathKnight:RimePotion"},{"floor":18,"key":"potionbrewer:AcidPotion"}],"is_trial":false,"path_per_floor":["M","M","M","M","$","E","M","R","T","M","M","R","E","?","R","B",null,"M","?","M","?","M","R","E","M","T","E"],"character_chosen":"BLACKBEARD_CLASS","items_purchased":["blackbeard:BountyHunter"],"campfire_rested":2,"item_purchase_floors":[5],"current_hp_per_floor":[82,75,79,76,76,36,31,55,55,56,60,60,63,63,63,44,82,66,50,36,36,23,64,33,7,7,0,0,0],"gold":476,"neow_bonus":"TEN_PERCENT_HP_BONUS","is_daily":false,"chose_seed":false,"campfire_upgraded":2,"win_rate":0.0,"timestamp":1609902681,"path_taken":["M","M","M","M","$","E","M","R","T","M","M","R","E","?","R","BOSS","M","?","M","?","M","R","E","M","T","E"],"items_purchased_type":["Card"],"build_version":"2020-12-22","purchased_purges":0,"victory":false,"max_hp_per_floor":[82,82,82,82,82,82,82,82,82,82,82,82,82,82,82,82,82,82,87,87,87,87,87,87,87,87,87,87,87],"relic_stats":{"Regal Pillow":15,"counters":[16,68],"Bag of Preparation":[20],"Black Star":1,"Orichalcum":[12],"obtain_stats":[{"Runesmith:Nanobots":6,"Regal Pillow":13,"blackbeard:LoadTheCannons":0,"Bag of Preparation":9,"Black Star":17,"Orichalcum":24,"InkBottle":24,"DeathKnight:SindragosasSkull":26},{"Runesmith:Nanobots":5,"Regal Pillow":9,"blackbeard:LoadTheCannons":0,"Bag of Preparation":6,"Black Star":10,"Orichalcum":14,"InkBottle":14,"DeathKnight:SindragosasSkull":15},{"Runesmith:Nanobots":18,"Regal Pillow":32,"blackbeard:LoadTheCannons":0,"Bag of Preparation":22,"Black Star":42,"Orichalcum":62,"InkBottle":62,"DeathKnight:SindragosasSkull":67}],"InkBottle":[2]},"card_choices":[{"not_picked":["blackbeard:Toast","blackbeard:Provisioning"],"picked":"blackbeard:RemoveScurvy","floor":1},{"not_picked":["blackbeard:JollyRoger","blackbeard:DeadlyArsenal"],"picked":"blackbeard:GoldenStrike","floor":2},{"not_picked":["blackbeard:Anchor","blackbeard:SwordDance"],"picked":"blackbeard:Spear","floor":3},{"not_picked":["blackbeard:Spear","blackbeard:GhostInTheRum"],"picked":"blackbeard:AgileStrike","floor":4},{"not_picked":["blackbeard:BountyHunter","blackbeard:RemoveScurvy"],"picked":"blackbeard:Shrapnel","floor":6},{"not_picked":["blackbeard:Shrapnel","blackbeard:DeadlyArsenal"],"picked":"blackbeard:FieryDefense","floor":7},{"not_picked":["blackbeard:FieryDefense","blackbeard:BlindAttacks"],"picked":"blackbeard:RearmingStrike","floor":10},{"not_picked":["blackbeard:TacticalRetreat","blackbeard:Sharpening"],"picked":"blackbeard:BrownPants","floor":11},{"not_picked":["blackbeard:Scrap","blackbeard:Dagger"],"picked":"blackbeard:BeatUp","floor":13},{"not_picked":["blackbeard:Murder","blackbeard:Salvager"],"picked":"blackbeard:Halberd","floor":16},{"not_picked":["blackbeard:BeatUp","blackbeard:SmithingHammer"],"picked":"blackbeard:WiseDefense","floor":18},{"not_picked":["blackbeard:PirateHook","blackbeard:PirateEarring"],"picked":"blackbeard:BrownPants","floor":20},{"not_picked":["blackbeard:RearmingStrike","blackbeard:Revenge","blackbeard:Sword"],"picked":"SKIP","floor":22},{"not_picked":["blackbeard:GoldenStrike","blackbeard:PiratesWill"],"picked":"blackbeard:Bandana","floor":24},{"not_picked":["blackbeard:WiseDefense","blackbeard:DeadlyArsenal"],"picked":"blackbeard:Rum","floor":25}],"player_experience":1060806,"relics_obtained":[{"floor":6,"key":"Runesmith:Nanobots"},{"floor":9,"key":"Bag of Preparation"},{"floor":13,"key":"Regal Pillow"},{"floor":24,"key":"InkBottle"},{"floor":24,"key":"Orichalcum"},{"floor":26,"key":"DeathKnight:SindragosasSkull"}],"event_choices":[{"cards_removed":["blackbeard:BlackbeardStrike"],"damage_healed":0,"gold_gain":0,"player_choice":"Card Removal","damage_taken":0,"max_hp_gain":0,"max_hp_loss":0,"event_name":"The Cleric","floor":14,"gold_loss":50},{"damage_healed":0,"gold_gain":0,"player_choice":"Shed Blood","damage_taken":21,"max_hp_gain":5,"max_hp_loss":0,"event_name":"Forgotten Altar","floor":19,"gold_loss":0},{"damage_healed":0,"gold_gain":0,"player_choice":"Ignored","damage_taken":0,"max_hp_gain":0,"max_hp_loss":0,"event_name":"NoteForYourself","floor":21,"gold_loss":0}],"is_beta":false,"boss_relics":[{"not_picked":["Tiny House","Runesmith:UraniumAnvil"],"picked":"Black Star"}],"items_purged_floors":[],"is_endless":false,"potions_floor_spawned":[1,3,6,10,16,18],"killed_by":"Slavers","ascension_level":0}}