{"host":"l60rmjjsfi0fipmi","time":1609895367,"event":{"mods":["BaseMod","Colored Map","DeckTracker","Highlight Path","Minty Spire (QoL Compilation)"],"gold_per_floor":[110,127,147,147,8,42,62,62,62,74,44,44,60,72,72,167,167,178,152,169,169,184,184,197,197,223,223,239,339,350,368,368,467,467,482,493,505,525,525,525],"floor_reached":39,"playtime":2600,"items_purged":[],"score":418,"play_id":"ff7e110c-0d8b-4ea3-a8a7-c4daeefb5e7b","local_time":"20210105200927","is_ascension_mode":false,"campfire_choices":[{"floor":8,"key":"REST"},{"floor":15,"key":"REST"},{"data":"After Image","floor":23,"key":"SMITH"},{"data":"Footwork","floor":25,"key":"SMITH"},{"data":"Noxious Fumes","floor":27,"key":"SMITH"},{"floor":32,"key":"REST"}],"circlet_count":0,"master_deck":["Strike_G","Strike_G","Strike_G","Strike_G","Strike_G","Defend_G","Defend_G","Defend_G","Defend_G","Defend_G","Survivor","Neutralize","Envenom","Dodge and Roll+1","Deadly Poison","Slice","Crippling Poison","Footwork+1","Backflip","Noxious Fumes+1","Backstab","After Image+1","Bouncing Flask","Corpse Explosion","Bouncing Flask+1","Noxious Fumes+1","Die Die Die","CurseOfTheBell","Catalyst+1"],"relics":["Ring of the Snake","PreservedInsect","Ornamental Fan","Sozu","Ancient Tea Set","Calling Bell","MealTicket","Pantograph","Ginger"],"acts_visited":["Exordium","TheCity","TheBeyond"],"potions_floor_usage":[16,30],"damage_taken":[{"damage":0,"enemies":"2 Louse","floor":1,"turns":5},{"damage":7,"enemies":"Jaw Worm","floor":2,"turns":5},{"damage":4,"enemies":"Cultist","floor":3,"turns":6},{"damage":30,"enemies":"Gremlin Nob","floor":6,"turns":5},{"damage":20,"enemies":"Exordium Thugs","floor":7,"turns":7},{"damage":0,"enemies":"Lots of Slimes","floor":10,"turns":5},{"damage":0,"enemies":"Looter","floor":11,"turns":4},{"damage":2,"enemies":"Blue Slaver","floor":13,"turns":4},{"damage":0,"enemies":"Exordium Thugs","floor":14,"turns":5},{"damage":13,"enemies":"Hexaghost","floor":16,"turns":10},{"damage":0,"enemies":"Shell Parasite","floor":18,"turns":6},{"damage":8,"enemies":"2 Thieves","floor":19,"turns":5},{"damage":6,"enemies":"Snecko","floor":20,"turns":5},{"damage":9,"enemies":"Centurion and Healer","floor":22,"turns":5},{"damage":12,"enemies":"Snake Plant","floor":24,"turns":5},{"damage":0,"enemies":"Chosen and Byrds","floor":28,"turns":6},{"damage":0,"enemies":"3 Cultists","floor":30,"turns":2},{"damage":6,"enemies":"Snake Plant","floor":31,"turns":6},{"damage":43,"enemies":"Automaton","floor":33,"turns":11},{"damage":16,"enemies":"3 Darklings","floor":35,"turns":3},{"damage":9,"enemies":"Orb Walker","floor":36,"turns":6},{"damage":29,"enemies":"Jaw Worm Horde","floor":37,"turns":5},{"damage":12,"enemies":"Maw","floor":38,"turns":7},{"damage":4,"enemies":"Transient","floor":39,"turns":2}],"seed_played":"-4676097040217550035","potions_obtained":[{"floor":7,"key":"CunningPotion"},{"floor":10,"key":"Explosive Potion"},{"floor":14,"key":"GamblersBrew"},{"floor":16,"key":"SmokeBomb"}],"is_trial":false,"path_per_floor":["M","M","M","?","$","E","M","R","T","M","M","$","M","M","R","B",null,"M","M","M","?","M","R","M","R","T","R","M","?","M","M","R","B",null,"M","M","M","M","M"],"character_chosen":"THE_SILENT","items_purchased":["Crippling Poison","Footwork"],"campfire_rested":3,"item_purchase_floors":[5,5],"current_hp_per_floor":[70,63,59,59,59,29,9,30,30,30,30,30,28,28,49,36,70,70,62,56,56,47,47,35,35,35,35,35,35,35,29,50,7,70,54,45,16,4,0,0],"gold":525,"neow_bonus":"ONE_RANDOM_RARE_CARD","is_daily":false,"chose_seed":false,"campfire_upgraded":3,"win_rate":0.0,"timestamp":1609895367,"path_taken":["M","M","M","?","$","E","M","R","T","M","M","$","M","M","R","BOSS","M","M","M","?","?","R","M","R","T","R","M","?","M","M","R","BOSS","M","?","M","M","M"],"items_purchased_type":["Card","Card"],"build_version":"2020-12-22","purchased_purges":0,"victory":false,"max_hp_per_floor":[70,70,70,70,70,70,70,70,70,70,70,70,70,70,70,70,70,70,70,70,70,70,70,70,70,70,70,70,70,70,70,70,70,70,70,70,70,70,70,70],"card_choices":[{"not_picked":["Acrobatics","Flying Knee"],"picked":"Dodge and Roll","floor":1},{"not_picked":["Heel Hook","Sucker Punch"],"picked":"Deadly Poison","floor":2},{"not_picked":["Sucker Punch","Underhanded Strike"],"picked":"Slice","floor":3},{"not_picked":["Sucker Punch","Terror"],"picked":"Backflip","floor":6},{"not_picked":["Deadly Poison","Acrobatics","Underhanded Strike"],"picked":"SKIP","floor":7},{"not_picked":["Backflip","Quick Slash"],"picked":"Noxious Fumes","floor":10},{"not_picked":["Phantasmal Killer","Backflip"],"picked":"Backstab","floor":11},{"not_picked":["Prepared","Backstab","Choke"],"picked":"SKIP","floor":13},{"not_picked":["Prepared","Terror","Quick Slash"],"picked":"SKIP","floor":14},{"not_picked":["Glass Knife","Envenom"],"picked":"After Image","floor":16},{"not_picked":["Infinite Blades","Underhanded Strike","Footwork"],"picked":"SKIP","floor":18},{"not_picked":["Predator","Blur"],"picked":"Bouncing Flask","floor":19},{"not_picked":["Deadly Poison","Blade Dance","Crippling Poison"],"picked":"SKIP","floor":20},{"not_picked":["Caltrops","Deflect","Quick Slash"],"picked":"SKIP","floor":22},{"not_picked":["Deadly Poison","Dodge and Roll+1","Acrobatics"],"picked":"SKIP","floor":24},{"not_picked":["Backflip","Bane"],"picked":"Bouncing Flask+1","floor":28},{"not_picked":["Heel Hook","Glass Knife"],"picked":"Noxious Fumes+1","floor":30},{"not_picked":["Bane","Sucker Punch","Blur+1"],"picked":"SKIP","floor":31},{"not_picked":["Storm of Steel","Envenom"],"picked":"Die Die Die","floor":33},{"not_picked":["Flechettes+1","Dagger Throw","Cloak And Dagger"],"picked":"SKIP","floor":35},{"not_picked":["Blade Dance","Crippling Poison+1"],"picked":"Catalyst+1","floor":36},{"not_picked":["Endless Agony+1","Night Terror","Slice+1"],"picked":"SKIP","floor":37},{"not_picked":["Deadly Poison+1","Tactician+1","Expertise+1"],"picked":"SKIP","floor":38}],"player_experience":242152,"relics_obtained":[{"floor":6,"key":"PreservedInsect"},{"floor":9,"key":"Ornamental Fan"},{"floor":26,"key":"Ancient Tea Set"},{"floor":34,"key":"MealTicket"},{"floor":34,"key":"Pantograph"},{"floor":34,"key":"Ginger"}],"event_choices":[{"damage_healed":0,"gold_gain":0,"player_choice":"Grow","damage_taken":0,"max_hp_gain":0,"max_hp_loss":0,"event_name":"Living Wall","floor":4,"gold_loss":0,"cards_upgraded":["Dodge and Roll"]},{"damage_healed":0,"gold_gain":0,"player_choice":"1 cards matched","damage_taken":0,"max_hp_gain":0,"max_hp_loss":0,"event_name":"Match and Keep!","floor":21,"gold_loss":0,"cards_obtained":["Corpse Explosion"]},{"damage_healed":0,"gold_gain":100,"player_choice":"Pray","damage_taken":0,"max_hp_gain":0,"max_hp_loss":0,"event_name":"Golden Shrine","floor":29,"gold_loss":0}],"is_beta":false,"boss_relics":[{"not_picked":["WristBlade","HoveringKite"],"picked":"Sozu"},{"not_picked":["Runic Dome","SacredBark"],"picked":"Calling Bell"}],"items_purged_floors":[],"is_endless":false,"potions_floor_spawned":[7,10,14,16,19,20,28,36,37],"killed_by":"Transient","ascension_level":0}}