{"host":"nukjzc0ca34w6eem","time":1609915258,"event":{"mods":["2.2 Compatiblity","AchievementEnabler","BaseMod","Colored Powertips","Minty Spire (QoL Compilation)","StSLib"],"gold_per_floor":[115,135,135,210,231,231,275,275,275,314,333,369,369,388,388,508,508,522,522,522],"floor_reached":19,"playtime":3038,"items_purged":[],"score":224,"play_id":"4c73fc23-a602-4b0e-ab2d-0e09f3de106c","local_time":"20210105224058","is_ascension_mode":true,"campfire_choices":[{"data":"Neutralize","floor":6.0,"key":"SMITH"},{"data":"All Out Attack","floor":8.0,"key":"SMITH"},{"floor":15.0,"key":"REST"}],"circlet_count":0,"master_deck":["Strike_G","Strike_G","Defend_G","Defend_G","Defend_G","Defend_G","Survivor","Neutralize+1","Sucker Punch","PiercingWail","All Out Attack+1","Backstab","Tools of the Trade","Footwork+1","Deadly Poison","Backflip","Envenom+1","Storm of Steel+1","Tactician+1","Deflect+1","Catalyst"],"relics":["Ring of the Snake","Golden Idol","Pear","Frozen Egg 2","Akabeko","MealTicket","Astrolabe"],"acts_visited":["Exordium","TheCity"],"potions_floor_usage":[],"damage_taken":[{"damage":7.0,"enemies":"Small Slimes","floor":1.0,"turns":3.0},{"damage":4.0,"enemies":"Jaw Worm","floor":2.0,"turns":4.0},{"damage":0.0,"enemies":"Cultist","floor":5.0,"turns":3.0},{"damage":20.0,"enemies":"3 Sentries","floor":7.0,"turns":6.0},{"damage":29.0,"enemies":"Gremlin Nob","floor":10.0,"turns":5.0},{"damage":0.0,"enemies":"Blue Slaver","floor":11.0,"turns":2.0},{"damage":2.0,"enemies":"3 Sentries","floor":12.0,"turns":6.0},{"damage":0.0,"enemies":"Large Slime","floor":14.0,"turns":5.0},{"damage":4.0,"enemies":"Hexaghost","floor":16.0,"turns":11.0},{"damage":15.0,"enemies":"3 Byrds","floor":18.0,"turns":5.0},{"damage":1,"enemies":"Spheric Guardian","floor":19,"turns":3}],"seed_played":"-3889767253195350648","potions_obtained":[{"floor":1.0,"key":"GamblersBrew"},{"floor":5.0,"key":"Dexterity Potion"},{"floor":11.0,"key":"SkillPotion"},{"floor":12.0,"key":"LiquidMemories"},{"floor":16.0,"key":"PowerPotion"}],"is_trial":false,"path_per_floor":["M","M","?","?","M","R","E","R","T","E","M","E","?","M","R","B",null,"M","M"],"character_chosen":"THE_SILENT","items_purchased":[],"campfire_rested":1,"item_purchase_floors":[],"current_hp_per_floor":[63,59,59,48,48,48,38,38,38,9,9,7,7,7,29,25,75,60,59,59],"gold":522,"neow_bonus":"THREE_CARDS","is_daily":false,"chose_seed":false,"campfire_upgraded":2,"win_rate":0.0,"timestamp":1609915258,"path_taken":["M","M","?","?","M","R","E","R","T","E","M","E","?","M","R","BOSS","M","M"],"items_purchased_type":[],"build_version":"2020-12-22","purchased_purges":0,"victory":false,"max_hp_per_floor":[70,70,65,65,65,65,75,75,75,75,75,75,75,75,75,75,75,75,75,75],"card_choices":[{"not_picked":["Poisoned Stab","PiercingWail"],"picked":"Sucker Punch","floor":0.0},{"not_picked":["Eviscerate","Crippling Poison"],"picked":"PiercingWail","floor":1.0},{"not_picked":["Sucker Punch","Outmaneuver"],"picked":"All Out Attack","floor":2.0},{"not_picked":["Backflip","Sucker Punch"],"picked":"Backstab","floor":5.0},{"not_picked":["Outmaneuver","Backstab"],"picked":"Tools of the Trade","floor":7.0},{"not_picked":["Flying Knee","Sucker Punch","Calculated Gamble"],"picked":"SKIP","floor":10.0},{"not_picked":["Caltrops+1","Expertise"],"picked":"Footwork+1","floor":11.0},{"not_picked":["Blade Dance","Expertise"],"picked":"Deadly Poison","floor":12.0},{"not_picked":["Underhanded Strike","Slice"],"picked":"Backflip","floor":14.0},{"not_picked":["Die Die Die","Wraith Form v2+1"],"picked":"Envenom+1","floor":16.0},{"not_picked":["Well Laid Plans+1","Tactician"],"picked":"Catalyst","floor":18.0}],"player_experience":247851,"relics_obtained":[{"floor":7.0,"key":"Pear"},{"floor":9.0,"key":"Frozen Egg 2"},{"floor":10.0,"key":"Akabeko"},{"floor":12.0,"key":"MealTicket"}],"event_choices":[{"damage_healed":0.0,"max_hp_gain":0.0,"max_hp_loss":5.0,"gold_gain":0.0,"event_name":"Golden Idol","player_choice":"Lose Max HP","floor":3.0,"gold_loss":0.0,"damage_taken":0.0,"relics_obtained":["Golden Idol"]},{"damage_healed":0.0,"max_hp_gain":0.0,"max_hp_loss":0.0,"gold_gain":75.0,"event_name":"World of Goop","player_choice":"Gather Gold","floor":4.0,"gold_loss":0.0,"damage_taken":11.0},{"cards_removed":["Strike_G"],"damage_healed":0.0,"max_hp_gain":0.0,"max_hp_loss":0.0,"gold_gain":0.0,"event_name":"Bonfire Elementals","player_choice":"Offered Basic","floor":13.0,"gold_loss":0.0,"damage_taken":0.0}],"is_beta":false,"boss_relics":[{"not_picked":["Fusion Hammer","Ectoplasm"],"picked":"Astrolabe"}],"items_purged_floors":[],"is_endless":false,"potions_floor_spawned":[1,5,11,12,16],"killed_by":"Spheric Guardian","ascension_level":4}}