{"host":"og6lam4kt3nibbw0","time":1609955554,"event":{"mods":["AchievementEnabler","BaseMod","Colored Map","DeckTracker","Highlight Path","Keyboard Shortcuts","Minty Spire (QoL Compilation)","Permanent Neow","Quick Restart","StSLib","SuperFastMode"],"gold_per_floor":[109,184,202,202,202,202,217,217,217,235,235,21,21,31,31,31,31],"floor_reached":16,"playtime":390,"items_purged":["Defend_B"],"score":180,"play_id":"38934ba2-b455-4be5-a581-d6faceb2fccd","local_time":"20210107025234","is_ascension_mode":true,"campfire_choices":[{"data":"Storm","floor":6,"key":"SMITH"},{"floor":8,"key":"REST"},{"data":"Force Field","floor":11,"key":"SMITH"},{"data":"Bandage Up","floor":13,"key":"SMITH"},{"floor":15,"key":"REST"}],"circlet_count":0,"master_deck":["AscendersBane","Strike_B","Strike_B","Strike_B","Defend_B","Defend_B","Zap","Dualcast","Coolheaded","Storm+1","Ball Lightning","Conserve Battery","Force Field+1","Heatsinks","Bandage Up+1","Sunder"],"relics":["Cracked Core","Blood Vial","Bottled Flame"],"acts_visited":["Exordium"],"potions_floor_usage":[16],"damage_taken":[{"damage":16,"enemies":"Small Slimes","floor":1,"turns":3},{"damage":1,"enemies":"2 Louse","floor":3,"turns":3},{"damage":10,"enemies":"Jaw Worm","floor":7,"turns":3},{"damage":17,"enemies":"Blue Slaver","floor":10,"turns":4},{"damage":13,"enemies":"Looter","floor":14,"turns":4},{"damage":81,"enemies":"Hexaghost","floor":16,"turns":9}],"seed_played":"1413246331823394938","potions_obtained":[{"floor":10,"key":"FairyPotion"},{"floor":14,"key":"LiquidBronze"}],"is_trial":false,"path_per_floor":["M","?","M","?","?","R","M","R","T","M","R","$","R","M","R","B"],"character_chosen":"DEFECT","items_purchased":["Heatsinks","Bandage Up"],"campfire_rested":2,"item_purchase_floors":[12,12],"current_hp_per_floor":[50,39,40,33,33,33,25,46,46,31,31,31,31,26,47,0,0],"gold":31,"neow_bonus":"RANDOM_COMMON_RELIC","is_daily":false,"chose_seed":false,"campfire_upgraded":3,"win_rate":0.0,"timestamp":1609955554,"path_taken":["M","?","M","?","?","R","M","R","T","M","R","$","R","M","R","BOSS"],"items_purchased_type":["Card","Card"],"build_version":"2020-12-22","purchased_purges":1,"victory":false,"max_hp_per_floor":[71,71,71,71,71,71,71,71,71,71,71,71,71,71,71,71,71],"card_choices":[{"not_picked":["Turbo","Steam"],"picked":"Coolheaded","floor":1},{"not_picked":["Ball Lightning","Darkness"],"picked":"Storm","floor":3},{"not_picked":["Rebound","Go for the Eyes"],"picked":"Conserve Battery","floor":7},{"not_picked":["Steam","Rebound"],"picked":"Force Field","floor":10},{"not_picked":["Beam Cell","Rip and Tear"],"picked":"Sunder","floor":14}],"player_experience":821872,"relics_obtained":[{"floor":9,"key":"Bottled Flame"}],"event_choices":[{"damage_healed":0,"gold_gain":75,"player_choice":"Gather Gold","damage_taken":11,"max_hp_gain":0,"max_hp_loss":0,"event_name":"World of Goop","floor":2,"gold_loss":0},{"cards_removed":["Strike_B"],"damage_healed":0,"gold_gain":0,"player_choice":"Card Removal","damage_taken":7,"max_hp_gain":0,"max_hp_loss":0,"event_name":"Golden Wing","floor":4,"gold_loss":0},{"damage_healed":0,"gold_gain":0,"cards_transformed":["Defend_B"],"player_choice":"Change","damage_taken":0,"max_hp_gain":0,"max_hp_loss":0,"event_name":"Living Wall","floor":5,"gold_loss":0,"cards_obtained":["Ball Lightning"]}],"is_beta":false,"boss_relics":[],"items_purged_floors":[12],"is_endless":false,"potions_floor_spawned":[10,14],"killed_by":"Hexaghost","ascension_level":20}}