{"host":"fflyk188z5ncxlup","time":1609936124,"event":{"mods":["AchievementEnabler","BaseMod","Bestiary","Better Third Choice","Block Reminder","Colored Map","Colored Powertips","DeckTracker","Googly Eyes","Minty Spire (QoL Compilation)","StSLib","SuperFastMode"],"gold_per_floor":[111,128,142,142,156,185,185,30,50,50,5,5,16,33,33,33,152,152,166,187,187,187,201,17,17,42,61,61,75,94,94,94,94,94,94,94],"floor_reached":35,"playtime":1588,"items_purged":["Strike_G"],"score":428,"play_id":"9ba65fec-125b-4337-8bd2-c45716679092","local_time":"20210106212844","is_ascension_mode":true,"campfire_choices":[{"floor":7.0,"key":"REST"},{"data":"Catalyst","floor":16.0,"key":"SMITH"},{"data":"Footwork","floor":25.0,"key":"SMITH"},{"floor":34,"key":"REST"}],"circlet_count":0,"master_deck":["AscendersBane","Strike_G","Strike_G","Strike_G","Strike_G","Defend_G","Defend_G","Defend_G","Defend_G","Defend_G","Survivor","Neutralize","Footwork+1","Blade Dance","Bouncing Flask","Venomology+1","Accuracy","Catalyst+1","Poisoned Stab","Dagger Spray","Noxious Fumes","Backflip+1","Footwork","Deadly Poison+1","Catalyst"],"relics":["SacredBark","Toy Ornithopter","Bottled Lightning","Golden Idol","HoveringKite","Du-Vu Doll","Lantern"],"acts_visited":["Exordium","TheCity"],"potions_floor_usage":[29,29,30,30,31],"damage_taken":[{"damage":1.0,"enemies":"Cultist","floor":1.0,"turns":4.0},{"damage":10.0,"enemies":"Small Slimes","floor":2.0,"turns":5.0},{"damage":0.0,"enemies":"Jaw Worm","floor":3.0,"turns":4.0},{"damage":0.0,"enemies":"Large Slime","floor":5.0,"turns":8.0},{"damage":39.0,"enemies":"Lagavulin","floor":6.0,"turns":7.0},{"damage":12.0,"enemies":"3 Louse","floor":9.0,"turns":4.0},{"damage":0.0,"enemies":"Looter","floor":13.0,"turns":1.0},{"damage":5.0,"enemies":"Blue Slaver","floor":14.0,"turns":4.0},{"damage":42.0,"enemies":"The Guardian","floor":17.0,"turns":10.0},{"damage":12.0,"enemies":"Chosen","floor":19.0,"turns":4.0},{"damage":19.0,"enemies":"Spheric Guardian","floor":20.0,"turns":7.0},{"damage":0.0,"enemies":"Snake Plant","floor":22.0,"turns":1.0},{"damage":17.0,"enemies":"Centurion and Healer","floor":23.0,"turns":7.0},{"damage":79.0,"enemies":"Cultist and Chosen","floor":26.0,"turns":9.0},{"damage":13.0,"enemies":"Shelled Parasite and Fungi","floor":27.0,"turns":4.0},{"damage":2,"enemies":"Snecko","floor":29,"turns":5},{"damage":8,"enemies":"Chosen and Byrds","floor":30,"turns":8},{"damage":0,"enemies":"Gremlin Leader","floor":31,"turns":1},{"damage":41,"enemies":"Champ","floor":35,"turns":2}],"seed_played":"7346802546918922763","potions_obtained":[{"floor":1.0,"key":"Dexterity Potion"},{"floor":2.0,"key":"Fire Potion"},{"floor":3.0,"key":"FearPotion"},{"floor":13.0,"key":"EssenceOfSteel"},{"floor":19.0,"key":"Weak Potion"},{"floor":20.0,"key":"BlessingOfTheForge"},{"floor":26.0,"key":"Ancient Potion"}],"is_trial":false,"path_per_floor":["M","M","M","?","M","E","R","$","M","T","$","?","M","M","?","R","B",null,"M","M","?","M","M","$","R","M","M","T","M","M","E","?","T","R","B"],"character_chosen":"THE_SILENT","items_purchased":["Accuracy","Poisoned Stab","FairyPotion","Footwork"],"campfire_rested":2,"item_purchase_floors":[8,11,24,24],"current_hp_per_floor":[62,52,52,52,52,13,34,34,27,27,27,27,42,42,42,42,5,50,48,44,44,49,42,42,42,9,1,1,9,11,16,16,16,35,0,0],"gold":94,"neow_bonus":"BOSS_RELIC","is_daily":false,"chose_seed":false,"campfire_upgraded":2,"win_rate":0.0,"timestamp":1609936124,"path_taken":["M","M","?","?","M","E","R","$","M","T","?","?","M","M","?","R","BOSS","M","M","?","M","M","$","R","M","M","T","M","M","E","?","?","R","BOSS"],"items_purchased_type":["Card","Card","Potion","Card"],"build_version":"2020-12-22","purchased_purges":1,"victory":false,"max_hp_per_floor":[70,70,70,70,70,70,70,70,70,70,70,70,70,70,65,65,65,65,65,65,65,65,65,65,65,65,65,65,65,65,65,65,65,65,65,65],"card_choices":[{"not_picked":["Expertise","Eviscerate"],"picked":"Footwork","floor":1.0},{"not_picked":["Acrobatics","Backflip","Dagger Throw"],"picked":"SKIP","floor":2.0},{"not_picked":["Underhanded Strike","Quick Slash"],"picked":"Blade Dance","floor":3.0},{"not_picked":["Endless Agony","Acrobatics"],"picked":"Bouncing Flask","floor":5.0},{"not_picked":["Deadly Poison","Burst"],"picked":"Venomology","floor":6.0},{"not_picked":["Outmaneuver","Prepared"],"picked":"Catalyst","floor":9.0},{"not_picked":["Dodge and Roll","Reflex"],"picked":"Dagger Spray","floor":13.0},{"not_picked":["Poisoned Stab","Acrobatics","Backstab"],"picked":"SKIP","floor":14.0},{"not_picked":["Escape Plan","Dagger Throw","Quick Slash"],"picked":"SKIP","floor":19.0},{"not_picked":["Slice","Backstab","Reflex+1"],"picked":"SKIP","floor":20.0},{"not_picked":["Slice","Well Laid Plans+1"],"picked":"Backflip+1","floor":23.0},{"not_picked":["Die Die Die","Poisoned Stab"],"picked":"Deadly Poison+1","floor":26.0},{"not_picked":["Acrobatics","Cloak And Dagger","Calculated Gamble"],"picked":"SKIP","floor":27.0},{"not_picked":["Dagger Spray+1","Blade Dance"],"picked":"Catalyst","floor":29},{"not_picked":["Bane","Skewer+1","Dash+1"],"picked":"SKIP","floor":30}],"player_experience":388520,"relics_obtained":[{"floor":6.0,"key":"Toy Ornithopter"},{"floor":10.0,"key":"Bottled Lightning"},{"floor":28.0,"key":"Du-Vu Doll"},{"floor":33,"key":"Lantern"}],"event_choices":[{"damage_healed":0.0,"max_hp_gain":0.0,"max_hp_loss":0.0,"gold_gain":0.0,"event_name":"The Cleric","player_choice":"Leave","floor":4.0,"gold_loss":0.0,"damage_taken":0.0},{"damage_healed":0.0,"max_hp_gain":0.0,"max_hp_loss":0.0,"gold_gain":0.0,"event_name":"Living Wall","player_choice":"Grow","floor":12.0,"gold_loss":0.0,"damage_taken":0.0,"cards_upgraded":["Venomology"]},{"damage_healed":0.0,"max_hp_gain":0.0,"max_hp_loss":5.0,"gold_gain":0.0,"event_name":"Golden Idol","player_choice":"Lose Max HP","floor":15.0,"gold_loss":0.0,"damage_taken":0.0,"relics_obtained":["Golden Idol"]},{"damage_healed":0.0,"max_hp_gain":0.0,"max_hp_loss":0.0,"gold_gain":0.0,"event_name":"The Library","player_choice":"Read","floor":21.0,"gold_loss":0.0,"damage_taken":0.0,"cards_obtained":["Noxious Fumes"]},{"damage_healed":0,"gold_gain":0,"player_choice":"Ignored","damage_taken":0,"max_hp_gain":0,"max_hp_loss":0,"event_name":"Cursed Tome","floor":32,"gold_loss":0}],"is_beta":false,"boss_relics":[{"not_picked":["Pandora\u0027s Box","Runic Pyramid"],"picked":"HoveringKite"}],"items_purged_floors":[8],"is_endless":false,"potions_floor_spawned":[1,2,3,13,19,20,26,31],"killed_by":"Champ","ascension_level":10}}