{"host":"qhn6g0owdgjb77rz","time":1609914057,"event":{"mods":["BaseMod","BetterRewards","Colored Map","Minty Spire (QoL Compilation)","Relic Sorter","Replay The Spire","StSLib"],"gold_per_floor":[119,132,145,145,145,145,179,179,259,292,292,309,326,15,15,114,214,227,152,162,212,229,258,258,284,361,396,412,431,431,443,443,548,548,567,581,633,650,729,763,763,797,820,820,830,865,226,243,243,243],"floor_reached":51,"playtime":3094,"items_purged":[],"score":1284,"play_id":"da3ccf2c-0f1d-4133-b3e6-e1d62e8ab467","local_time":"20210106152057","is_ascension_mode":true,"campfire_choices":[{"data":"ReplayTheSpireMod:Corrosion Curse","floor":6.0,"key":"SMITH"},{"data":"Spot Weakness","floor":11.0,"key":"SMITH"},{"data":"True Grit","floor":24.0,"key":"SMITH"},{"data":"RitualDagger","floor":32.0,"key":"SMITH"},{"data":"Limit Break","floor":41,"key":"SMITH"},{"data":"Armaments","floor":44,"key":"SMITH"},{"data":"Doubt","floor":49,"key":"PURGE"}],"circlet_count":0,"master_deck":["Strike_R","Strike_R","Strike_R","Strike_R","Defend_R","Defend_R","Defend_R","Bash","ReplayTheSpireMod:Stacked+1","ReplayTheSpireMod:Corrosion Curse+1","Anger","Spot Weakness+1","Armaments+1","Battle Trance+1","Disarm+1","Limit Break+1","True Grit+1","Burning Pact","Impervious+1","RitualDagger+1","Decay","Limit Break+1","Armaments+1","Twin Strike+1","Hallucinations","Double Tap+1","Intimidate+1","Delirium","Voices","ReplayTheSpireMod:Doomed","Voices","Regret","Abandon+1","Pot Of Greed","Pot Of Greed","Pot Of Greed","ReplayTheSpireMod:Stacked+1","Evolve+1","Headbutt+1","Pot Of Greed","Battle Trance+1","ReplayTheSpireMod:Strike From Hell+1"],"relics":["Burning Blood","Vajra","Replay:Rubber Ducky","Iron Hammer","Paper Frog","Omamori","ReplayTheSpireMod:CursedCoin","White Beast Statue","Replay:Grab Bag","Replay:Wanted Poster","Philosopher\u0027s Stone","Runic Cube","Ring of Searing","Ring of Greed","Replay:Wax Seal","Golden Egg","Onion Ring","ReplayTheSpireMod:Ninjato","Gremlin Horn","Bag of Marbles","Honey Jar","Unceasing Top","ReplayTheSpireMod:Lightbulb","Grinning Jar","The Courier","Anchor","Smiling Mask","Replay:WaspNest","Guide Book","Ice Cream"],"acts_visited":["Exordium","TheCity","TheBeyond"],"potions_floor_usage":[40,40,47,48,50,50,50,50],"damage_taken":[{"damage":7.0,"enemies":"Jaw Worm","floor":1.0,"turns":4.0},{"damage":0.0,"enemies":"Small Slimes","floor":2.0,"turns":4.0},{"damage":6.0,"enemies":"Cultist","floor":3.0,"turns":3.0},{"damage":27.0,"enemies":"Lagavulin","floor":7.0,"turns":4.0},{"damage":20.0,"enemies":"3 Sentries","floor":10.0,"turns":7.0},{"damage":10.0,"enemies":"Large Slime","floor":12.0,"turns":4.0},{"damage":3.0,"enemies":"3 Louse","floor":13.0,"turns":4.0},{"damage":16.0,"enemies":"Slime Boss","floor":16.0,"turns":10.0},{"damage":13.0,"enemies":"2 Thieves","floor":18.0,"turns":3.0},{"damage":9.0,"enemies":"Chosen","floor":20.0,"turns":2.0},{"damage":17.0,"enemies":"Sentry and Sphere","floor":22.0,"turns":3.0},{"damage":25.0,"enemies":"Book of Stabbing","floor":23.0,"turns":4.0},{"damage":9.0,"enemies":"Gremlin Leader","floor":25.0,"turns":6.0},{"damage":15.0,"enemies":"Replay:Snechameleon","floor":27.0,"turns":4.0},{"damage":7.0,"enemies":"Snecko","floor":28.0,"turns":3.0},{"damage":6.0,"enemies":"Snake Plant","floor":29.0,"turns":1.0},{"damage":3.0,"enemies":"Centurion and Healer","floor":31.0,"turns":3.0},{"damage":10.0,"enemies":"Pondfish","floor":33.0,"turns":7.0},{"damage":11.0,"enemies":"3 Shapes","floor":35.0,"turns":3.0},{"damage":15.0,"enemies":"3 Darklings","floor":36.0,"turns":3.0},{"damage":19.0,"enemies":"2 Orb Walkers","floor":37.0,"turns":2.0},{"damage":0.0,"enemies":"4 Shapes","floor":38.0,"turns":2.0},{"damage":16,"enemies":"R_Hoarder","floor":40,"turns":4},{"damage":20,"enemies":"Nemesis","floor":42,"turns":5},{"damage":8,"enemies":"Sphere and 2 Shapes","floor":45,"turns":4},{"damage":0,"enemies":"R_Hoarder","floor":46,"turns":4},{"damage":26,"enemies":"Writhing Mass","floor":48,"turns":3},{"damage":17,"enemies":"Awakened One","floor":50,"turns":4}],"seed_played":"1811409257646118730","potions_obtained":[{"floor":2.0,"key":"SteroidPotion"},{"floor":7.0,"key":"Fruit Juice"},{"floor":16.0,"key":"Death Potion"},{"floor":18.0,"key":"Weak Potion"},{"floor":20.0,"key":"BloodPotion"},{"floor":22.0,"key":"Regen Potion"},{"floor":23.0,"key":"CultistPotion"},{"floor":25.0,"key":"SkillPotion"},{"floor":28.0,"key":"SpeedPotion"},{"floor":29.0,"key":"Weak Potion"},{"floor":31.0,"key":"Cursed Concoction"},{"floor":33.0,"key":"ColorlessPotion"},{"floor":35.0,"key":"Reflective Coating"},{"floor":36.0,"key":"ColorlessPotion"},{"floor":37.0,"key":"Block Potion"},{"floor":38.0,"key":"Weak Potion"},{"floor":39,"key":"Regen Potion"},{"floor":39,"key":"SneckoOil"},{"floor":40,"key":"SmokeBomb"},{"floor":42,"key":"BloodPotion"},{"floor":45,"key":"Swift Potion"},{"floor":46,"key":"ColorlessPotion"},{"floor":48,"key":"Swift Potion"}],"is_trial":false,"path_per_floor":["M","M","M","?","?","R","E","?","T","E","R","M","M","$","R_BF","B",null,"M","?","M","?","M","E","R","E","T","E","M","M","?","M","R","B",null,"M","M","?","M","?","E","R","E","T","R","M","E","$","M","R_BF","B",null],"character_chosen":"IRONCLAD","items_purchased":["Vajra","Omamori","ReplayTheSpireMod:CursedCoin","White Beast Statue","Disarm","Replay:WaspNest","Guide Book","CultistPotion","Ice Cream"],"campfire_rested":0,"item_purchase_floors":[0,14,14,14,14,47,47,47,47],"current_hp_per_floor":[79,80,80,80,85,85,64,95,95,81,81,77,80,80,95,85,93,86,86,88,88,77,78,78,75,75,66,74,74,68,71,71,67,92,87,78,65,71,46,48,48,34,34,34,32,38,58,38,38,27],"gold":243,"neow_bonus":"","is_daily":false,"chose_seed":false,"campfire_upgraded":6,"win_rate":0.0,"timestamp":1609914057,"path_taken":["M","M","M","?","?","R","E","?","T","E","R","?","M","$","R_BF","BOSS","M","?","M","?","M","E","R","E","T","E","M","M","?","M","R","BOSS","M","M","?","M","?","E","R","E","T","R","M","E","$","M","R_BF","BOSS"],"items_purchased_type":["Relic","Relic","Relic","Relic","Card","Relic","Relic","Potion","Relic"],"build_version":"2020-12-22","purchased_purges":0,"victory":true,"max_hp_per_floor":[80,80,80,80,85,85,85,95,95,95,95,95,95,95,95,95,95,95,95,100,100,100,100,100,100,100,100,100,100,100,100,100,100,100,100,100,100,100,100,100,100,100,100,100,100,100,100,100,100,100],"card_choices":[{"not_picked":["Sever Soul","Fire Breathing"],"picked":"ReplayTheSpireMod:Stacked","floor":1.0},{"not_picked":["Thunderclap","Twin Strike"],"picked":"ReplayTheSpireMod:Corrosion Curse","floor":2.0},{"not_picked":["Warcry","Ghostly Armor"],"picked":"Anger","floor":3.0},{"not_picked":["Headbutt","True Grit"],"picked":"Bludgeon","floor":7.0},{"not_picked":["Second Wind","Pommel Strike"],"picked":"Spot Weakness","floor":10.0},{"not_picked":["Shrug It Off","Second Wind"],"picked":"Armaments","floor":12.0},{"not_picked":["Cleave","Thunderclap"],"picked":"Battle Trance","floor":13.0},{"not_picked":["Demonic Infusion","Reaper"],"picked":"Limit Break","floor":16.0},{"not_picked":["Massacre","Entrench","Headbutt"],"picked":"SKIP","floor":18.0},{"not_picked":["Heavy Blade+1","Wild Strike","Cleave"],"picked":"SKIP","floor":20.0},{"not_picked":["Heavy Blade+1","Wild Strike","Cleave"],"picked":"SKIP","floor":20.0},{"not_picked":["Flame Barrier","Warcry","Blood for Blood"],"picked":"SKIP","floor":22.0},{"not_picked":["Havoc","Sentinel"],"picked":"True Grit","floor":23.0},{"not_picked":["ReplayTheSpireMod:Corrosion Curse","Clash+1","Whirlwind"],"picked":"SKIP","floor":25.0},{"not_picked":["Evolve+1","Pommel Strike","Dual Wield"],"picked":"SKIP","floor":27.0},{"not_picked":["Iron Wave","Rampage"],"picked":"Burning Pact","floor":28.0},{"not_picked":["Clothesline","Armaments"],"picked":"Impervious","floor":29.0},{"not_picked":["Life Link+1","Body Slam","Twin Strike"],"picked":"SKIP","floor":31.0},{"not_picked":["Reaper","Barricade"],"picked":"Limit Break","floor":33.0},{"not_picked":["Body Slam+1","Pommel Strike","Perfected Strike"],"picked":"Armaments+1","floor":35.0},{"not_picked":["Warcry","Shrug It Off","Clothesline+1"],"picked":"Twin Strike+1","floor":36.0},{"not_picked":["Sword Boomerang+1","Twin Strike+1","ReplayTheSpireMod:Strike From Hell"],"picked":"Double Tap","floor":37.0},{"not_picked":["ReplayTheSpireMod:Stacked+1","Warcry+1","Replay:Undeath\u0027s Touch"],"picked":"Intimidate+1","floor":38.0},{"not_picked":["Sword Boomerang","Sentinel","Iron Wave"],"picked":"Abandon+1","floor":39},{"not_picked":["Flex+1","Carnage","Iron Wave"],"picked":"ReplayTheSpireMod:Stacked+1","floor":40},{"not_picked":["Headbutt+1","Eclipse","Hemokinesis"],"picked":"Evolve+1","floor":42},{"not_picked":["Iron Wave","Power Through","Ghostly Armor"],"picked":"Headbutt+1","floor":45},{"not_picked":["Shrug It Off+1","Perfected Strike+1","Blood for Blood"],"picked":"Battle Trance+1","floor":46},{"not_picked":["Shrug It Off+1","Replay:Undeath\u0027s Touch+1","Sever Soul+1"],"picked":"ReplayTheSpireMod:Strike From Hell+1","floor":48}],"player_experience":400202,"relics_obtained":[{"floor":7.0,"key":"Replay:Rubber Ducky"},{"floor":9.0,"key":"Iron Hammer"},{"floor":10.0,"key":"Paper Frog"},{"floor":21.0,"key":"Ring of Searing"},{"floor":21.0,"key":"Ring of Greed"},{"floor":21.0,"key":"Replay:Wax Seal"},{"floor":21.0,"key":"Golden Egg"},{"floor":23.0,"key":"Onion Ring"},{"floor":25.0,"key":"ReplayTheSpireMod:Ninjato"},{"floor":26.0,"key":"Gremlin Horn"},{"floor":27.0,"key":"Bag of Marbles"},{"floor":37.0,"key":"Unceasing Top"},{"floor":39,"key":"ReplayTheSpireMod:Lightbulb"},{"floor":40,"key":"Grinning Jar"},{"floor":42,"key":"The Courier"},{"floor":43,"key":"Anchor"},{"floor":46,"key":"Smiling Mask"}],"event_choices":[{"damage_healed":0.0,"max_hp_gain":5.0,"max_hp_loss":0.0,"gold_gain":0.0,"event_name":"Big Fish","player_choice":"Donut","floor":5.0,"gold_loss":0.0,"damage_taken":0.0},{"cards_removed":["Bludgeon"],"damage_healed":21.0,"max_hp_gain":10.0,"max_hp_loss":0.0,"gold_gain":0.0,"event_name":"Bonfire Elementals","player_choice":"Offered Rare","floor":8.0,"gold_loss":0.0,"damage_taken":0.0},{"cards_removed":["Strike_R"],"damage_healed":0.0,"max_hp_gain":0.0,"max_hp_loss":0.0,"gold_gain":0.0,"event_name":"Beggar","player_choice":"Gave Gold","floor":19.0,"gold_loss":75.0,"damage_taken":0.0},{"damage_healed":0.0,"max_hp_gain":0.0,"max_hp_loss":0.0,"gold_gain":0.0,"event_name":"Nest","player_choice":"Joined the Cult","floor":30.0,"gold_loss":0.0,"damage_taken":6.0,"cards_obtained":["RitualDagger"]},{"damage_healed":0.0,"max_hp_gain":0.0,"max_hp_loss":0.0,"gold_gain":0.0,"event_name":"Mysterious Sphere","player_choice":"Fight","floor":37.0,"gold_loss":0.0,"damage_taken":0.0}],"is_beta":false,"boss_relics":[{"not_picked":["Painkiller Herb","Electric Blood"],"picked":"Replay:Grab Bag"},{"not_picked":["Cursed Key","ReplayTheSpireMod:DimensionalGlitch"],"picked":"Replay:Wanted Poster"},{"not_picked":["Ectoplasm","Mark of Pain"],"picked":"Philosopher\u0027s Stone"},{"not_picked":["Empty Cage","SlaversCollar"],"picked":"Runic Cube"},{"not_picked":["Pandora\u0027s Box","Ring of Chaos"],"picked":"Honey Jar"}],"items_purged_floors":[],"is_endless":false,"potions_floor_spawned":[2,7,16,18,20,22,23,25,27,28,29,31,33,35,36,37,38,40,42,45,46,48],"ascension_level":5}}