{"host":"1eo5f82aifdzd7pr","time":1609891336,"event":{"mods":["AchievementEnabler","BaseMod","Colored Map","Colored Powertips","DeckTracker","Marisa????????","Minty Spire (QoL Compilation)","StSLib","SuperFastMode"],"gold_per_floor":[119,119,137,156,172,205,205,233,233,233,245,261,261,274,274,374,374,387,399,429,441,441,441,454,454,454,454,470,470,79,178,178,277,277,297,315,315,361,154,154,164,164,164,191,208,236,255,268,268,268],"floor_reached":51,"playtime":4417,"items_purged":["Defend_R","Strike_R"],"score":721,"play_id":"c8d89b8f-412d-4310-9a55-cc1061c497a2","local_time":"20210106020216","is_ascension_mode":false,"campfire_choices":[{"data":"Searing Blow","floor":7.0,"key":"SMITH"},{"data":"Armaments","floor":10.0,"key":"SMITH"},{"data":"Uppercut","floor":13.0,"key":"SMITH"},{"data":"Searing Blow+1","floor":15.0,"key":"SMITH"},{"data":"Searing Blow+2","floor":23.0,"key":"SMITH"},{"data":"Searing Blow+3","floor":25.0,"key":"SMITH"},{"data":"Searing Blow+4","floor":27.0,"key":"SMITH"},{"data":"Searing Blow+5","floor":29.0,"key":"SMITH"},{"floor":32.0,"key":"REST"},{"data":"Searing Blow+6","floor":40,"key":"SMITH"},{"data":"Searing Blow+7","floor":42,"key":"SMITH"},{"data":"Searing Blow+8","floor":49,"key":"SMITH"}],"circlet_count":0,"master_deck":["Strike_R","Strike_R","Strike_R","Strike_R","Defend_R","Defend_R","Defend_R","Bash","Ghostly Armor","Searing Blow+9","Armaments+1","Shrug It Off","Offering","Uppercut+1","Juggernaut","Shrug It Off","Necronomicurse","Seeing Red+1","Juggernaut","Sadistic Nature","Battle Trance","Reaper","Infernal Blade+1"],"relics":["Burning Blood","Oddly Smooth Stone","The Courier","Potion Belt","Torii","Question Card","Sozu","Red Mask","Necronomicon","Pear","Regal Pillow","Letter Opener","Velvet Choker","Charon\u0027s Ashes","PreservedInsect","Toy Ornithopter","Bag of Preparation"],"acts_visited":["Exordium","TheCity","TheBeyond"],"potions_floor_usage":[50],"damage_taken":[{"damage":0.0,"enemies":"Cultist","floor":1.0,"turns":4.0},{"damage":0.0,"enemies":"2 Louse","floor":3.0,"turns":3.0},{"damage":0.0,"enemies":"Small Slimes","floor":4.0,"turns":4.0},{"damage":0.0,"enemies":"3 Louse","floor":5.0,"turns":5.0},{"damage":19.0,"enemies":"Lagavulin","floor":6.0,"turns":6.0},{"damage":22.0,"enemies":"3 Sentries","floor":8.0,"turns":11.0},{"damage":6.0,"enemies":"Large Slime","floor":11.0,"turns":5.0},{"damage":6.0,"enemies":"2 Fungi Beasts","floor":12.0,"turns":3.0},{"damage":0.0,"enemies":"Exordium Wildlife","floor":14.0,"turns":3.0},{"damage":35.0,"enemies":"Slime Boss","floor":16.0,"turns":11.0},{"damage":13.0,"enemies":"3 Byrds","floor":18.0,"turns":6.0},{"damage":8.0,"enemies":"Chosen","floor":19.0,"turns":3.0},{"damage":28.0,"enemies":"Masked Bandits","floor":20.0,"turns":5.0},{"damage":8.0,"enemies":"Snake Plant","floor":21.0,"turns":4.0},{"damage":21.0,"enemies":"Snecko","floor":24.0,"turns":4.0},{"damage":12.0,"enemies":"3 Cultists","floor":28.0,"turns":4.0},{"damage":44.0,"enemies":"Collector","floor":33.0,"turns":4.0},{"damage":6.0,"enemies":"3 Shapes","floor":35.0,"turns":2.0},{"damage":0.0,"enemies":"Orb Walker","floor":36.0,"turns":1.0},{"damage":17,"enemies":"2 Orb Walkers","floor":38,"turns":5},{"damage":0,"enemies":"Writhing Mass","floor":41,"turns":3},{"damage":0,"enemies":"Nemesis","floor":44,"turns":1},{"damage":7,"enemies":"Transient","floor":45,"turns":5},{"damage":29,"enemies":"Reptomancer","floor":46,"turns":3},{"damage":25,"enemies":"Sphere and 2 Shapes","floor":47,"turns":5},{"damage":14,"enemies":"4 Shapes","floor":48,"turns":4},{"damage":38,"enemies":"Donu and Deca","floor":50,"turns":6}],"seed_played":"6294900947995312910","potions_obtained":[{"floor":3.0,"key":"Explosive Potion"},{"floor":4.0,"key":"BlessingOfTheForge"},{"floor":6.0,"key":"PowerPotion"},{"floor":14.0,"key":"Strength Potion"}],"is_trial":false,"path_per_floor":["M","?","M","M","M","E","R","E","T","R","M","M","R","M","R","B",null,"M","M","?","M","?","R","M","R","T","R","M","R","$","?","R","B",null,"M","M","?","?","$","R","M","R","T","E","M","E","M","M","R","B",null],"character_chosen":"IRONCLAD","items_purchased":["Regal Pillow","Letter Opener","Reaper"],"campfire_rested":1,"item_purchase_floors":[30,30,39],"current_hp_per_floor":[80,80,80,80,80,67,67,51,51,51,51,51,51,57,57,28,80,73,71,49,47,31,31,16,16,26,26,20,20,20,20,62,24,90,90,90,90,79,79,79,85,85,85,90,90,73,62,63,63,44],"gold":268,"neow_bonus":"RANDOM_COMMON_RELIC","is_daily":false,"chose_seed":false,"campfire_upgraded":11,"win_rate":0.0,"timestamp":1609891336,"path_taken":["M","?","M","M","M","E","R","E","T","R","M","M","R","?","R","BOSS","M","M","?","M","?","R","M","R","T","R","M","R","$","?","R","BOSS","M","M","?","?","$","R","M","R","T","E","M","E","M","M","R","BOSS"],"items_purchased_type":["Relic","Relic","Card"],"build_version":"2020-12-22","purchased_purges":2,"victory":true,"max_hp_per_floor":[80,80,80,80,80,80,80,80,80,80,80,80,80,80,80,80,80,80,80,80,80,80,80,80,80,90,90,90,90,90,90,90,90,90,90,90,90,90,90,90,90,90,90,90,90,90,90,90,90,90],"card_choices":[{"not_picked":["Cleave","Entrench","Infernal Blade"],"picked":"SKIP","floor":1.0},{"not_picked":["Flex","Body Slam"],"picked":"Ghostly Armor","floor":3.0},{"not_picked":["Clash","Wild Strike"],"picked":"Searing Blow","floor":4.0},{"not_picked":["Bloodletting","Reckless Charge"],"picked":"Armaments","floor":5.0},{"not_picked":["Body Slam","Cleave"],"picked":"Shrug It Off","floor":6.0},{"not_picked":["Evolve","Feel No Pain"],"picked":"Offering","floor":8.0},{"not_picked":["Sever Soul","True Grit","Evolve"],"picked":"Uppercut","floor":11.0},{"not_picked":["Hemokinesis","Armaments","Headbutt","Bloodletting"],"picked":"SKIP","floor":12.0},{"not_picked":["Sword Boomerang","Headbutt","Armaments","Carnage"],"picked":"SKIP","floor":14.0},{"not_picked":["Double Tap","Fiend Fire","Barricade"],"picked":"Juggernaut","floor":16.0},{"not_picked":["Armaments","Carnage","Thunderclap","Dark Embrace"],"picked":"SKIP","floor":18.0},{"not_picked":["Burning Pact","Perfected Strike","Body Slam","Heavy Blade"],"picked":"SKIP","floor":19.0},{"not_picked":["Clash","Cleave","Warcry"],"picked":"Shrug It Off","floor":20.0},{"not_picked":["Bloodletting","Reckless Charge+1","Hemokinesis","Anger"],"picked":"SKIP","floor":21.0},{"not_picked":["Havoc+1","Carnage","Shrug It Off","Searing Blow"],"picked":"SKIP","floor":24.0},{"not_picked":["Rampage","Shrug It Off","Warcry"],"picked":"Seeing Red+1","floor":28.0},{"not_picked":["Fiend Fire","Barricade","Impervious"],"picked":"Juggernaut","floor":33.0},{"not_picked":["Infernal Blade","Burning Pact","Perfected Strike","Body Slam"],"picked":"SKIP","floor":35.0},{"not_picked":["Thunderclap+1","Flex+1","Shrug It Off","Havoc"],"picked":"SKIP","floor":36.0},{"not_picked":["Trip","The Bomb","Thinking Ahead"],"picked":"Sadistic Nature","floor":37},{"not_picked":["Iron Wave","Armaments+1","Clothesline"],"picked":"Battle Trance","floor":38},{"not_picked":["Armaments+1","Pummel","Battle Trance","Heavy Blade"],"picked":"SKIP","floor":41},{"not_picked":["Intimidate+1","Headbutt+1","Demon Form","Infernal Blade+1"],"picked":"SKIP","floor":44},{"not_picked":["Intimidate+1","Headbutt+1","Demon Form"],"picked":"Infernal Blade+1","floor":44},{"not_picked":["Hemokinesis","Thunderclap","Second Wind+1","Perfected Strike+1"],"picked":"SKIP","floor":45},{"not_picked":["Whirlwind+1","Second Wind+1","Uppercut","Shockwave"],"picked":"SKIP","floor":46},{"not_picked":["Battle Trance+1","Perfected Strike","Havoc","Iron Wave"],"picked":"SKIP","floor":47},{"not_picked":["Twin Strike+1","Flex+1","Perfected Strike","Shrug It Off"],"picked":"SKIP","floor":48}],"player_experience":800436,"relics_obtained":[{"floor":2.0,"key":"The Courier"},{"floor":6.0,"key":"Potion Belt"},{"floor":8.0,"key":"Torii"},{"floor":9.0,"key":"Question Card"},{"floor":20.0,"key":"Red Mask"},{"floor":22.0,"key":"Necronomicon"},{"floor":26.0,"key":"Pear"},{"floor":38,"key":"Charon\u0027s Ashes"},{"floor":43,"key":"PreservedInsect"},{"floor":44,"key":"Toy Ornithopter"},{"floor":46,"key":"Bag of Preparation"}],"event_choices":[{"damage_healed":0.0,"max_hp_gain":0.0,"max_hp_loss":0.0,"gold_gain":0.0,"event_name":"Wheel of Change","player_choice":"Relic","floor":2.0,"gold_loss":0.0,"damage_taken":0.0},{"damage_healed":0.0,"max_hp_gain":0.0,"max_hp_loss":0.0,"gold_gain":0.0,"event_name":"Masked Bandits","player_choice":"Fought Bandits","floor":20.0,"gold_loss":0.0,"damage_taken":0.0},{"damage_healed":0.0,"max_hp_gain":0.0,"max_hp_loss":0.0,"gold_gain":0.0,"event_name":"Cursed Tome","player_choice":"Obtained Book","floor":22.0,"gold_loss":0.0,"damage_taken":16.0},{"damage_healed":0.0,"max_hp_gain":0.0,"max_hp_loss":0.0,"gold_gain":99.0,"event_name":"Nest","player_choice":"Stole From Cult","floor":31.0,"gold_loss":0.0,"damage_taken":0.0},{"damage_healed":0,"gold_gain":0,"player_choice":"Memory 1","damage_taken":0,"max_hp_gain":0,"max_hp_loss":0,"event_name":"SensoryStone","floor":37,"gold_loss":0},{"damage_healed":0,"gold_gain":0,"player_choice":"Fight","damage_taken":0,"max_hp_gain":0,"max_hp_loss":0,"event_name":"Mysterious Sphere","floor":38,"gold_loss":0}],"is_beta":false,"boss_relics":[{"not_picked":["Fusion Hammer","Astrolabe"],"picked":"Sozu"},{"not_picked":["SacredBark","Tiny House"],"picked":"Velvet Choker"}],"items_purged_floors":[30,39],"is_endless":false,"potions_floor_spawned":[3,4,6,14,20,21,33,38,41,46,48],"ascension_level":0}}