{"host":"zjc1tzo4ovig5lll","time":1609944745,"event":{"mods":["AchievementEnabler","Aspiration","BaseMod","Beaked The Cultist","Better Altar","Better Match","Better Note","Better Sensory Stone","Colored Map","Colored Powertips","Conspire","Energized Spire","Friendly Minions","GifTheSpireLib","Halation","Hermit","Hubris","Minty Spire (QoL Compilation)","Rare Cards Sparkle","Replay The Spire","StSLib","The Blue Laboratory","The Bug Knight","The Construct","The Jungle","everything is the same but u backflip on backflip","vexMod"],"gold_per_floor":[115,115,190,200,200,200,200,232,258,269,295,308,325,345,345,345,345],"floor_reached":16,"playtime":1161,"items_purged":[],"score":185,"play_id":"b9819537-34da-42c2-a2e0-cf6b0ad49e55","local_time":"20210106165225","is_ascension_mode":true,"campfire_choices":[{"data":"construct:Enhance","floor":6,"key":"SMITH"},{"data":"construct:LaserCore","floor":15,"key":"SMITH"}],"circlet_count":0,"master_deck":["construct:Strike_Gold","construct:Strike_Gold","construct:Strike_Gold","construct:Strike_Gold","construct:Strike_Gold","construct:Defend_Gold","construct:Defend_Gold+1","construct:Defend_Gold","construct:Defend_Gold","construct:Defend_Gold","construct:AttackMode+1","construct:DefenseMode","construct:Enhance+1","construct:ForceCore","construct:LaserCore+1","construct:Failsafe","construct:FlameCore","construct:Impenetrable"],"relics":["construct:ClockworkPhoenix","NeowsBlessing","hubris:Icosahedron","Girya","HornCleat","War Paint"],"acts_visited":["Exordium"],"potions_floor_usage":[],"damage_taken":[{"damage":0,"enemies":"2 Louse","floor":1,"turns":1},{"damage":0,"enemies":"Small Slimes","floor":4,"turns":2},{"damage":0,"enemies":"Gremlin Nob","floor":8,"turns":1},{"damage":4,"enemies":"conspire:RoseBush","floor":10,"turns":16},{"damage":15,"enemies":"HollowMod:MossKnight","floor":11,"turns":23},{"damage":7,"enemies":"Red Slaver","floor":12,"turns":14},{"damage":12,"enemies":"Large Slime","floor":13,"turns":15},{"damage":2,"enemies":"2 Fungi Beasts","floor":14,"turns":10},{"damage":36,"enemies":"Fading Forest","floor":16,"turns":7}],"seed_played":"5081073002324960285","potions_obtained":[{"floor":1,"key":"DistilledChaos"},{"floor":13,"key":"blueLaboratory:ForbiddenFruitJuice"}],"is_trial":false,"path_per_floor":["M","?","?","M","?","R","?","E","T","M","E","M","M","M","R","B"],"character_chosen":"THE_CONSTRUCT_MOD","items_purchased":[],"campfire_rested":0,"item_purchase_floors":[],"current_hp_per_floor":[77,77,66,66,66,66,66,66,66,62,47,40,28,26,26,0,0],"gold":345,"neow_bonus":"THREE_ENEMY_KILL","is_daily":false,"chose_seed":false,"campfire_upgraded":2,"win_rate":0.0,"timestamp":1609944745,"path_taken":["M","?","?","M","?","R","?","E","T","M","E","?","M","M","R","BOSS"],"items_purchased_type":[],"build_version":"2020-12-22","purchased_purges":0,"victory":false,"max_hp_per_floor":[85,85,85,85,85,85,85,85,85,85,85,85,85,85,85,85,85],"card_choices":[{"not_picked":["construct:PowerUp","construct:GuardCore"],"picked":"construct:Enhance","floor":1},{"not_picked":["construct:SuppressiveFire","construct:Overcharge","construct:Reinforce"],"picked":"SKIP","floor":4},{"not_picked":["construct:ScrapCannon","construct:PanicFire"],"picked":"construct:ForceCore","floor":8},{"not_picked":["construct:Accumulate","construct:FierceBash"],"picked":"construct:LaserCore","floor":10},{"not_picked":["construct:ModeShift","construct:CriticalHit"],"picked":"construct:Failsafe","floor":11},{"not_picked":["construct:Forcefield","construct:ModeShift","construct:SuppressiveFire"],"picked":"SKIP","floor":12},{"not_picked":["construct:ClusterMines","construct:ModeShift"],"picked":"construct:FlameCore","floor":13},{"not_picked":["construct:SaveState","construct:Reinforce"],"picked":"construct:Impenetrable","floor":14}],"player_experience":618332,"relics_obtained":[{"floor":8,"key":"HornCleat"},{"floor":11,"key":"War Paint"}],"event_choices":[{"damage_healed":0,"gold_gain":0,"player_choice":"Ignored","damage_taken":0,"max_hp_gain":0,"max_hp_loss":0,"event_name":"Liars Game","floor":2,"gold_loss":0},{"damage_healed":0,"gold_gain":75,"player_choice":"Gather Gold","damage_taken":11,"max_hp_gain":0,"max_hp_loss":0,"event_name":"World of Goop","floor":3,"gold_loss":0},{"damage_healed":0,"gold_gain":0,"player_choice":"Gave Potion","damage_taken":0,"relics_obtained":["Girya"],"max_hp_gain":0,"max_hp_loss":0,"event_name":"WeMeetAgain","floor":7,"gold_loss":0}],"is_beta":false,"boss_relics":[],"items_purged_floors":[],"is_endless":false,"potions_floor_spawned":[1,4,12,13],"killed_by":"Fading Forest","ascension_level":7}}