{"host":"d8d3jqle49sogkjv","time":1609969173,"event":{"mods":["BaseMod","Colored Map","Colored Powertips","Minty Spire (QoL Compilation)","StSLib"],"gold_per_floor":[362,375,385,231,243,243,304,404,404,417,445,425,425,438,438,533,533,548,548,131,148,167,193,193,193,193],"floor_reached":25,"playtime":1296,"items_purged":["Strike_P","Defend_P"],"score":273,"play_id":"996fb7b7-ba95-4376-988a-14be91fbff40","local_time":"20210106223933","is_ascension_mode":true,"campfire_choices":[{"data":"TalkToTheHand","floor":6,"key":"SMITH"},{"floor":13,"key":"REST"},{"floor":15,"key":"REST"},{"floor":24,"key":"REST"}],"circlet_count":0,"master_deck":["Strike_P","Strike_P","Strike_P","Defend_P","Defend_P","Defend_P","Eruption","Vigilance","Prostrate","Prostrate","WindmillStrike","TalkToTheHand+1","Consecrate","Prostrate","SandsOfTime","Alpha","WaveOfTheHand","Brilliance","Prostrate","Wireheading"],"relics":["PureWater","Mummified Hand","Akabeko","Blood Vial","Busted Crown","CultistMask","Membership Card","Pen Nib","Tiny Chest","HornCleat"],"acts_visited":["Exordium","TheCity"],"potions_floor_usage":[7,11,11,23,23,23],"damage_taken":[{"damage":1,"enemies":"Cultist","floor":1,"turns":5},{"damage":0,"enemies":"Small Slimes","floor":2,"turns":4},{"damage":0,"enemies":"2 Louse","floor":3,"turns":3},{"damage":3,"enemies":"Exordium Wildlife","floor":5,"turns":8},{"damage":16,"enemies":"Gremlin Nob","floor":7,"turns":4},{"damage":1,"enemies":"Blue Slaver","floor":10,"turns":4},{"damage":10,"enemies":"3 Sentries","floor":11,"turns":3},{"damage":14,"enemies":"Exordium Thugs","floor":12,"turns":4},{"damage":0,"enemies":"Gremlin Gang","floor":14,"turns":3},{"damage":9,"enemies":"Slime Boss","floor":16,"turns":8},{"damage":29,"enemies":"3 Byrds","floor":18,"turns":5},{"damage":6,"enemies":"Shell Parasite","floor":21,"turns":5},{"damage":21,"enemies":"Snake Plant","floor":22,"turns":5},{"damage":17,"enemies":"Book of Stabbing","floor":23,"turns":5},{"damage":38,"enemies":"Slavers","floor":25,"turns":4}],"seed_played":"-6059918104395844854","potions_obtained":[{"floor":1,"key":"GamblersBrew"},{"floor":5,"key":"GamblersBrew"},{"floor":10,"key":"DistilledChaos"},{"floor":11,"key":"Strength Potion"},{"floor":14,"key":"Dexterity Potion"},{"floor":16,"key":"SteroidPotion"}],"is_trial":false,"path_per_floor":["M","M","M","$","M","R","?","?","T","M","E","M","R","M","R","B",null,"M","?","$","M","M","E","R","E"],"character_chosen":"WATCHER","items_purchased":["TalkToTheHand","Prostrate","Membership Card","Pen Nib","Tiny Chest","Wireheading"],"campfire_rested":3,"item_purchase_floors":[4,20,20,20,20,20],"current_hp_per_floor":[50,50,50,50,47,47,31,31,31,30,20,8,29,31,52,45,72,43,43,43,39,20,5,26,0,0],"gold":193,"neow_bonus":"TWO_FIFTY_GOLD","is_daily":false,"chose_seed":false,"campfire_upgraded":1,"win_rate":0.0,"timestamp":1609969173,"path_taken":["M","M","M","$","?","R","?","?","T","?","E","M","R","M","R","BOSS","M","?","$","M","?","E","R","E"],"items_purchased_type":["Card","Card","Relic","Relic","Relic","Card"],"build_version":"2020-12-22","purchased_purges":2,"victory":false,"max_hp_per_floor":[72,72,72,72,72,72,72,72,72,72,72,72,72,72,72,72,72,72,72,72,72,72,72,72,72,72],"card_choices":[{"not_picked":["Vengeance","ThirdEye"],"picked":"Prostrate","floor":1},{"not_picked":["Protect","Collect"],"picked":"Prostrate","floor":2},{"not_picked":["FollowUp","ClearTheMind"],"picked":"WindmillStrike","floor":3},{"not_picked":["Evaluate","WheelKick"],"picked":"Consecrate","floor":5},{"not_picked":["EmptyFist","Meditate"],"picked":"Prostrate","floor":7},{"not_picked":["CarveReality","Evaluate","Consecrate"],"picked":"SKIP","floor":10},{"not_picked":["Indignation","Evaluate"],"picked":"SandsOfTime","floor":11},{"not_picked":["Prostrate","Crescendo"],"picked":"Alpha","floor":12},{"not_picked":["ClearTheMind","EmptyBody"],"picked":"WaveOfTheHand","floor":14},{"not_picked":["ConjureBlade","MasterReality"],"picked":"Brilliance","floor":16},{"not_picked":["InnerPeace"],"picked":"SKIP","floor":18},{"not_picked":["CrushJoints"],"picked":"SKIP","floor":21},{"not_picked":["Halt"],"picked":"SKIP","floor":22},{"not_picked":["CutThroughFate"],"picked":"SKIP","floor":23}],"player_experience":387509,"relics_obtained":[{"floor":7,"key":"Mummified Hand"},{"floor":9,"key":"Akabeko"},{"floor":11,"key":"Blood Vial"},{"floor":23,"key":"HornCleat"}],"event_choices":[{"damage_healed":0,"gold_gain":0,"player_choice":"Searched \u00272\u0027 times","damage_taken":0,"max_hp_gain":0,"max_hp_loss":0,"event_name":"Dead Adventurer","floor":7,"gold_loss":0},{"damage_healed":0,"gold_gain":100,"player_choice":"Pray","damage_taken":0,"max_hp_gain":0,"max_hp_loss":0,"event_name":"Golden Shrine","floor":8,"gold_loss":0},{"damage_healed":0,"gold_gain":0,"player_choice":"Trade","damage_taken":0,"relics_obtained":["CultistMask"],"max_hp_gain":0,"max_hp_loss":0,"event_name":"FaceTrader","floor":19,"gold_loss":0}],"is_beta":false,"boss_relics":[{"not_picked":["Runic Pyramid","Black Star"],"picked":"Busted Crown"}],"items_purged_floors":[4,20],"is_endless":false,"potions_floor_spawned":[1,5,10,11,14,16,21],"killed_by":"Slavers","ascension_level":2}}