{"host":"qkbnayyek6fga752","time":1609902105,"event":{"mods":["100% Spire Juice","2.2 Compatiblity","Arknights The Spire","Aspiration","Astrologer","BaseMod","Beaked The Cultist","Better Altar","Better Match","Better Note","Better Sensory Stone","Better Skull","Better Third Choice","CCEM","CapriCore","ChefMod","Clockwork Mod","Conspire","Ekko","Energized Spire","Evolution","Hermit","Hubris","Humility","Koishi","Mad Scientist","Marisa????????","Minty Spire (QoL Compilation)","Quarter Circle Forward PUNCH!","Random Character Mod","Replay The Spire","Robot Space Explorer","SIMod","Spicy Shops","StSLib","The Administrix","The Alterego","The Animator","The Blackbeard","The Blue Laboratory","The Bug Knight","The Cursed","The Death Knight","The Disciple","The Druid","The Exalted","The Forsaken","The Gatherer","The Hayseed","The Hierophant","The Immortal","The Juggle","The Marked","The Necromancer","The Problem Sleuth","The Runesmith","The Sage","The Senshi","The Vixen","The Wild Card","TheArtist","TheLocksmith","TheSwordswoman","TheVacant","TheVelvet","Trackpad","Yuri Mod","thorton"],"gold_per_floor":[110,26,42,42,42,76,76,102,102,114,128,145,171,184,184,283,283,302,319,319,354,11,11,11,11],"floor_reached":24,"playtime":3801,"items_purged":[],"score":361,"play_id":"cd0334ff-61f9-441a-916c-17cca38278bf","local_time":"20210105220145","daily_mods":["SealedDeck","Diverse","Heirloom","DeadlyEvents","Elite Swarm","Uncertain Future"],"is_ascension_mode":false,"campfire_choices":[{"data":"animator:Shalltear","floor":7,"key":"SMITH"},{"data":"theSleuth:GummyWormZombie","floor":15,"key":"SMITH"},{"data":"Clockwork:PerfectForm","floor":23,"key":"SMITH"}],"circlet_count":0,"master_deck":["hadesmod:FierceCry","hierophant:HolyVerse","DeathKnight:IcyTouch","Moonworks:LulusLuckyEgg","theSenshi:Sidestep","jugglermod: InsideOut","Laughter","theDruid:BackupSupplies","LockedMedicine","theDruid:BristlingDefense+1","Moonworks:WindyEnchantment","Dramatic Entrance","animator:Shalltear+1","theWildCard:Thanatos","Envenom","Gatherer:BomberForm","Feel No Pain+1","animator:SayakaMiki","Combust+1","AdministrixMod:TouchOfCinnabar","Rage","Establishment","theSleuth:GummyWormZombie+1","blackbeard:Dagger","Gatherer:BomberForm","Koishi:SpiritedAway+1","RobotSpaceExplorer:FranticSearch","yuri:NoEscape","Clockwork:PerfectForm+1","ekkoTheBoyWhoShatteredTime:WaitForKeyTiming"],"relics":["theSenshi:TransformationBroochRelic","CaptainsWheel","Pyrelight","qcfpunch:School_Backpack","qcfpunch:Necklace_of_Skulls","hubris:ToyBattleship","hubris:CuriousFeather","Painkiller Herb","Nloth\u0027s Gift","InkBottle","Ornamental Fan"],"acts_visited":["Exordium","TheCity"],"potions_floor_usage":[14,16,18,24,24],"damage_taken":[{"damage":3,"enemies":"Cultist","floor":1,"turns":5},{"damage":5,"enemies":"Jaw Worm","floor":3,"turns":5},{"damage":4,"enemies":"HollowMod:MossKnight","floor":6,"turns":12},{"damage":0,"enemies":"Lagavulin","floor":8,"turns":7},{"damage":0,"enemies":"2 Louse","floor":10,"turns":2},{"damage":2,"enemies":"Exordium Wildlife","floor":11,"turns":4},{"damage":1,"enemies":"Blue Slaver","floor":12,"turns":5},{"damage":0,"enemies":"HollowMod:MossKnight","floor":13,"turns":9},{"damage":5,"enemies":"Red Slaver","floor":14,"turns":3},{"damage":0,"enemies":"Fading Forest","floor":16,"turns":11},{"damage":28,"enemies":"2 Thieves","floor":18,"turns":4},{"damage":3,"enemies":"Spheric Guardian","floor":19,"turns":8},{"damage":0,"enemies":"conspire:SneckoGhost","floor":21,"turns":8},{"damage":46,"enemies":"Slavers","floor":24,"turns":5}],"seed_played":"6065008793184121128","potions_obtained":[{"floor":3,"key":"blueLaboratory:LouseDecoction"},{"floor":6,"key":"Adrenaline Potion"},{"floor":11,"key":"blueLaboratory:StoneskinPotion"},{"floor":14,"key":"blueLaboratory:HeartbeatPotion"},{"floor":21,"key":"blueLaboratory:PolymorphPotion"}],"is_trial":true,"path_per_floor":["M","$","M","?","?","E","R","E","T","M","M","M","E","M","R","B",null,"?","?","?","E","T","T","E"],"character_chosen":"THE_SENSHI","items_purchased":["Dramatic Entrance","Clockwork:PerfectForm","Ornamental Fan","ekkoTheBoyWhoShatteredTime:WaitForKeyTiming"],"campfire_rested":0,"item_purchase_floors":[2,22,22,22],"current_hp_per_floor":[72,72,67,67,67,63,63,63,63,63,61,60,60,55,55,55,75,47,44,44,44,44,44,0,0],"gold":11,"neow_bonus":"","is_daily":false,"chose_seed":false,"campfire_upgraded":3,"win_rate":0.0,"timestamp":1609902105,"path_taken":["M","$","M","?","?","E","R","E","T","M","?","M","E","M","R","BOSS","?","?","?","?","T","T","E"],"items_purchased_type":["Card","Card","Relic","Card"],"build_version":"2020-12-22","purchased_purges":0,"victory":false,"max_hp_per_floor":[75,75,75,75,75,75,75,75,75,75,75,75,75,75,75,75,75,75,75,75,75,75,75,75,75],"card_choices":[{"not_picked":["Koishi:BloodcurdlingScream","AsteroidBelt"],"picked":"Moonworks:WindyEnchantment","floor":1},{"not_picked":["animator:MamiTomoe","Gatherer:ScrollOfWall"],"picked":"animator:Shalltear","floor":3},{"not_picked":["astrologer:Starfield","ekkoTheBoyWhoShatteredTime:TrinityForce"],"picked":"theWildCard:Thanatos","floor":6},{"not_picked":["Replay:Bag of Tricks","Grand Finale"],"picked":"Envenom","floor":8},{"not_picked":["Clockwork:ZeroPointEnergy","Devotion"],"picked":"Gatherer:BomberForm","floor":8},{"not_picked":["Flex","Life Link"],"picked":"Feel No Pain+1","floor":10},{"not_picked":["hadesmod:WeakWep","ReplayRNGCard"],"picked":"animator:SayakaMiki","floor":10},{"not_picked":["Reckless Charge","Armaments"],"picked":"Combust+1","floor":11},{"not_picked":["TheCursedMod:Torture","GemstoneDetection"],"picked":"AdministrixMod:TouchOfCinnabar","floor":11},{"not_picked":["Pummel","Replay:Undeath\u0027s Touch"],"picked":"Rage","floor":12},{"not_picked":["MagicChant","theWildCard:MaskChange","RobotSpaceExplorer:ShockKick"],"picked":"SKIP","floor":12},{"not_picked":["Blasphemy","Scrawl"],"picked":"Establishment","floor":13},{"not_picked":["hermit:RoundhouseKick","Meteor Strike"],"picked":"theSleuth:GummyWormZombie","floor":13},{"not_picked":["alterego_mod:Skirt","animator:Kazuma"],"picked":"blackbeard:Dagger","floor":14},{"not_picked":["ekkoTheBoyWhoShatteredTime:URF","Bromod:SplitChamber"],"picked":"Gatherer:BomberForm","floor":16},{"not_picked":["Streamline","Harmanyblast"],"picked":"Koishi:SpiritedAway+1","floor":18},{"not_picked":["HollowMod:VengefulSpirit","TheCursedMod:Grudge"],"picked":"RobotSpaceExplorer:FranticSearch","floor":19},{"not_picked":["Koishi:MentalBreakdown","thethorton:Octopus"],"picked":"yuri:NoEscape","floor":21}],"player_experience":291335,"relics_obtained":[{"floor":6,"key":"qcfpunch:School_Backpack"},{"floor":8,"key":"qcfpunch:Necklace_of_Skulls"},{"floor":9,"key":"hubris:ToyBattleship"},{"floor":13,"key":"hubris:CuriousFeather"},{"floor":21,"key":"InkBottle"}],"event_choices":[{"damage_healed":0,"gold_gain":0,"player_choice":"Grow","damage_taken":0,"max_hp_gain":0,"max_hp_loss":0,"event_name":"Living Wall","floor":4,"gold_loss":0,"cards_upgraded":["theDruid:BristlingDefense"]},{"damage_healed":0,"gold_gain":0,"player_choice":"Traded Relic","damage_taken":0,"relics_obtained":["Nloth\u0027s Gift"],"max_hp_gain":0,"max_hp_loss":0,"event_name":"N\u0027loth","floor":20,"relics_lost":["EVO:Axolotl"],"gold_loss":0}],"is_beta":false,"boss_relics":[{"not_picked":["Replay:Ancient Bell","Busted Crown"],"picked":"Painkiller Herb"}],"items_purged_floors":[],"is_endless":false,"potions_floor_spawned":[3,6,11,13,14,21],"killed_by":"Slavers","ascension_level":0}}