{"host":"cziotie8mnsl18m5","time":1609908031,"event":{"mods":["BaseMod","Minty Spire (QoL Compilation)","StSLib","The Animator","The Construct"],"gold_per_floor":[110,110,120,120,144,191,209,209,261,322,322,379,131,149,149,149,149],"floor_reached":16,"playtime":712,"items_purged":["animator:Strike"],"score":220,"play_id":"3284b7c4-6314-4f1b-9bf7-242d07ef6446","local_time":"20210105234031","is_ascension_mode":true,"campfire_choices":[{"floor":8.0,"key":"REST"},{"floor":15.0,"key":"RECALL"}],"circlet_count":0,"master_deck":["AscendersBane","animator:Strike_OnePunchMan","animator:Defend_OnePunchMan","animator:Strike","animator:Strike","animator:Defend","animator:Defend","animator:Defend","animator:Genos","animator:MumenRider","animator:Lancer","animator:Priestess","animator:Geryuganshoop","animator:Gilgamesh+3","animator:LeleiLaLalena","animator:SwordMaiden","animator:GuildGirl","animator:MisakiNakahara","animator:Sonic"],"relics":["animator:LivingPicture","animator:TheMissingPiece","NeowsBlessing","Blue Candle","Vajra","Odd Mushroom","Art of War"],"acts_visited":["Exordium"],"potions_floor_usage":[],"damage_taken":[{"damage":0.0,"enemies":"Small Slimes","floor":1.0,"turns":1.0},{"damage":0.0,"enemies":"Cultist","floor":3.0,"turns":1.0},{"damage":0.0,"enemies":"2 Louse","floor":5.0,"turns":1.0},{"damage":36.0,"enemies":"Gremlin Nob","floor":6.0,"turns":4.0},{"damage":12.0,"enemies":"Blue Slaver","floor":7.0,"turns":3.0},{"damage":3.0,"enemies":"The Mushroom Lair","floor":10.0,"turns":3.0},{"damage":37.0,"enemies":"Lagavulin","floor":12.0,"turns":4.0},{"damage":5.0,"enemies":"Exordium Thugs","floor":14.0,"turns":4.0},{"damage":28,"enemies":"The Guardian","floor":16,"turns":2}],"seed_played":"1622015827794476823","potions_obtained":[{"floor":1.0,"key":"SkillPotion"},{"floor":2.0,"key":"EntropicBrew"},{"floor":10.0,"key":"Ancient Potion"}],"is_trial":false,"path_per_floor":["M","?","M","?","M","E","M","R","T","?","?","E","$","M","R","B"],"character_chosen":"THE_ANIMATOR","items_purchased":["animator:GuildGirl","animator:MisakiNakahara"],"campfire_rested":1,"item_purchase_floors":[13,13],"current_hp_per_floor":[54,54,54,59,59,23,11,30,30,27,65,29,29,25,25,0,0],"gold":149,"neow_bonus":"THREE_ENEMY_KILL","is_daily":false,"chose_seed":false,"campfire_upgraded":0,"win_rate":0.0,"timestamp":1609908031,"path_taken":["M","?","?","?","M","E","M","R","T","?","?","E","$","?","R","BOSS"],"items_purchased_type":["Card","Card"],"build_version":"2020-12-22","purchased_purges":1,"victory":false,"max_hp_per_floor":[60,60,60,65,65,65,65,65,65,65,65,66,66,67,67,67,67],"card_choices":[{"not_picked":["animator:Lu","animator:Tatsumaki","animator:Elsword"],"picked":"SKIP","floor":1.0},{"not_picked":["animator:Entoma","animator:Elsword"],"picked":"animator:Lancer","floor":3.0},{"not_picked":["animator:SakuraMatou","animator:Entoma"],"picked":"animator:Priestess","floor":5.0},{"not_picked":["animator:Genos","animator:MumenRider"],"picked":"animator:Geryuganshoop","floor":6.0},{"not_picked":["animator:Tatsumaki","animator:Yuuichirou"],"picked":"animator:Gilgamesh","floor":7.0},{"not_picked":["animator:LizardPriest","animator:Elsword"],"picked":"animator:LeleiLaLalena","floor":10.0},{"not_picked":["animator:PandorasActor","animator:Tyuule"],"picked":"animator:SwordMaiden","floor":12.0},{"not_picked":["animator:Alexander","animator:Melzalgald"],"picked":"animator:Sonic","floor":14.0}],"player_experience":2619135,"relics_obtained":[{"floor":6.0,"key":"Blue Candle"},{"floor":9.0,"key":"Vajra"},{"floor":10.0,"key":"Odd Mushroom"},{"floor":12.0,"key":"Art of War"}],"event_choices":[{"damage_healed":0.0,"max_hp_gain":0.0,"max_hp_loss":0.0,"gold_gain":0.0,"event_name":"Lab","player_choice":"Got Potions","floor":2.0,"gold_loss":0.0,"damage_taken":0.0},{"damage_healed":0.0,"max_hp_gain":5.0,"max_hp_loss":0.0,"gold_gain":0.0,"event_name":"Big Fish","player_choice":"Donut","floor":4.0,"gold_loss":0.0,"damage_taken":0.0},{"damage_healed":0.0,"max_hp_gain":0.0,"max_hp_loss":0.0,"gold_gain":0.0,"event_name":"Mushrooms","player_choice":"Fought Mushrooms","floor":10.0,"gold_loss":0.0,"damage_taken":0.0},{"damage_healed":38.0,"max_hp_gain":0.0,"max_hp_loss":0.0,"gold_gain":0.0,"event_name":"Wheel of Change","player_choice":"Full Heal","floor":11.0,"gold_loss":0.0,"damage_taken":0.0}],"is_beta":false,"boss_relics":[],"items_purged_floors":[13],"is_endless":false,"potions_floor_spawned":[1,3,5,10],"killed_by":"The Guardian","ascension_level":20}}