{"host":"i1h39d0gfh5c6uxl","time":1609941916,"event":{"mods":["AchievementEnabler","BaseMod","Colored Map","Colored Powertips","Highlight Path","Minty Spire (QoL Compilation)"],"gold_per_floor":[109,7,7,25,25,25,55,55,55,55,88,99,99,131,131,208,208,222,13,29,29,40,40,40],"floor_reached":23,"playtime":1004,"items_purged":[],"score":418,"play_id":"f3b01d68-0755-453b-a780-3bb44103e453","local_time":"20210106220516","is_ascension_mode":true,"campfire_choices":[{"data":"Berserk","floor":6,"key":"SMITH"},{"data":"Bash","floor":8,"key":"SMITH"},{"data":"Cleave","floor":10,"key":"SMITH"},{"data":"Clothesline","floor":15,"key":"SMITH"}],"circlet_count":0,"master_deck":["AscendersBane","Strike_R","Strike_R","Strike_R","Strike_R","Defend_R","Defend_R","Defend_R","Bash+1","Berserk+1","Headbutt","Fire Breathing","Cleave+1","Metallicize","Clothesline+1","Corruption","Feed+1","Uppercut+1","Dark Embrace","Second Wind","Shockwave"],"relics":["Burning Blood","Meat on the Bone","Boot","WingedGreaves","Mummified Hand","Molten Egg 2","Fusion Hammer","Medical Kit"],"acts_visited":["Exordium","TheCity"],"potions_floor_usage":[7,14,21],"damage_taken":[{"damage":21,"enemies":"Small Slimes","floor":1,"turns":4},{"damage":10,"enemies":"2 Louse","floor":4,"turns":3},{"damage":25,"enemies":"Lagavulin","floor":7,"turns":6},{"damage":31,"enemies":"Gremlin Nob","floor":11,"turns":4},{"damage":0,"enemies":"Cultist","floor":12,"turns":3},{"damage":7,"enemies":"Lagavulin","floor":14,"turns":6},{"damage":37,"enemies":"Slime Boss","floor":16,"turns":9},{"damage":24,"enemies":"Shell Parasite","floor":18,"turns":5},{"damage":39,"enemies":"3 Byrds","floor":20,"turns":6},{"damage":0,"enemies":"Snake Plant","floor":21,"turns":1},{"damage":33,"enemies":"3 Cultists","floor":22,"turns":6},{"damage":28,"enemies":"Book of Stabbing","floor":23,"turns":2}],"seed_played":"-4357412445075908445","potions_obtained":[{"floor":4,"key":"AttackPotion"},{"floor":11,"key":"Swift Potion"},{"floor":20,"key":"SmokeBomb"}],"is_trial":false,"path_per_floor":["M","$","?","M","?","R","E","R","T","R","E","M","?","E","R","B",null,"M","$","M","M","M","E"],"character_chosen":"IRONCLAD","items_purchased":["Headbutt","Fire Breathing","Dark Embrace","Medical Kit"],"campfire_rested":0,"item_purchase_floors":[2,2,19,19],"current_hp_per_floor":[53,53,53,49,49,49,42,42,42,42,29,47,52,51,51,32,63,45,45,24,42,27,0,0],"gold":40,"neow_bonus":"TRANSFORM_TWO_CARDS","is_daily":false,"chose_seed":false,"campfire_upgraded":4,"win_rate":0.0,"timestamp":1609941916,"path_taken":["M","$","?","M","?","R","E","R","T","R","E","?","?","E","R","BOSS","M","$","M","M","M","E"],"items_purchased_type":["Card","Card","Card","Relic"],"build_version":"2020-12-22","purchased_purges":0,"victory":false,"max_hp_per_floor":[68,68,68,68,68,68,68,68,68,68,68,68,73,73,73,73,73,73,73,73,73,73,73,73],"card_choices":[{"not_picked":["Wild Strike","Burning Pact","Anger"],"picked":"SKIP","floor":1},{"not_picked":["True Grit","Rage"],"picked":"Cleave","floor":4},{"not_picked":["Intimidate","Perfected Strike","Iron Wave"],"picked":"SKIP","floor":7},{"not_picked":["Bloodletting","True Grit"],"picked":"Metallicize","floor":11},{"not_picked":["Warcry","Body Slam"],"picked":"Clothesline","floor":12},{"not_picked":["Armaments","Intimidate"],"picked":"Corruption","floor":14},{"not_picked":["Bludgeon+1","Offering"],"picked":"Feed+1","floor":16},{"not_picked":["Body Slam+1","Ghostly Armor"],"picked":"Uppercut+1","floor":18},{"not_picked":["Blood for Blood+1","Flex"],"picked":"Second Wind","floor":20},{"not_picked":["Sword Boomerang+1","Wild Strike+1"],"picked":"Shockwave","floor":22}],"player_experience":1316503,"relics_obtained":[{"floor":7,"key":"Boot"},{"floor":9,"key":"WingedGreaves"},{"floor":11,"key":"Mummified Hand"},{"floor":14,"key":"Molten Egg 2"}],"event_choices":[{"damage_healed":0,"gold_gain":0,"player_choice":"Ignored","damage_taken":0,"max_hp_gain":0,"max_hp_loss":0,"event_name":"Liars Game","floor":3,"gold_loss":0},{"cards_removed":["Berserk"],"damage_healed":0,"gold_gain":0,"player_choice":"Gave Card","damage_taken":0,"relics_obtained":["Meat on the Bone"],"max_hp_gain":0,"max_hp_loss":0,"event_name":"WeMeetAgain","floor":5,"gold_loss":0},{"damage_healed":0,"gold_gain":0,"player_choice":"Donut","damage_taken":0,"max_hp_gain":5,"max_hp_loss":0,"event_name":"Big Fish","floor":13,"gold_loss":0}],"is_beta":false,"boss_relics":[{"not_picked":["SlaversCollar","Black Blood"],"picked":"Fusion Hammer"}],"items_purged_floors":[],"is_endless":false,"potions_floor_spawned":[4,11,20],"killed_by":"Book of Stabbing","ascension_level":20}}