{"host":"yp47u74hk6n79vj1","time":1609954141,"event":{"mods":["BaseMod","Colored Map","Highlight Path","Minty Spire (QoL Compilation)"],"gold_per_floor":[116,6,181,31,31,62,62,92,92,167,181,181,181,194,194,297,297,282,282,282,462,479,100,135,135,182,32,32,67,67,80,80,176,176,194,42,58,76,122,122,147,147,147],"floor_reached":42,"playtime":1550,"items_purged":["Bash","Doubt","Defend_R","Defend_R"],"score":646,"play_id":"66466a28-0e97-4888-83c0-b81ff4549bb8","local_time":"20210106122901","is_ascension_mode":true,"campfire_choices":[{"data":"Shrug It Off","floor":7,"key":"SMITH"},{"data":"Metallicize","floor":12,"key":"SMITH"},{"data":"Fire Breathing","floor":15,"key":"SMITH"},{"data":"True Grit","floor":25,"key":"SMITH"},{"floor":28,"key":"RECALL"},{"data":"Shrug It Off","floor":30,"key":"SMITH"},{"data":"Berserk","floor":32,"key":"SMITH"},{"data":"Juggernaut","floor":40,"key":"SMITH"}],"circlet_count":0,"master_deck":["Reckless Charge","Fire Breathing+1","Evolve","Shrug It Off+1","Shrug It Off+1","Metallicize+1","Shrug It Off","Berserk+1","Battle Trance+1","Bite","Bite","Bite","Bite","Dark Embrace","Apotheosis+1","Entrench+1","True Grit+1","Reckless Charge","Juggernaut+1","Metallicize+1","Feel No Pain"],"relics":["Burning Blood","Pen Nib","Pantograph","Coffee Dripper","Letter Opener","War Paint","Nunchaku","Empty Cage","Medical Kit","Ancient Tea Set"],"acts_visited":["Exordium","TheCity","TheBeyond"],"potions_floor_usage":[6,18,37,42,42,42],"damage_taken":[{"damage":0,"enemies":"Cultist","floor":1,"turns":4},{"damage":32,"enemies":"Gremlin Nob","floor":6,"turns":5},{"damage":28,"enemies":"Lagavulin","floor":8,"turns":10},{"damage":0,"enemies":"2 Louse","floor":11,"turns":3},{"damage":0,"enemies":"Small Slimes","floor":14,"turns":3},{"damage":12,"enemies":"Slime Boss","floor":16,"turns":6},{"damage":13,"enemies":"2 Thieves","floor":18,"turns":4},{"damage":8,"enemies":"Shell Parasite","floor":22,"turns":8},{"damage":32,"enemies":"Book of Stabbing","floor":24,"turns":7},{"damage":20,"enemies":"Gremlin Leader","floor":29,"turns":6},{"damage":15,"enemies":"Snecko","floor":31,"turns":7},{"damage":0,"enemies":"Automaton","floor":33,"turns":9},{"damage":18,"enemies":"Orb Walker","floor":35,"turns":4},{"damage":9,"enemies":"3 Shapes","floor":37,"turns":3},{"damage":39,"enemies":"Spire Growth","floor":38,"turns":5},{"damage":13,"enemies":"Nemesis","floor":41,"turns":5},{"damage":68,"enemies":"Writhing Mass","floor":42,"turns":4}],"seed_played":"527963149499620397","potions_obtained":[{"floor":1,"key":"Weak Potion"},{"floor":16,"key":"FearPotion"},{"floor":24,"key":"BloodPotion"},{"floor":33,"key":"Fire Potion"},{"floor":38,"key":"ElixirPotion"},{"floor":41,"key":"SneckoOil"}],"is_trial":false,"path_per_floor":["M","$","?","$","?","E","R","E","T","?","M","R","?","M","R","B",null,"M","?","?","?","M","$","E","R","T","$","R","E","R","M","R","B",null,"M","$","M","M","T","R","E","M"],"character_chosen":"IRONCLAD","items_purchased":["Evolve","Shrug It Off","Apotheosis","Entrench","Medical Kit"],"campfire_rested":0,"item_purchase_floors":[2,4,23,23,36],"current_hp_per_floor":[62,62,62,62,62,36,36,14,14,3,11,11,4,12,12,33,80,73,73,73,54,78,78,69,69,69,69,69,80,80,80,80,80,80,75,75,76,47,47,47,50,0,0],"gold":147,"neow_bonus":"TRANSFORM_TWO_CARDS","is_daily":false,"chose_seed":false,"campfire_upgraded":7,"win_rate":0.0,"timestamp":1609954141,"path_taken":["M","?","?","$","?","E","R","E","T","?","?","R","?","M","R","BOSS","M","?","?","?","M","$","E","R","T","$","R","E","R","M","R","BOSS","M","$","M","M","?","R","E","M"],"items_purchased_type":["Card","Card","Card","Card","Relic"],"build_version":"2020-12-22","purchased_purges":4,"victory":false,"max_hp_per_floor":[80,80,80,80,80,80,80,80,80,80,80,80,80,80,80,80,80,80,80,80,80,80,80,80,80,80,80,80,80,80,80,80,80,80,80,80,80,80,80,80,80,80,80],"card_choices":[{"not_picked":["Infernal Blade","Anger","Havoc"],"picked":"SKIP","floor":1},{"not_picked":["Thunderclap","Intimidate"],"picked":"Shrug It Off","floor":6},{"not_picked":["Second Wind","Headbutt","Sword Boomerang"],"picked":"SKIP","floor":8},{"not_picked":["Sword Boomerang","Anger"],"picked":"Metallicize","floor":11},{"not_picked":["Clash","Sword Boomerang"],"picked":"Shrug It Off","floor":14},{"not_picked":["Impervious","Immolate"],"picked":"Berserk","floor":16},{"not_picked":["Cleave+1","Whirlwind"],"picked":"Battle Trance+1","floor":18},{"not_picked":["Carnage","Warcry"],"picked":"Dark Embrace","floor":22},{"not_picked":["Twin Strike","Iron Wave"],"picked":"True Grit","floor":24},{"not_picked":["Intimidate","Sever Soul","Armaments"],"picked":"SKIP","floor":29},{"not_picked":["Rage","Dark Embrace+1"],"picked":"Reckless Charge","floor":31},{"not_picked":["Limit Break","Impervious"],"picked":"Juggernaut","floor":33},{"not_picked":["Warcry","Sentinel","Whirlwind"],"picked":"SKIP","floor":35},{"not_picked":["Shockwave+1","Inflame+1"],"picked":"Metallicize+1","floor":37},{"not_picked":["Battle Trance","Anger","Clash"],"picked":"SKIP","floor":38},{"not_picked":["Combust+1","Battle Trance"],"picked":"Feel No Pain","floor":41}],"player_experience":603266,"relics_obtained":[{"floor":6,"key":"Pen Nib"},{"floor":8,"key":"Blood Vial"},{"floor":9,"key":"Pantograph"},{"floor":24,"key":"Letter Opener"},{"floor":26,"key":"War Paint"},{"floor":29,"key":"Nunchaku"},{"floor":41,"key":"Ancient Tea Set"}],"event_choices":[{"damage_healed":0,"gold_gain":175,"player_choice":"AGREE","damage_taken":0,"max_hp_gain":0,"max_hp_loss":0,"event_name":"Liars Game","floor":3,"gold_loss":0,"cards_obtained":["Doubt"]},{"cards_removed":["Strike_R"],"damage_healed":0,"gold_gain":0,"player_choice":"Forget","damage_taken":0,"max_hp_gain":0,"max_hp_loss":0,"event_name":"Living Wall","floor":5,"gold_loss":0},{"damage_healed":0,"gold_gain":75,"player_choice":"Gather Gold","damage_taken":11,"max_hp_gain":0,"max_hp_loss":0,"event_name":"World of Goop","floor":10,"gold_loss":0},{"damage_healed":0,"gold_gain":0,"player_choice":"Fled","damage_taken":7,"max_hp_gain":0,"max_hp_loss":0,"event_name":"Scrap Ooze","floor":13,"gold_loss":0},{"damage_healed":0,"gold_gain":0,"player_choice":"Ignored","damage_taken":0,"max_hp_gain":0,"max_hp_loss":0,"event_name":"The Mausoleum","floor":19,"gold_loss":0},{"damage_healed":0,"gold_gain":0,"player_choice":"Became a vampire (Vial)","damage_taken":0,"max_hp_gain":0,"max_hp_loss":0,"event_name":"Vampires","floor":20,"relics_lost":["Blood Vial"],"gold_loss":0,"cards_obtained":["Bite","Bite","Bite","Bite","Bite"]},{"damage_healed":0,"gold_gain":180,"player_choice":"GOLD GOLD ","damage_taken":19,"max_hp_gain":0,"max_hp_loss":0,"event_name":"Knowing Skull","floor":21,"potions_obtained":[],"gold_loss":0,"cards_obtained":[]}],"is_beta":false,"boss_relics":[{"not_picked":["Busted Crown","SacredBark"],"picked":"Coffee Dripper"},{"not_picked":["Fusion Hammer","Pandora\u0027s Box"],"picked":"Empty Cage"}],"items_purged_floors":[2,4,23,27],"is_endless":false,"potions_floor_spawned":[1,16,24,33,38,41],"killed_by":"Writhing Mass","ascension_level":3}}