{"host":"6jrnojxwearbrjzo","time":1609928768,"event":{"mods":["BaseMod","Minty Spire (QoL Compilation)","Replay The Spire","Shop Mod","Spicy Shops","StSLib","The Cursed","The Servant 0.9.4","[功能]功能增强和修复MOD","vexMod"],"gold_per_floor":[112,112,2,2,2,30,30,48,96,96,121,143,173,0,0,98,98,117,117,150,10,10,10,10,41,41,8,35,53,87,27,27,122,122,137,137,137,19,66,66,93,0,27,27,60,60,3,3,3,3,3,3,3,29,29],"floor_reached":56,"playtime":1961,"items_purged":["Regret","Defend_G","Strike_G","Defend_G","Doubt","Finisher","Strike_G","Accuracy","Defend_G","Strike_G","Shame","Dagger Throw+1","Writhe","Choke+1","Blade Dance","Expertise","Atom Bomb+1"],"score":1877,"play_id":"fdc3a2e3-7972-4cbf-a059-a17d956d4f46","local_time":"20210106182608","is_ascension_mode":true,"campfire_choices":[{"floor":10,"key":"RECALL"},{"data":"Accuracy","floor":15,"key":"SMITH"},{"data":"ReplayTheSpireMod:Scrap Shanks","floor":23,"key":"SMITH"},{"data":"Phantasmal Killer","floor":32,"key":"SMITH"},{"data":"Catalyst","floor":40,"key":"SMITH"},{"data":"Tactician","floor":44,"key":"SMITH"},{"data":"Venomology","floor":46,"key":"SMITH"},{"data":"Tools of the Trade","floor":49,"key":"SMITH"},{"data":"Calculated Gamble","floor":52,"key":"SMITH"}],"circlet_count":0,"master_deck":["Neutralize","Acrobatics+1","Accuracy+1","Blade Dance","Calculated Gamble+1","Finisher+1","Phantasmal Killer+1","Toxin Wave","ReplayTheSpireMod:Scrap Shanks+1","Sadistic Nature","Dramatic Entrance+1","Replay:BasicMightCard","Tools of the Trade+1","Corpse Explosion","Tactician+1","ReplayTheSpireMod:Private Reserves","Catalyst+1","Venomology+1","Noxious Fumes","Choke+1","Choke+1","Bouncing Flask"],"relics":["Philosopher\u0027s Stone","Regal Pillow","TwistedFunnel","Ornamental Fan","vexMod:MemoryStick","Replay:Mystery Machine","ReplayTheSpireMod:Shallot","Odd Mushroom","Molten Egg 2","Eternal Feather","ReplayTheSpireMod:Lightbulb","Replay:Rubber Ducky","Mercury Hourglass","Orrery","Empty Cage","Red Mask","Mummified Hand","Sling","Gremlin Food","Quantum Egg","Oddly Smooth Stone","Bag of Preparation","ReplayTheSpireMod:ShopPack","War Paint","Bottled Tornado","WristBlade","Potion Belt","Chameleon Ring","Lee\u0027s Waffle","Counterbalance","Snack Pack","Blood Vial","Ninja Scroll","ReplayTheSpireMod:CursedCoin","HandDrill","Paper Crane","vexMod:BarristanHead","Incense Burner","Frozen Egg 2","Replay:Wax Seal"],"acts_visited":["Exordium","TheCity","TheBeyond","TheEnding"],"potions_floor_usage":[6,11,13,16,16,18,33,33,33,41,41,50,50,50,50,50,55,55,55,55,55,55],"damage_taken":[{"damage":0,"enemies":"2 Louse","floor":1,"turns":3},{"damage":0,"enemies":"Gremlin Nob","floor":6,"turns":2},{"damage":0,"enemies":"Jaw Worm","floor":8,"turns":2},{"damage":21,"enemies":"Lagavulin","floor":11,"turns":4},{"damage":1,"enemies":"The Mushroom Lair","floor":12,"turns":3},{"damage":0,"enemies":"3 Sentries","floor":13,"turns":5},{"damage":0,"enemies":"Slime Boss","floor":16,"turns":4},{"damage":0,"enemies":"Shell Parasite","floor":18,"turns":2},{"damage":7,"enemies":"Masked Bandits","floor":20,"turns":2},{"damage":0,"enemies":"Gremlin Leader","floor":25,"turns":2},{"damage":0,"enemies":"Book of Stabbing","floor":28,"turns":1},{"damage":0,"enemies":"2 Thieves","floor":29,"turns":1},{"damage":0,"enemies":"Slavers","floor":30,"turns":1},{"damage":0,"enemies":"Pondfish","floor":33,"turns":2},{"damage":0,"enemies":"3 Darklings","floor":35,"turns":2},{"damage":0,"enemies":"2 Orb Walkers","floor":39,"turns":1},{"damage":0,"enemies":"R_Hoarder","floor":41,"turns":2},{"damage":0,"enemies":"Giant Head","floor":45,"turns":1},{"damage":21,"enemies":"Replay:Hell Engine","floor":50,"turns":2},{"damage":0,"enemies":"Shield and Spear","floor":54,"turns":2},{"damage":8,"enemies":"The Heart","floor":55,"turns":3}],"seed_played":"4724500522662914480","potions_obtained":[{"floor":1,"key":"Elixir"},{"floor":1,"key":"Explosive Potion"},{"floor":8,"key":"Strength Potion"},{"floor":11,"key":"Regen Potion"},{"floor":11,"key":"Block Potion"},{"floor":11,"key":"SkillPotion"},{"floor":13,"key":"SteroidPotion"},{"floor":16,"key":"Poison Potion"},{"floor":18,"key":"Toxic Potion"},{"floor":25,"key":"Block Potion"},{"floor":29,"key":"AttackPotion"},{"floor":33,"key":"FearPotion"},{"floor":33,"key":"Ancient Potion"},{"floor":35,"key":"SteroidPotion"},{"floor":39,"key":"Explosive Potion"},{"floor":45,"key":"GamblersBrew"},{"floor":48,"key":"Strength Potion"},{"floor":48,"key":"PowerPotion"},{"floor":54,"key":"SkillPotion"},{"floor":54,"key":"SkillPotion"}],"is_trial":false,"path_per_floor":["M","?","$","?","$","E","?","M","T","R","E","?","E","$","R","B",null,"M","?","?","$","T","R","?","E","T","$","E","M","E","?","R","B",null,"M","?","?","$","?","R","E","$","T","R","E","R","$","?","R","B",null,"R","$","E","B",null],"character_chosen":"THE_SILENT","items_purchased":["TwistedFunnel","Ornamental Fan","Blade Dance","Eternal Feather","ReplayTheSpireMod:Lightbulb","Replay:Rubber Ducky","Mercury Hourglass","Orrery","ReplayTheSpireMod:Scrap Shanks","Mummified Hand","Sling","Gremlin Food","ReplayTheSpireMod:ShopPack","Choke+1","Potion Belt","Chameleon Ring","Lee\u0027s Waffle","Blood Vial","Ninja Scroll","ReplayTheSpireMod:CursedCoin","Noxious Fumes","Choke+1","Poison Potion","CultistPotion","HandDrill","Paper Crane","Frozen Egg 2"],"campfire_rested":0,"item_purchase_floors":[3,3,3,14,14,14,14,14,21,21,21,21,27,27,38,38,38,42,42,42,42,42,42,42,42,42,47],"current_hp_per_floor":[70,70,70,63,63,63,63,63,63,63,42,41,55,55,61,61,70,70,70,63,63,63,69,69,69,69,69,69,69,69,69,70,70,70,70,70,70,77,77,77,77,77,77,77,77,77,77,77,77,60,77,77,77,77,74],"gold":29,"neow_bonus":"BOSS_RELIC","is_daily":false,"chose_seed":false,"campfire_upgraded":8,"win_rate":0.0,"timestamp":1609928768,"path_taken":["M","?","$","?","$","E","?","?","T","R","E","?","E","?","R","BOSS","M","?","?","$","?","R","?","E","T","?","E","?","E","?","R","BOSS","M","?","?","$","?","R","E","$","T","R","E","R","?","?","R","BOSS","R","$","E","BOSS"],"items_purchased_type":["Relic","Relic","Card","Relic","Relic","Relic","Relic","Relic","Card","Relic","Relic","Relic","Relic","Card","Relic","Relic","Relic","Relic","Relic","Relic","Card","Card","Potion","Potion","Relic","Relic","Relic"],"build_version":"2020-12-22","purchased_purges":17,"victory":true,"max_hp_per_floor":[70,70,70,70,70,70,70,70,70,70,70,70,70,70,70,70,70,70,70,70,70,70,70,70,70,70,70,70,70,70,70,70,70,70,70,70,70,77,77,77,77,77,77,77,77,77,77,77,77,77,77,77,77,77,77],"card_choices":[{"not_picked":["PiercingWail","Leg Sweep"],"picked":"Finisher","floor":1},{"not_picked":["Footwork","Dagger Spray"],"picked":"Expertise","floor":6},{"not_picked":["Flechettes","Flying Knee"],"picked":"Acrobatics","floor":8},{"not_picked":["Crippling Poison","Poisoned Stab","Dagger Spray"],"picked":"SKIP","floor":11},{"not_picked":["Calculated Gamble","Malaise"],"picked":"Accuracy","floor":13},{"not_picked":["Prepared","Escape Plan"],"picked":"Blade Dance","floor":14},{"not_picked":["Caltrops","Slice+1"],"picked":"Calculated Gamble","floor":14},{"not_picked":["Atom Bomb+1","Dagger Throw+1"],"picked":"Finisher+1","floor":14},{"not_picked":["Bullet Time","A Thousand Cuts"],"picked":"Phantasmal Killer","floor":16},{"not_picked":["Dodge and Roll","Noxious Fumes"],"picked":"Accuracy","floor":18},{"not_picked":["Dodge and Roll+1","Outmaneuver"],"picked":"Dagger Throw+1","floor":20},{"not_picked":["Backflip","Noxious Fumes+1","Quick Slash+1"],"picked":"SKIP","floor":25},{"not_picked":["Thinking Ahead","Panache"],"picked":"Sadistic Nature","floor":27},{"not_picked":["HandOfGreedExtend","Secret Weapon"],"picked":"Dramatic Entrance","floor":27},{"not_picked":["HandOfGreedLower","Replay:Bootleg Shield Generator"],"picked":"Replay:BasicMightCard","floor":27},{"not_picked":["Draining Mist","Acrobatics"],"picked":"Atom Bomb+1","floor":28},{"not_picked":["Leg Sweep+1","Replay:Poison Smokescreen","Backflip"],"picked":"SKIP","floor":29},{"not_picked":["Wraith Form v2","Dagger Spray+1"],"picked":"Tools of the Trade","floor":30},{"not_picked":["Die Die Die+1","Malaise"],"picked":"Corpse Explosion","floor":33},{"not_picked":["Sucker Punch+1","Quick Slash+1"],"picked":"Tactician","floor":35},{"not_picked":["Good Instincts","Jack Of All Trades"],"picked":"ReplayTheSpireMod:Private Reserves","floor":37},{"not_picked":["Blade Dance","Cloak And Dagger+1"],"picked":"Catalyst","floor":39},{"not_picked":["ReplayTheSpireMod:Speed Training+1","Dagger Spray+1"],"picked":"Venomology","floor":41},{"not_picked":["Sucker Punch+1","Bane+1","Prepared"],"picked":"SKIP","floor":45},{"not_picked":["Sucker Punch+1","Quick Slash+1"],"picked":"Bouncing Flask","floor":54}],"player_experience":27977,"relics_obtained":[{"floor":6,"key":"vexMod:MemoryStick"},{"floor":9,"key":"Replay:Mystery Machine"},{"floor":11,"key":"ReplayTheSpireMod:Shallot"},{"floor":12,"key":"Odd Mushroom"},{"floor":13,"key":"Molten Egg 2"},{"floor":20,"key":"Red Mask"},{"floor":25,"key":"Oddly Smooth Stone"},{"floor":26,"key":"Bag of Preparation"},{"floor":28,"key":"War Paint"},{"floor":30,"key":"Bottled Tornado"},{"floor":39,"key":"Counterbalance"},{"floor":41,"key":"Snack Pack"},{"floor":43,"key":"vexMod:BarristanHead"},{"floor":45,"key":"Incense Burner"},{"floor":54,"key":"Replay:Wax Seal"}],"event_choices":[{"damage_healed":0,"gold_gain":0,"player_choice":"Box","damage_taken":0,"relics_obtained":["Regal Pillow"],"max_hp_gain":0,"max_hp_loss":0,"event_name":"Big Fish","floor":2,"gold_loss":0,"cards_obtained":["Regret"]},{"cards_removed":["Defend_G"],"damage_healed":0,"gold_gain":0,"player_choice":"Card Removal","damage_taken":7,"max_hp_gain":0,"max_hp_loss":0,"event_name":"Golden Wing","floor":4,"gold_loss":0},{"cards_removed":["Strike_G"],"damage_healed":0,"gold_gain":0,"player_choice":"Offered Basic","damage_taken":0,"max_hp_gain":0,"max_hp_loss":0,"event_name":"Bonfire Elementals","floor":7,"gold_loss":0},{"damage_healed":0,"gold_gain":0,"player_choice":"Fought Mushrooms","damage_taken":0,"max_hp_gain":0,"max_hp_loss":0,"event_name":"Mushrooms","floor":12,"gold_loss":0},{"damage_healed":0,"gold_gain":0,"player_choice":"Read","damage_taken":0,"max_hp_gain":0,"max_hp_loss":0,"event_name":"The Library","floor":19,"gold_loss":0,"cards_obtained":["Toxin Wave"]},{"damage_healed":0,"gold_gain":0,"player_choice":"Fought Bandits","damage_taken":0,"max_hp_gain":0,"max_hp_loss":0,"event_name":"Masked Bandits","floor":20,"gold_loss":0},{"damage_healed":0,"gold_gain":0,"player_choice":"Stole Relic","damage_taken":0,"relics_obtained":["Quantum Egg"],"max_hp_gain":0,"max_hp_loss":0,"event_name":"Addict","floor":24,"gold_loss":0,"cards_obtained":["Shame"]},{"cards_removed":["Survivor"],"damage_healed":0,"gold_gain":0,"player_choice":"Removed Skill","damage_taken":0,"max_hp_gain":0,"max_hp_loss":0,"event_name":"Falling","floor":36,"gold_loss":0},{"damage_healed":0,"gold_gain":0,"player_choice":"Memory 1","damage_taken":0,"max_hp_gain":0,"max_hp_loss":0,"event_name":"SensoryStone","floor":37,"gold_loss":0},{"damage_healed":0,"gold_gain":0,"player_choice":"Fight","damage_taken":0,"max_hp_gain":0,"max_hp_loss":0,"event_name":"Mysterious Sphere","floor":39,"gold_loss":0},{"damage_healed":0,"gold_gain":0,"player_choice":"Got Potions","damage_taken":0,"max_hp_gain":0,"max_hp_loss":0,"event_name":"Lab","floor":48,"gold_loss":0}],"is_beta":false,"boss_relics":[{"not_picked":["Snecko Eye","Runic Dome"],"picked":"Empty Cage"},{"not_picked":["vexMod:DeviousBotling","Snecko Scales"],"picked":"WristBlade"}],"items_purged_floors":[3,3,3,3,14,14,14,21,21,21,27,38,42,42,42,42,47],"is_endless":false,"potions_floor_spawned":[1,1,8,11,11,11,13,13,13,16,18,25,25,29,29,30,30,33,33,35,39,45,45,54,54],"ascension_level":2}}