{"host":"t7mx8yfj1no5p62f","time":1609958614,"event":{"mods":["BaseMod","Colored Map","Colored Powertips","Minty Spire (QoL Compilation)","Relic Stats","StSLib"],"gold_per_floor":[19,294,310,321,321,321,335,370,370,94,124,124,159,184,184,277,277,298,298,321,345,42,42,67,105,129,169,169,187,34,47,47,140,203,222,222,222,235,51,90,90,128,154,487,512,525,286,305,305,305,305,305,305,63,95,95],"floor_reached":57,"playtime":3982,"items_purged":["Regret","Strike_G+1","Strike_G+1","Skewer"],"score":2996,"play_id":"cb0030df-cbdf-4af0-9758-8a23ba496828","local_time":"20210106134334","is_ascension_mode":true,"campfire_choices":[{"data":"Dagger Throw","floor":6.0,"key":"SMITH"},{"data":"Noxious Fumes","floor":15.0,"key":"SMITH"},{"data":"Catalyst","floor":23.0,"key":"SMITH"},{"data":"Doppelganger","floor":28,"key":"SMITH"},{"data":"Well Laid Plans","floor":32,"key":"SMITH"},{"floor":49,"key":"RECALL"},{"data":"Calculated Gamble","floor":53,"key":"SMITH"}],"circlet_count":0,"master_deck":["AscendersBane","Defend_G+1","Defend_G+1","Defend_G+1","Defend_G+1","Defend_G+1","Survivor","Neutralize","After Image+1","Dagger Throw+1","Noxious Fumes+1","Well Laid Plans+1","Blade Dance","Concentrate","Catalyst+1","Doppelganger+1","Wraith Form v2+1","Acrobatics+1","A Thousand Cuts+1","PiercingWail","Calculated Gamble+1","Footwork","Outmaneuver","After Image","Blade Dance","PiercingWail","Panache","Finesse","Flash of Steel","Sucker Punch+1","Catalyst","After Image","Calculated Gamble+1","Catalyst","Reflex+1","Acrobatics","Reflex","Calculated Gamble"],"relics":["Ring of the Snake","Strawberry","Anchor","Membership Card","Letter Opener","Bird Faced Urn","Astrolabe","Snake Skull","Ornamental Fan","MealTicket","Blood Vial","Ancient Tea Set","Paper Crane","Tiny House","Toolbox","Sundial","HornCleat","Lantern","Happy Flower","Bag of Preparation","Orrery","Lizard Tail","Frozen Eye","Art of War"],"acts_visited":["Exordium","TheCity","TheBeyond","TheEnding"],"potions_floor_usage":[27,35,42,56,56],"damage_taken":[{"damage":8.0,"enemies":"Jaw Worm","floor":1.0,"turns":7.0},{"damage":3.0,"enemies":"Cultist","floor":3.0,"turns":4.0},{"damage":1.0,"enemies":"2 Louse","floor":4.0,"turns":3.0},{"damage":3.0,"enemies":"Looter","floor":7.0,"turns":4.0},{"damage":22.0,"enemies":"Lagavulin","floor":8.0,"turns":9.0},{"damage":14.0,"enemies":"3 Sentries","floor":11.0,"turns":9.0},{"damage":1.0,"enemies":"Lagavulin","floor":13.0,"turns":6.0},{"damage":3.0,"enemies":"Exordium Wildlife","floor":14.0,"turns":4.0},{"damage":28.0,"enemies":"The Guardian","floor":16.0,"turns":10.0},{"damage":16.0,"enemies":"Shell Parasite","floor":18.0,"turns":7.0},{"damage":8.0,"enemies":"3 Byrds","floor":20.0,"turns":4.0},{"damage":5.0,"enemies":"3 Cultists","floor":21.0,"turns":6.0},{"damage":22,"enemies":"Book of Stabbing","floor":25,"turns":7},{"damage":19,"enemies":"Slavers","floor":27,"turns":6},{"damage":0,"enemies":"Centurion and Healer","floor":29,"turns":7},{"damage":0,"enemies":"Sentry and Sphere","floor":31,"turns":6},{"damage":0,"enemies":"Automaton","floor":33,"turns":9},{"damage":8,"enemies":"3 Shapes","floor":35,"turns":4},{"damage":5,"enemies":"Orb Walker","floor":38,"turns":7},{"damage":33,"enemies":"Giant Head","floor":40,"turns":9},{"damage":0,"enemies":"Reptomancer","floor":42,"turns":8},{"damage":2,"enemies":"Nemesis","floor":45,"turns":7},{"damage":1,"enemies":"Maw","floor":46,"turns":6},{"damage":0,"enemies":"Transient","floor":48,"turns":6},{"damage":16,"enemies":"Time Eater","floor":50,"turns":15},{"damage":60,"enemies":"Awakened One","floor":51,"turns":21},{"damage":61,"enemies":"Shield and Spear","floor":55,"turns":8},{"damage":57,"enemies":"The Heart","floor":56,"turns":8}],"seed_played":"-6255646729145839012","potions_obtained":[{"floor":3.0,"key":"ColorlessPotion"},{"floor":7.0,"key":"Energy Potion"},{"floor":11.0,"key":"Strength Potion"},{"floor":14.0,"key":"SteroidPotion"},{"floor":18.0,"key":"Swift Potion"},{"floor":29,"key":"SkillPotion"},{"floor":34,"key":"PowerPotion"},{"floor":40,"key":"PowerPotion"},{"floor":45,"key":"CunningPotion"},{"floor":48,"key":"DuplicationPotion"}],"is_trial":false,"path_per_floor":["M","?","M","M","?","R","M","E","T","$","E","?","E","M","R","B",null,"M","?","M","M","$","R","T","E","T","E","R","M","$","M","R","B",null,"M","?","?","M","$","E","?","E","T","?","E","M","$","M","R","B","B",null,"R","$","E","B",null],"character_chosen":"THE_SILENT","items_purchased":["Membership Card","Poison Potion","Concentrate","Snake Skull","Ornamental Fan","Explosive Potion","Footwork","Paper Crane","Catalyst","Toolbox","Bag of Preparation","Orrery","Lizard Tail","Frozen Eye"],"campfire_rested":0,"item_purchase_floors":[10,10,10,22,22,22,30,30,39,39,47,47,54,54],"current_hp_per_floor":[51,51,48,47,66,66,63,48,48,48,34,34,33,36,36,14,53,45,45,45,50,50,50,50,38,38,29,29,41,56,66,66,66,71,65,65,55,68,71,44,44,66,66,66,71,71,71,71,71,59,19,58,58,71,14,33],"gold":95,"neow_bonus":"THREE_RARE_CARDS","is_daily":false,"chose_seed":false,"campfire_upgraded":6,"win_rate":0.0,"timestamp":1609958614,"path_taken":["M","?","?","M","?","R","M","E","T","$","E","?","E","M","R","BOSS","M","?","M","M","$","R","?","E","T","E","R","?","?","M","R","BOSS","M","?","?","M","?","E","?","E","T","?","E","?","$","M","R","BOSS","BOSS","R","$","E","BOSS"],"items_purchased_type":["Relic","Potion","Card","Relic","Relic","Potion","Card","Relic","Card","Relic","Relic","Relic","Relic","Relic"],"build_version":"2020-12-22","purchased_purges":4,"victory":true,"max_hp_per_floor":[66,66,66,66,66,66,66,73,73,73,73,66,66,66,66,66,66,66,66,66,66,66,66,66,66,66,66,66,66,66,66,66,66,71,71,71,71,71,71,71,71,71,71,71,71,71,71,71,71,71,71,71,71,71,71,71],"relic_stats":{"Happy Flower":[21],"counters":[28,207],"Astrolabe":["Wraith Form v2","Acrobatics","A Thousand Cuts"],"Snake Skull":[138],"Bag of Preparation":[10],"Letter Opener":[552],"Blood Vial":16,"Lizard Tail":35,"Ornamental Fan":[316],"Sundial":[20],"Bird Faced Urn":[172],"MealTicket":31,"Art of War":[1],"obtain_stats":[{"Lantern":43,"Tiny House":34,"Snake Skull":22,"Bag of Preparation":47,"Ancient Tea Set":27,"Blood Vial":26,"Frozen Eye":54,"Lizard Tail":54,"HornCleat":42,"Sundial":40,"Strawberry":8,"Toolbox":39,"MealTicket":25,"Ring of the Snake":0,"Happy Flower":45,"Golden Idol":12,"Astrolabe":17,"Letter Opener":11,"Paper Crane":30,"Anchor":9,"Ornamental Fan":22,"Bird Faced Urn":13,"Orrery":47,"Art of War":55,"Membership Card":10},{"Lantern":21,"Tiny House":17,"Snake Skull":12,"Bag of Preparation":23,"Ancient Tea Set":14,"Blood Vial":13,"Frozen Eye":26,"Lizard Tail":26,"HornCleat":21,"Sundial":20,"Strawberry":5,"Toolbox":19,"MealTicket":13,"Ring of the Snake":0,"Happy Flower":22,"Golden Idol":6,"Astrolabe":9,"Letter Opener":6,"Paper Crane":15,"Anchor":5,"Ornamental Fan":12,"Bird Faced Urn":7,"Orrery":23,"Art of War":27,"Membership Card":5},{"Lantern":136,"Tiny House":108,"Snake Skull":73,"Bag of Preparation":149,"Ancient Tea Set":86,"Blood Vial":80,"Frozen Eye":191,"Lizard Tail":191,"HornCleat":136,"Sundial":128,"Strawberry":27,"Toolbox":119,"MealTicket":80,"Ring of the Snake":0,"Happy Flower":143,"Golden Idol":36,"Astrolabe":56,"Letter Opener":36,"Paper Crane":93,"Anchor":27,"Ornamental Fan":73,"Bird Faced Urn":42,"Orrery":149,"Art of War":199,"Membership Card":27}],"Ring of the Snake":[56]},"card_choices":[{"not_picked":["A Thousand Cuts","Adrenaline"],"picked":"After Image","floor":0.0},{"not_picked":["Well Laid Plans","Poisoned Stab"],"picked":"Dagger Throw","floor":1.0},{"not_picked":["Outmaneuver","Flechettes"],"picked":"Noxious Fumes","floor":3.0},{"not_picked":["Heel Hook","Dodge and Roll"],"picked":"Well Laid Plans","floor":4.0},{"not_picked":["Well Laid Plans","Outmaneuver"],"picked":"Skewer","floor":7.0},{"not_picked":["Predator","Backflip"],"picked":"Blade Dance","floor":8.0},{"not_picked":["Setup","Reflex","Poisoned Stab"],"picked":"SKIP","floor":11.0},{"not_picked":["Dagger Throw","Quick Slash"],"picked":"Catalyst","floor":13.0},{"not_picked":["Bane","Finisher","Blade Dance"],"picked":"SKIP","floor":14.0},{"not_picked":["Envenom","Phantasmal Killer"],"picked":"Doppelganger","floor":16.0},{"not_picked":["Setup","Endless Agony","Quick Slash"],"picked":"SKIP","floor":18.0},{"not_picked":["Dagger Spray+1","Predator","Dodge and Roll"],"picked":"SKIP","floor":20.0},{"not_picked":["Expertise","All Out Attack"],"picked":"Deflect","floor":21.0},{"not_picked":["Distraction","Endless Agony"],"picked":"PiercingWail","floor":25},{"not_picked":["Caltrops","Dash"],"picked":"Calculated Gamble","floor":27},{"not_picked":["Slice","Choke+1","Dagger Throw"],"picked":"SKIP","floor":29},{"not_picked":["Heel Hook+1","Underhanded Strike"],"picked":"Outmaneuver","floor":31},{"not_picked":["Die Die Die","Unload"],"picked":"After Image","floor":33},{"not_picked":["Accuracy","Quick Slash"],"picked":"Blade Dance","floor":34},{"not_picked":["Quick Slash","Cloak And Dagger"],"picked":"PiercingWail","floor":35},{"not_picked":["Mind Blast","Chrysalis"],"picked":"Panache","floor":37},{"not_picked":["Discovery","Magnetism"],"picked":"Finesse","floor":37},{"not_picked":["Mind Blast","Swift Strike"],"picked":"Flash of Steel","floor":37},{"not_picked":["All Out Attack+1","Skewer"],"picked":"Sucker Punch+1","floor":38},{"not_picked":["Dodge and Roll","Dash"],"picked":"After Image","floor":40},{"not_picked":["Poisoned Stab","Corpse Explosion"],"picked":"Calculated Gamble+1","floor":42},{"not_picked":["Prepared","Glass Knife","Flechettes"],"picked":"SKIP","floor":45},{"not_picked":["Dagger Spray","Sucker Punch"],"picked":"Catalyst","floor":46},{"not_picked":["Catalyst+1","Accuracy+1"],"picked":"Reflex+1","floor":47},{"not_picked":["Poisoned Stab","Blade Dance"],"picked":"Acrobatics","floor":47},{"not_picked":["Skewer+1","Blade Dance"],"picked":"Reflex","floor":48},{"not_picked":["Catalyst","Bane"],"picked":"Calculated Gamble","floor":55}],"player_experience":1668169,"relics_obtained":[{"floor":8.0,"key":"Strawberry"},{"floor":9.0,"key":"Anchor"},{"floor":11.0,"key":"Letter Opener"},{"floor":13.0,"key":"Bird Faced Urn"},{"floor":25,"key":"MealTicket"},{"floor":26,"key":"Blood Vial"},{"floor":27,"key":"Ancient Tea Set"},{"floor":40,"key":"Sundial"},{"floor":42,"key":"HornCleat"},{"floor":43,"key":"Lantern"},{"floor":45,"key":"Happy Flower"},{"floor":55,"key":"Art of War"}],"event_choices":[{"damage_healed":0.0,"max_hp_gain":0.0,"max_hp_loss":0.0,"gold_gain":275.0,"event_name":"Golden Shrine","player_choice":"Desecrate","floor":2.0,"gold_loss":0.0,"damage_taken":0.0,"cards_obtained":["Regret"]},{"damage_healed":22.0,"max_hp_gain":0.0,"max_hp_loss":0.0,"gold_gain":0.0,"event_name":"Big Fish","player_choice":"Banana","floor":5.0,"gold_loss":0.0,"damage_taken":0.0},{"damage_healed":0.0,"max_hp_gain":0.0,"max_hp_loss":7.0,"gold_gain":0.0,"event_name":"Golden Idol","player_choice":"Lose Max HP","floor":12.0,"gold_loss":0.0,"damage_taken":0.0,"relics_obtained":["Golden Idol"]},{"damage_healed":0.0,"max_hp_gain":0.0,"max_hp_loss":0.0,"gold_gain":0.0,"event_name":"Back to Basics","player_choice":"Simplicity","floor":19.0,"gold_loss":0.0,"damage_taken":0.0,"cards_upgraded":["Strike_G","Strike_G","Defend_G","Defend_G","Defend_G","Defend_G","Defend_G"]},{"cards_removed":["Deflect"],"damage_healed":0,"gold_gain":0,"player_choice":"Removed Skill","damage_taken":0,"max_hp_gain":0,"max_hp_loss":0,"event_name":"Falling","floor":36,"gold_loss":0},{"damage_healed":0,"gold_gain":0,"player_choice":"Memory 3","damage_taken":10,"max_hp_gain":0,"max_hp_loss":0,"event_name":"SensoryStone","floor":37,"gold_loss":0},{"damage_healed":0,"gold_gain":0,"player_choice":"Ignored","damage_taken":0,"max_hp_gain":0,"max_hp_loss":0,"event_name":"Tomb of Lord Red Mask","floor":41,"gold_loss":0},{"damage_healed":0,"gold_gain":333,"player_choice":"Gave Idol","damage_taken":0,"max_hp_gain":0,"max_hp_loss":0,"event_name":"The Moai Head","floor":44,"relics_lost":["Golden Idol"],"gold_loss":0}],"is_beta":false,"boss_relics":[{"not_picked":["Runic Pyramid","Ring of the Serpent"],"picked":"Astrolabe"},{"not_picked":["WristBlade","Snecko Eye"],"picked":"Tiny House"}],"items_purged_floors":[10,22,39,47],"is_endless":false,"potions_floor_spawned":[3,7,11,14,18,20,29,40,45,46,48],"ascension_level":20}}