{"host":"1727esdpy9dv678r","time":1609914916,"event":{"mods":["BaseMod","Downfall","Googly Eyes","Minty Spire (QoL Compilation)","StSLib","The Bug Knight","The Servant 0.9.4"],"gold_per_floor":[99,99,99,99,22,22,22,22,36,66,76,95,95,9,25,126,126,126,226,226,240,259,259,259,259],"floor_reached":23,"playtime":1624,"items_purged":[],"score":187,"play_id":"938272b0-be92-4f40-8d5b-16a174052f87","local_time":"20210105223516","is_ascension_mode":false,"campfire_choices":[{"floor":1,"key":"RECALL"},{"data":"Guardian:PrismaticBeam","floor":8,"key":"SMITH"},{"floor":18,"key":"REST"}],"circlet_count":0,"master_deck":["Guardian:Defend_Guardian","Guardian:Defend_Guardian","Guardian:Defend_Guardian","Guardian:Defend_Guardian","Guardian:CurlUp","Guardian:TwinSlam","Guardian:ChargeCore","Guardian:PrismaticBeam+1","Guardian:DonusPower","Guardian:WalkerClaw","Guardian:Gem_Cyan","Guardian:Gem_White","Guardian:Gem_Cyan","Guardian:RollAttack","Guardian:PrimingBeam","Guardian:BaubleBeam","J.A.X.","Guardian:ShieldCharger","Guardian:RefractedBeam","Guardian:Gem_Lightblue","Guardian:BaubleBeam"],"relics":["Guardian:ModeShifter","downfall:HeartsMalice","Ornamental Fan","Ancient Tea Set","Empty Cage","MutagenicStrength"],"acts_visited":["Exordium","TheCity"],"potions_floor_usage":[14,16,16,16,21,22,23],"damage_taken":[{"damage":0,"enemies":"Cultist","floor":2,"turns":1},{"damage":0,"enemies":"2 Louse","floor":4,"turns":1},{"damage":0,"enemies":"downfall:FleeingMerchant","floor":5,"turns":1},{"damage":0,"enemies":"Jaw Worm","floor":9,"turns":3},{"damage":16,"enemies":"Gremlin Nob","floor":10,"turns":4},{"damage":23,"enemies":"Large Slime","floor":11,"turns":5},{"damage":0,"enemies":"Exordium Wildlife","floor":12,"turns":2},{"damage":6,"enemies":"downfall:FleeingMerchant","floor":14,"turns":4},{"damage":12,"enemies":"Blue Slaver","floor":15,"turns":3},{"damage":12,"enemies":"downfall:Watcher","floor":16,"turns":6},{"damage":45,"enemies":"downfall:Augmenter","floor":19,"turns":7},{"damage":0,"enemies":"Chosen","floor":20,"turns":1},{"damage":10,"enemies":"3 Byrds","floor":21,"turns":4},{"damage":12,"enemies":"Shelled Parasite and Fungi","floor":22,"turns":4},{"damage":16,"enemies":"Gremlin Leader","floor":23,"turns":3}],"seed_played":"3467326994276909690","potions_obtained":[{"floor":6,"key":"FearPotion"},{"floor":6,"key":"DistilledChaos"},{"floor":6,"key":"Dexterity Potion"},{"floor":11,"key":"SteroidPotion"},{"floor":15,"key":"EssenceOfSteel"},{"floor":16,"key":"DistilledChaos"},{"floor":19,"key":"PowerPotion"},{"floor":21,"key":"Energy Potion"}],"is_trial":false,"path_per_floor":["R","M","?","M","$","?","T","R","M","E","M","M","?","$","M","B",null,"R","?","M","M","M","E"],"character_chosen":"GUARDIAN","items_purchased":["Guardian:PrismaticBeam","Guardian:Gem_Cyan","Guardian:RollAttack"],"campfire_rested":1,"item_purchase_floors":[5,14,14],"current_hp_per_floor":[80,80,80,80,80,80,80,80,80,64,41,41,38,32,20,8,80,80,35,35,25,13,0,0,0],"gold":259,"neow_bonus":"THREE_ENEMY_KILL","is_daily":false,"chose_seed":false,"campfire_upgraded":1,"win_rate":0.0,"timestamp":1609914916,"path_taken":["R","M","?","M","$","?","T","R","?","E","M","M","?","?","M","BOSS","R","?","M","M","M","E"],"items_purchased_type":["Card","Card","Card"],"build_version":"2020-12-22","purchased_purges":0,"victory":false,"max_hp_per_floor":[80,80,80,80,80,80,80,80,80,80,80,80,80,80,80,80,80,80,80,80,80,80,80,80,80],"card_choices":[{"not_picked":["Guardian:ChargeUp","Guardian:PrimingBeam"],"picked":"Guardian:Gem_Green","floor":2},{"not_picked":["Guardian:Preprogram","Guardian:MultiBeam"],"picked":"Guardian:Gem_Green","floor":4},{"not_picked":["Guardian:ShieldCharger","Guardian:Gem_Crimson"],"picked":"Guardian:ChargeCore","floor":5},{"not_picked":["Guardian:DecasProtection","Guardian:ArmoredProtocol"],"picked":"Guardian:Gem_Fragmented","floor":9},{"not_picked":["Guardian:SphericShield","Guardian:ShieldSpikes"],"picked":"Guardian:DonusPower","floor":10},{"not_picked":["Guardian:TimeCapacitor","Guardian:Gem_Green"],"picked":"Guardian:WalkerClaw","floor":11},{"not_picked":["Guardian:MultiBeam","Guardian:Incinerate"],"picked":"Guardian:Gem_Cyan","floor":12},{"not_picked":["Guardian:TemporalShield","Guardian:Preprogram"],"picked":"Guardian:Gem_White","floor":14},{"not_picked":["Guardian:DecasProtection","Guardian:Gem_Red"],"picked":"Guardian:PrimingBeam","floor":15},{"not_picked":["Guardian:StasisStrike","Guardian:TimeSifter"],"picked":"Guardian:BaubleBeam","floor":16},{"not_picked":[],"picked":"J.A.X.","floor":19},{"not_picked":["Guardian:Gem_Green","Guardian:DecasProtection+1"],"picked":"Guardian:Gem_Lightblue","floor":20},{"not_picked":["Guardian:SentryBeam","Guardian:PrimingBeam+1","Guardian:Incinerate"],"picked":"SKIP","floor":21},{"not_picked":["Guardian:Gem_Lightblue","Guardian:Preprogram"],"picked":"Guardian:BaubleBeam","floor":22}],"player_experience":49851,"relics_obtained":[{"floor":10,"key":"Ornamental Fan"},{"floor":19,"key":"MutagenicStrength"}],"event_choices":[{"damage_healed":0,"gold_gain":0,"player_choice":"Got Potions","damage_taken":0,"max_hp_gain":0,"max_hp_loss":0,"event_name":"Lab","floor":6,"gold_loss":0},{"damage_healed":0,"gold_gain":0,"player_choice":"Success","damage_taken":3,"relics_obtained":["Ancient Tea Set"],"max_hp_gain":0,"max_hp_loss":0,"event_name":"Scrap Ooze","floor":13,"gold_loss":0}],"is_beta":false,"boss_relics":[{"not_picked":["downfall:Hecktoplasm","Guardian:ModeShifterPlus"],"picked":"Empty Cage"}],"items_purged_floors":[],"is_endless":false,"potions_floor_spawned":[9,11,15,16,19,21],"killed_by":"Gremlin Leader","ascension_level":0}}