{"host":"qgpuimdto8vl2dfg","time":1609945587,"event":{"mods":["Act Like it!","BaseMod","Colored Powertips","Gensokyo","KinomotoSakuraMod(木之本樱)","Koishi","Minty Spire (QoL Compilation)","Quick Restart","Relic Stats","Remilia（蕾米莉亚）","Replay The Spire","Shop Mod","StSLib"],"gold_per_floor":[18,18,30,54,54,86,100,130,130,80,80,112,112,122,122,122,122],"floor_reached":16,"playtime":821,"items_purged":[],"score":113,"play_id":"506e3ffb-fd3f-4c84-9bb6-1d9c11753433","local_time":"20210106230627","is_ascension_mode":true,"campfire_choices":[{"data":"CeilingFear","floor":15,"key":"SMITH"}],"circlet_count":0,"master_deck":["Strike_RM","Strike_RM","Defend_RM","Defend_RM","Defend_RM","Defend_RM","RedMoon","ScarletShoot","BloodyTrap","CeilingFear+1","VampireFantasy"],"relics":["ScarletHat","Incense Burner","Potion Belt","Centennial Puzzle","AntiCross","Bottled Lightning","Omamori","BranchBurnRelic"],"acts_visited":[],"potions_floor_usage":[],"damage_taken":[{"damage":0.0,"enemies":"2 Louse","floor":1.0,"turns":3.0},{"damage":0.0,"enemies":"Jaw Worm","floor":3.0,"turns":7.0},{"damage":39.0,"enemies":"Gremlin Nob","floor":6.0,"turns":8.0},{"damage":0.0,"enemies":"Small Slimes","floor":7.0,"turns":5.0},{"damage":27.0,"enemies":"Lagavulin","floor":12.0,"turns":7.0},{"damage":2,"enemies":"Blue Slaver","floor":14,"turns":3},{"damage":44,"enemies":"Slime Boss","floor":16,"turns":12}],"seed_played":"-8373451868432858300","potions_obtained":[{"floor":6.0,"key":"SteroidPotion"},{"floor":7.0,"key":"ColorlessPotion"}],"is_trial":false,"path_per_floor":["M","?","M","T","?","E","M","?","T","?","$","E","T","M","R","B"],"character_chosen":"REMILIA","items_purchased":[],"campfire_rested":0,"item_purchase_floors":[],"current_hp_per_floor":[75,75,75,75,75,36,40,40,40,40,40,22,22,22,22,0,0],"gold":122,"neow_bonus":"ONE_RARE_RELIC","is_daily":false,"chose_seed":false,"campfire_upgraded":1,"win_rate":0.0,"timestamp":1609945587,"path_taken":["M","?","M","?","?","E","?","?","T","?","$","E","?","M","R","BOSS"],"items_purchased_type":[],"build_version":"2020-12-22","purchased_purges":0,"victory":false,"max_hp_per_floor":[75,75,75,75,75,75,75,75,75,75,75,75,75,75,75,75,75],"relic_stats":{"Centennial Puzzle":[9],"counters":[6,42],"obtain_stats":[{"Potion Belt":4,"BranchBurnRelic":15,"Centennial Puzzle":6,"Dead Branch":9,"AntiCross":8,"Incense Burner":0,"Omamori":13,"Bottled Lightning":12,"ScarletHat":0},{"Potion Belt":1,"BranchBurnRelic":5,"Centennial Puzzle":2,"Dead Branch":3,"AntiCross":3,"Incense Burner":0,"Omamori":4,"Bottled Lightning":4,"ScarletHat":0},{"Potion Belt":7,"BranchBurnRelic":30,"Centennial Puzzle":15,"Dead Branch":20,"AntiCross":20,"Incense Burner":0,"Omamori":27,"Bottled Lightning":27,"ScarletHat":0}]},"card_choices":[{"not_picked":["ScarletImprint","GlobalNightmare","BombardNight"],"picked":"SKIP","floor":1.0},{"not_picked":["ScarletNetherworld","CharismaGuard"],"picked":"BloodyTrap","floor":3.0},{"not_picked":["NightDance","ScarletImprint","MastersStateliness"],"picked":"SKIP","floor":6.0},{"not_picked":["ScarletDevil","VampireKiss","Stigmanizer"],"picked":"SKIP","floor":7.0},{"not_picked":["ScarletDevil","VampireKiss","Stigmanizer"],"picked":"SKIP","floor":7.0},{"not_picked":["ScarletDevil","UltimateOffering"],"picked":"CeilingFear","floor":12},{"not_picked":["UltimateOffering","VampireKiss"],"picked":"VampireFantasy","floor":14}],"player_experience":462202,"relics_obtained":[{"floor":4.0,"key":"Potion Belt"},{"floor":6.0,"key":"Centennial Puzzle"},{"floor":9.0,"key":"Dead Branch"},{"floor":12,"key":"Bottled Lightning"},{"floor":13,"key":"Omamori"}],"event_choices":[{"cards_removed":["Strike_RM"],"damage_healed":0.0,"max_hp_gain":0.0,"max_hp_loss":0.0,"gold_gain":0.0,"event_name":"Living Wall","player_choice":"Forget","floor":2.0,"gold_loss":0.0,"damage_taken":0.0},{"damage_healed":0.0,"max_hp_gain":0.0,"max_hp_loss":0.0,"gold_gain":0.0,"event_name":"Liars Game","player_choice":"Ignored","floor":5.0,"gold_loss":0.0,"damage_taken":0.0},{"damage_healed":0.0,"max_hp_gain":0.0,"max_hp_loss":0.0,"gold_gain":30.0,"event_name":"Dead Adventurer","player_choice":"Searched \u00272\u0027 times","floor":8.0,"gold_loss":0.0,"damage_taken":0.0,"relics_obtained":["AntiCross"]},{"cards_removed":["Strike_RM"],"damage_healed":0.0,"max_hp_gain":0.0,"max_hp_loss":0.0,"gold_gain":0.0,"event_name":"The Cleric","player_choice":"Card Removal","floor":10.0,"gold_loss":50.0,"damage_taken":0.0}],"is_beta":false,"boss_relics":[],"items_purged_floors":[],"is_endless":false,"potions_floor_spawned":[6,7],"killed_by":"Slime Boss","ascension_level":1}}