{"host":"pf47v7h0307523iy","time":1609955627,"event":{"mods":["BaseMod","Minty Spire (QoL Compilation)"],"gold_per_floor":[116,116,116,0,12,38,38,38,38,88,99,99,125,50,50,123,123,99,99,14,14,32,32,32,32],"floor_reached":24,"playtime":1022,"items_purged":[],"score":500,"play_id":"9dd3e38b-b9cf-4bcc-98e3-529d6350ef3a","local_time":"20210106195347","is_ascension_mode":true,"campfire_choices":[{"floor":8,"key":"REST"},{"data":"Zap","floor":12,"key":"SMITH"},{"data":"Loop","floor":15,"key":"SMITH"},{"floor":23,"key":"REST"}],"circlet_count":0,"master_deck":["AscendersBane","Defend_B","Defend_B","Defend_B","Zap+1","Dualcast","Compile Driver","Glacier","Loop+1","Sweeping Beam","Conserve Battery","Ball Lightning","Coolheaded","Echo Form","Steam Power+1","Conserve Battery+1","Aggregate+1","Conserve Battery","Necronomicurse","Go for the Eyes"],"relics":["Cracked Core","NeowsBlessing","DataDisk","PreservedInsect","Sundial","Gambling Chip","Astrolabe","Necronomicon","Shuriken"],"acts_visited":["Exordium","TheCity"],"potions_floor_usage":[18],"damage_taken":[{"damage":0,"enemies":"Small Slimes","floor":1,"turns":1},{"damage":0,"enemies":"Jaw Worm","floor":5,"turns":1},{"damage":0,"enemies":"3 Sentries","floor":6,"turns":1},{"damage":2,"enemies":"2 Louse","floor":11,"turns":2},{"damage":0,"enemies":"Lagavulin","floor":13,"turns":4},{"damage":12,"enemies":"Slime Boss","floor":16,"turns":9},{"damage":7,"enemies":"2 Thieves","floor":18,"turns":4},{"damage":5,"enemies":"Shell Parasite","floor":22,"turns":6},{"damage":53,"enemies":"Slavers","floor":24,"turns":6}],"seed_played":"1801069578651945914","potions_obtained":[{"floor":11,"key":"FearPotion"},{"floor":13,"key":"LiquidMemories"}],"is_trial":false,"path_per_floor":["M","?","?","$","M","E","$","R","T","?","M","R","E","?","R","B",null,"M","?","?","$","M","R","E"],"character_chosen":"DEFECT","items_purchased":["Glacier","Loop"],"campfire_rested":2,"item_purchase_floors":[4,4],"current_hp_per_floor":[64,29,22,22,22,22,22,43,43,43,41,41,41,41,41,29,61,54,33,33,33,28,49,0,0],"gold":32,"neow_bonus":"THREE_ENEMY_KILL","is_daily":false,"chose_seed":false,"campfire_upgraded":2,"win_rate":0.0,"timestamp":1609955627,"path_taken":["M","?","?","$","M","E","?","R","T","?","?","R","E","?","R","BOSS","M","?","?","?","M","R","E"],"items_purchased_type":["Card","Card"],"build_version":"2020-12-22","purchased_purges":0,"victory":false,"max_hp_per_floor":[71,71,71,71,71,71,71,71,71,71,71,71,71,71,71,71,71,71,71,71,71,71,71,71,71],"card_choices":[{"not_picked":["Hologram","Redo"],"picked":"Compile Driver","floor":1},{"not_picked":["Steam Power","Force Field"],"picked":"Sweeping Beam","floor":5},{"not_picked":["Barrage","Turbo"],"picked":"Conserve Battery","floor":6},{"not_picked":["Hello World","Chill"],"picked":"Ball Lightning","floor":11},{"not_picked":["Turbo","Tempest"],"picked":"Coolheaded","floor":13},{"not_picked":["Rainbow","Biased Cognition"],"picked":"Echo Form","floor":16},{"not_picked":["Barrage","Skim"],"picked":"Conserve Battery","floor":18},{"not_picked":["Blizzard","Rebound"],"picked":"Go for the Eyes","floor":22}],"player_experience":1589875,"relics_obtained":[{"floor":6,"key":"PreservedInsect"},{"floor":9,"key":"Sundial"},{"floor":13,"key":"Gambling Chip"},{"floor":19,"key":"Necronomicon"}],"event_choices":[{"damage_healed":0,"gold_gain":0,"player_choice":"Success","damage_taken":35,"relics_obtained":["DataDisk"],"max_hp_gain":0,"max_hp_loss":0,"event_name":"Scrap Ooze","floor":2,"gold_loss":0},{"cards_removed":["Strike_B"],"damage_healed":0,"gold_gain":0,"player_choice":"Card Removal","damage_taken":7,"max_hp_gain":0,"max_hp_loss":0,"event_name":"Golden Wing","floor":3,"gold_loss":0},{"damage_healed":0,"gold_gain":50,"player_choice":"Pray","damage_taken":0,"max_hp_gain":0,"max_hp_loss":0,"event_name":"Golden Shrine","floor":10,"gold_loss":0},{"cards_removed":["Strike_B"],"damage_healed":0,"gold_gain":0,"player_choice":"Card Removal","damage_taken":0,"max_hp_gain":0,"max_hp_loss":0,"event_name":"The Cleric","floor":14,"gold_loss":75},{"damage_healed":0,"gold_gain":0,"player_choice":"Obtained Book","damage_taken":21,"max_hp_gain":0,"max_hp_loss":0,"event_name":"Cursed Tome","floor":19,"gold_loss":0},{"damage_healed":0,"gold_gain":0,"player_choice":"Obtained Relic","damage_taken":0,"relics_obtained":["Shuriken"],"max_hp_gain":0,"max_hp_loss":0,"event_name":"Addict","floor":20,"gold_loss":85}],"is_beta":false,"boss_relics":[{"not_picked":["Tiny House","Empty Cage"],"picked":"Astrolabe"}],"items_purged_floors":[],"is_endless":false,"potions_floor_spawned":[11,13],"killed_by":"Slavers","ascension_level":20}}