{"host":"5fasz840ryq7obdf","time":1609951538,"event":{"mods":["2.2 Compatiblity","AchievementEnabler","BaseMod","Bestiary","Better Altar","Better Skull","Better Third Choice","BetterRewards","Block Reminder","Colored Powertips","Curses Come First","Downfall","Minty Spire (QoL Compilation)","Quick Restart","Relic Sorter","Relic Stats","Shop Mod","Spicy Shops","StSLib","SuperFastMode","ojb\u0027s Better Paths Mod","ojb\u0027s Info Mod"],"gold_per_floor":[109,109,121,38,38,78,78,121,176,210,210,254,254,273,273,273,273],"floor_reached":16,"playtime":462,"items_purged":[],"score":302,"play_id":"9ee4bcef-92cf-4e55-a8cb-01e1886fa983","local_time":"20210106164538","is_ascension_mode":true,"campfire_choices":[{"data":"Fiend Fire","floor":11,"key":"SMITH"},{"floor":13,"key":"REST"},{"data":"Bash","floor":15,"key":"SMITH"}],"circlet_count":0,"master_deck":["AscendersBane","Strike_R","Strike_R","Strike_R","Strike_R","Strike_R","Defend_R+1","Defend_R+1","Bash+1","Perfected Strike","Whirlwind","Entrench","Bloodletting","Fiend Fire+1","Seeing Red"],"relics":["Burning Blood","NeowsBlessing","Golden Idol","War Paint","Tiny Chest","Art of War","Kunai","Ornamental Fan"],"acts_visited":["Exordium"],"potions_floor_usage":[8,10],"damage_taken":[{"damage":0,"enemies":"Small Slimes","floor":1,"turns":1},{"damage":0,"enemies":"2 Louse","floor":3,"turns":1},{"damage":0,"enemies":"Lagavulin","floor":6,"turns":1},{"damage":32,"enemies":"Gremlin Nob","floor":8,"turns":4},{"damage":22,"enemies":"Lagavulin","floor":10,"turns":6},{"damage":25,"enemies":"3 Sentries","floor":12,"turns":5},{"damage":12,"enemies":"Jaw Worm","floor":14,"turns":2},{"damage":25,"enemies":"The Guardian","floor":16,"turns":5}],"seed_played":"1375980669081034942","potions_obtained":[{"floor":3,"key":"LiquidMemories"},{"floor":8,"key":"FearPotion"}],"is_trial":false,"path_per_floor":["M","?","M","$","?","E","?","E","T","E","R","E","R","M","R","B"],"character_chosen":"IRONCLAD","items_purchased":["Whirlwind"],"campfire_rested":1,"item_purchase_floors":[4],"current_hp_per_floor":[74,67,73,73,68,68,68,42,42,26,26,7,27,21,21,0,0],"gold":273,"neow_bonus":"THREE_ENEMY_KILL","is_daily":false,"chose_seed":false,"campfire_upgraded":2,"win_rate":0.0,"timestamp":1609951538,"path_taken":["M","?","M","$","?","E","?","E","T","E","R","E","R","M","R","BOSS"],"items_purchased_type":["Card"],"build_version":"2020-12-22","purchased_purges":0,"victory":false,"max_hp_per_floor":[75,75,75,75,68,68,68,68,68,68,68,68,68,68,68,68,68],"relic_stats":{"counters":[8,25],"Golden Idol":37,"Ornamental Fan":[4],"Tiny Chest":0,"Art of War":[2],"Kunai":[1],"War Paint":["Defend_R","Defend_R"],"obtain_stats":[{"NeowsBlessing":0,"Golden Idol":5,"Ornamental Fan":12,"Tiny Chest":8,"Art of War":9,"Kunai":10,"War Paint":6,"Burning Blood":0},{"NeowsBlessing":0,"Golden Idol":2,"Ornamental Fan":6,"Tiny Chest":4,"Art of War":4,"Kunai":5,"War Paint":3,"Burning Blood":0},{"NeowsBlessing":0,"Golden Idol":2,"Ornamental Fan":18,"Tiny Chest":7,"Art of War":7,"Kunai":13,"War Paint":3,"Burning Blood":0}],"Burning Blood":36},"card_choices":[{"not_picked":["Twin Strike","Havoc"],"picked":"Perfected Strike","floor":1},{"not_picked":["Sword Boomerang","Wild Strike","Rampage"],"picked":"SKIP","floor":3},{"not_picked":["Wild Strike","Sword Boomerang"],"picked":"Entrench","floor":6},{"not_picked":["Iron Wave","Dropkick","Clash"],"picked":"SKIP","floor":8},{"not_picked":["Clash","Limit Break"],"picked":"Fiend Fire","floor":10},{"not_picked":["Intimidate","True Grit"],"picked":"Seeing Red","floor":12},{"not_picked":["Blood for Blood","Heavy Blade","Rampage"],"picked":"SKIP","floor":14}],"player_experience":1571225,"relics_obtained":[{"floor":6,"key":"War Paint"},{"floor":8,"key":"Tiny Chest"},{"floor":9,"key":"Art of War"},{"floor":10,"key":"Kunai"},{"floor":12,"key":"Ornamental Fan"}],"event_choices":[{"cards_removed":["Defend_R"],"damage_healed":0,"gold_gain":0,"player_choice":"Card Removal","damage_taken":7,"max_hp_gain":0,"max_hp_loss":0,"event_name":"Golden Wing","floor":2,"gold_loss":0},{"damage_healed":0,"gold_gain":0,"player_choice":"Lose Max HP","damage_taken":0,"relics_obtained":["Golden Idol"],"max_hp_gain":0,"max_hp_loss":7,"event_name":"Golden Idol","floor":5,"gold_loss":0},{"damage_healed":0,"gold_gain":0,"cards_transformed":["Defend_R"],"player_choice":"Change","damage_taken":0,"max_hp_gain":0,"max_hp_loss":0,"event_name":"Living Wall","floor":7,"gold_loss":0,"cards_obtained":["Bloodletting"]}],"is_beta":false,"boss_relics":[],"items_purged_floors":[],"is_endless":false,"potions_floor_spawned":[3,8],"killed_by":"The Guardian","ascension_level":20}}