{"host":"1183f001whnzd7mj","time":1609898610,"event":{"mods":["AchievementEnabler","BaseMod","Beaked The Cultist","BetterRewards","Conspire","Downfall","Friendly Minions","Highlight Path","Infinite Spire","Mimic Mod","Minty Spire (QoL Compilation)","Permanent Neow","Quick Restart","Replay The Spire","Shop Mod","StSLib","The Bug Knight","The Mystic"],"gold_per_floor":[99,117,117,127,146,146,146,174,174,191,191,26,26,126,141,243,243,243,255,255,140,159,188,213,242,279,292,292,292,292,292],"floor_reached":29,"playtime":2109,"items_purged":["conspire:GhostlyStrike","Slimebound:ViciousTackle","Slimebound:CorrosiveSpit"],"score":261,"play_id":"43714846-9841-4246-8c6a-b04fe7860b19","local_time":"20210106020330","is_ascension_mode":false,"campfire_choices":[{"data":"Slimebound:Split","floor":1.0,"key":"SMITH"},{"data":"Slimebound:Schlurp","floor":6.0,"key":"SMITH"},{"data":"Slimebound:Schlurp","floor":9.0,"key":"SMITH"},{"data":"Slimebound:FirmFortitude","floor":11.0,"key":"SMITH"},{"data":"Slimebound:WasteNot","floor":13.0,"key":"SMITH"},{"data":"Slimebound:LeechLife","floor":18.0,"key":"SMITH"}],"circlet_count":0,"master_deck":["conspire:GhostlyStrike","Slimebound:Tackle","conspire:GhostlyDefend","conspire:GhostlyDefend","conspire:GhostlyDefend","Slimebound:Split+1","Slimebound:FirmFortitude+1","Slimebound:SlimeSpikes","Slimebound:Schlurp+1","Slimebound:Schlurp+1","Slimebound:WasteNot+1","Slimebound:LeechLife+1","Slimebound:Split","Slimebound:GrowthPunch+1","Slimebound:Grow+1"],"relics":["Slimebound:AbsorbEndCombat","Nunchaku","conspire:Boomerang","conspire:SpecialSausage","Dead Branch","Bottled Tornado","infinitespire:Joker Card"],"acts_visited":["Exordium","TheCity"],"potions_floor_usage":[25],"damage_taken":[{"damage":8.0,"enemies":"conspire:RoseBush","floor":2.0,"turns":4.0},{"damage":12.0,"enemies":"Jaw Worm","floor":4.0,"turns":4.0},{"damage":11.0,"enemies":"Cultist","floor":5.0,"turns":3.0},{"damage":57.0,"enemies":"3 Sentries","floor":8.0,"turns":10.0},{"damage":20.0,"enemies":"Gremlin Gang","floor":10.0,"turns":4.0},{"damage":11.0,"enemies":"downfall:FleeingMerchant","floor":12.0,"turns":4.0},{"damage":14.0,"enemies":"conspire:2 RoseBushes","floor":15.0,"turns":5.0},{"damage":50.0,"enemies":"downfall:Watcher","floor":16.0,"turns":6.0},{"damage":42.0,"enemies":"Chosen","floor":19.0,"turns":6.0},{"damage":12.0,"enemies":"downfall:FleeingMerchant","floor":21.0,"turns":4.0},{"damage":20.0,"enemies":"conspire:HollyBat","floor":22.0,"turns":6.0},{"damage":12.0,"enemies":"Replay:Snechameleon","floor":23.0,"turns":6.0},{"damage":45,"enemies":"conspire:Head Lice","floor":25,"turns":7},{"damage":50,"enemies":"Cultist and Chosen","floor":27,"turns":7},{"damage":24,"enemies":"downfall:FleeingMerchant","floor":29,"turns":2}],"seed_played":"-7465180511408259138","potions_obtained":[{"floor":2.0,"key":"Fire Potion"},{"floor":5.0,"key":"AttackPotion"},{"floor":15.0,"key":"Ancient Potion"},{"floor":23.0,"key":"EssenceOfSteel"},{"floor":27,"key":"conspire:TimeTravelPotion"}],"is_trial":false,"path_per_floor":["R","M","?","M","M","R","T","E","R","M","R","$","R","?","M","B",null,"R","M","?","$","M","E","T","E","?","M","AVR","$"],"character_chosen":"SLIMEBOUND","items_purchased":["Slimebound:WasteNot"],"campfire_rested":0,"item_purchase_floors":[12],"current_hp_per_floor":[54,54,54,54,54,54,54,21,21,21,21,30,30,30,40,22,54,54,29,29,54,54,54,54,36,23,23,23,0,0,0],"gold":292,"neow_bonus":"REMOVE_TWO","is_daily":false,"chose_seed":false,"campfire_upgraded":6,"win_rate":0.0,"timestamp":1609898610,"path_taken":["R","M","?","M","M","R","T","E","R","M","R","$","R","?","M","BOSS","R","M","?","$","?","E","T","E","?","M","AVR","?"],"items_purchased_type":["Card"],"build_version":"2020-12-22","purchased_purges":3,"victory":false,"max_hp_per_floor":[54,54,54,54,54,54,54,54,54,54,54,54,54,54,54,54,54,54,54,54,54,54,54,54,54,54,54,54,54,54,54],"card_choices":[{"not_picked":["Slimebound:Dissolve","Slimebound:GoopSpray"],"picked":"Slimebound:FirmFortitude","floor":2.0},{"not_picked":["Slimebound:ProtectTheBoss","Slimebound:SlimeBrawl"],"picked":"Slimebound:SlimeSpikes","floor":4.0},{"not_picked":["Slimebound:SamplingLick","Slimebound:Prepare"],"picked":"Slimebound:Schlurp","floor":5.0},{"not_picked":["Slimebound:ComboTackle","Slimebound:PressTheAttack"],"picked":"Slimebound:Schlurp","floor":8.0},{"not_picked":["Slimebound:SelfFormingGoo","Slimebound:SplitLeeching","Slimebound:SlimeSpikes"],"picked":"SKIP","floor":10.0},{"not_picked":["Slimebound:FinishingTackle","Slimebound:MinionMaster","Slimebound:ComboTackle"],"picked":"SKIP","floor":12.0},{"not_picked":["Slimebound:RejuvenatingLick","Slimebound:RollThrough"],"picked":"Slimebound:ViciousTackle","floor":15.0},{"not_picked":["Slimebound:OozeBath","Slimebound:MassFeed"],"picked":"Slimebound:LeechLife","floor":16.0},{"not_picked":["Slimebound:FinishingTackle","Slimebound:GrowthPunch","Slimebound:ProtectTheBoss+1"],"picked":"SKIP","floor":19.0},{"not_picked":["Slimebound:PressTheAttack+1","Slimebound:SlimeTap+1"],"picked":"Slimebound:GrowthPunch+1","floor":21.0},{"not_picked":["Slimebound:ProtectTheBoss","Slimebound:SpikyOuterGoop","Slimebound:SlimeBrawl"],"picked":"SKIP","floor":22.0},{"not_picked":["Slimebound:RollThrough","Slimebound:ViciousTackle","Slimebound:Overexert"],"picked":"SKIP","floor":23.0},{"not_picked":["Slimebound:SamplingLick+1","Slimebound:SlimeSlap","Slimebound:ComboTackle+1"],"picked":"SKIP","floor":25},{"not_picked":["Slimebound:PressTheAttack+1","Slimebound:HauntingLick"],"picked":"Slimebound:Grow+1","floor":26},{"not_picked":["Slimebound:SplitLeeching+1","Slimebound:Schlurp","Slimebound:Chomp"],"picked":"SKIP","floor":27}],"player_experience":99701,"relics_obtained":[{"floor":7.0,"key":"Nunchaku"},{"floor":8.0,"key":"conspire:Boomerang"},{"floor":23.0,"key":"Dead Branch"},{"floor":25,"key":"Bottled Tornado"},{"floor":26,"key":"infinitespire:Joker Card"}],"event_choices":[{"damage_healed":0.0,"max_hp_gain":0.0,"max_hp_loss":0.0,"gold_gain":0.0,"event_name":"conspire:LoneGhost","player_choice":"Agree","floor":3.0,"gold_loss":0.0,"damage_taken":0.0}],"is_beta":false,"boss_relics":[{"not_picked":["Kintsugi","Tiny House"],"picked":"conspire:SpecialSausage"}],"items_purged_floors":[12,21,28],"is_endless":false,"potions_floor_spawned":[2,5,15,23,27],"killed_by":"downfall:FleeingMerchant","ascension_level":0}}