{"host":"9tch52zpouts7b2p","time":1609909939,"event":{"mods":["BaseMod","Colored Map","Minty Spire (QoL Compilation)","StSLib","UnlockEverythingMod"],"gold_per_floor":[112,62,82,82,74,121,146,158,224,258,270,301,313,350,362,482,553,536,473,485,497,497],"floor_reached":21,"playtime":905,"items_purged":[],"score":235,"play_id":"8a5d6caa-4f9b-4d2f-870c-f5f768498078","local_time":"20210106131219","is_ascension_mode":true,"campfire_choices":[{"data":"Dualcast","floor":8.0,"key":"SMITH"},{"data":"Aggregate","floor":13,"key":"SMITH"},{"floor":15,"key":"REST"}],"circlet_count":0,"master_deck":["Strike_B","Defend_B","Defend_B","Defend_B+1","Defend_B","Zap","Dualcast+1","Turbo","Aggregate+1","Static Discharge","Reinforced Body","Coolheaded","Rip and Tear","Consume","Buffer","Tempest"],"relics":["Cracked Core","NeowsBlessing","MawBank","FossilizedHelix","CeramicFish","Tiny House"],"acts_visited":["Exordium","TheCity"],"potions_floor_usage":[10,10,12,18,18,18,21],"damage_taken":[{"damage":0.0,"enemies":"Jaw Worm","floor":1.0,"turns":1.0},{"damage":0.0,"enemies":"Small Slimes","floor":3.0,"turns":1.0},{"damage":0.0,"enemies":"Gremlin Nob","floor":6.0,"turns":1.0},{"damage":0.0,"enemies":"Cultist","floor":7.0,"turns":3.0},{"damage":14,"enemies":"Large Slime","floor":10,"turns":6},{"damage":0,"enemies":"Blue Slaver","floor":12,"turns":3},{"damage":2,"enemies":"2 Fungi Beasts","floor":14,"turns":4},{"damage":47,"enemies":"Hexaghost","floor":16,"turns":9},{"damage":18,"enemies":"2 Thieves","floor":18,"turns":5},{"damage":69,"enemies":"Masked Bandits","floor":21,"turns":3}],"seed_played":"9087357579013617263","potions_obtained":[{"floor":1.0,"key":"DistilledChaos"},{"floor":5.0,"key":"Strength Potion"},{"floor":7.0,"key":"Fruit Juice"},{"floor":12,"key":"GamblersBrew"},{"floor":14,"key":"SpeedPotion"},{"floor":17,"key":"SteroidPotion"},{"floor":18,"key":"BlessingOfTheForge"}],"is_trial":false,"path_per_floor":["M","?","M","T","?","E","M","R","T","M","?","M","R","M","R","B",null,"M","?","$","?"],"character_chosen":"DEFECT","items_purchased":[],"campfire_rested":1,"item_purchase_floors":[],"current_hp_per_floor":[75,75,75,75,75,75,75,75,75,66,59,59,59,57,80,33,85,67,67,67,0,0],"gold":497,"neow_bonus":"THREE_ENEMY_KILL","is_daily":false,"chose_seed":false,"campfire_upgraded":2,"win_rate":0.0,"timestamp":1609909939,"path_taken":["M","?","M","?","?","E","M","R","T","?","?","M","R","M","R","BOSS","M","?","$","?"],"items_purchased_type":[],"build_version":"2020-12-22","purchased_purges":0,"victory":false,"max_hp_per_floor":[75,75,75,75,75,75,75,75,75,80,80,80,80,80,80,80,85,85,85,85,85,85],"card_choices":[{"not_picked":["Hologram","Loop"],"picked":"Turbo","floor":1.0},{"not_picked":["Streamline","Rip and Tear"],"picked":"Aggregate","floor":3.0},{"not_picked":["Rebound","Steam"],"picked":"Static Discharge","floor":6.0},{"not_picked":["Glacier","Streamline"],"picked":"Reinforced Body","floor":7.0},{"not_picked":["Force Field","Barrage"],"picked":"Coolheaded","floor":10},{"not_picked":["Compile Driver","Go for the Eyes"],"picked":"Rip and Tear","floor":12},{"not_picked":["Redo","Beam Cell"],"picked":"Consume","floor":14},{"not_picked":["Hyperbeam","Amplify"],"picked":"Buffer","floor":16},{"not_picked":["Reinforced Body","Coolheaded"],"picked":"Tempest","floor":17},{"not_picked":["Go for the Eyes+1","Sweeping Beam+1","Barrage"],"picked":"SKIP","floor":18}],"player_experience":132835,"relics_obtained":[{"floor":4.0,"key":"MawBank"},{"floor":6.0,"key":"FossilizedHelix"},{"floor":9.0,"key":"CeramicFish"}],"event_choices":[{"cards_removed":["Strike_B"],"damage_healed":0.0,"max_hp_gain":0.0,"max_hp_loss":0.0,"gold_gain":0.0,"event_name":"The Cleric","player_choice":"Card Removal","floor":2.0,"gold_loss":50.0,"damage_taken":0.0},{"damage_healed":0.0,"max_hp_gain":0.0,"max_hp_loss":0.0,"gold_gain":0.0,"event_name":"The Woman in Blue","player_choice":"Bought 1 Potion","floor":5.0,"gold_loss":0.0,"damage_taken":0.0},{"cards_removed":["Strike_B"],"damage_healed":0,"gold_gain":0,"player_choice":"Card Removal","damage_taken":7,"max_hp_gain":0,"max_hp_loss":0,"event_name":"Golden Wing","floor":11,"gold_loss":0},{"cards_removed":["Strike_B"],"damage_healed":0,"gold_gain":0,"player_choice":"Gave Gold","damage_taken":0,"max_hp_gain":0,"max_hp_loss":0,"event_name":"Beggar","floor":19,"gold_loss":75},{"damage_healed":0,"gold_gain":0,"player_choice":"Fought Bandits","damage_taken":0,"max_hp_gain":0,"max_hp_loss":0,"event_name":"Masked Bandits","floor":21,"gold_loss":0}],"is_beta":false,"boss_relics":[{"not_picked":["Coffee Dripper","Ectoplasm"],"picked":"Tiny House"}],"items_purged_floors":[],"is_endless":false,"potions_floor_spawned":[1,7,12,14,18],"killed_by":"Masked Bandits","ascension_level":3}}