{"host":"hfcva6mq15ctj0gu","time":1609923597,"event":{"mods":["100% Spire Juice","Abigail Mod","AchievementEnabler","Act Like it!","Alarm Clock","BaseMod","Better Altar","Better Match","Better Note","Better Skull","Better Third Choice","BetterRewards","CapriCore","Card Forge","Colored Map","Curses Come First","Disable Question Mark Monsters","Displayed Cursed Tome","Emptier Cage","FoggyMod","Friendly Minions","Gold Saver","Grow up Mod","Highlight Path","Kiyohime????","Kratos Character Expansion","Marisa????????","Minty Spire (QoL Compilation)","Permanent Neow","Poem Panic","Reimu??????","Remilia??????","Shade Mod","Shop Mod","StSLib","The Immortal","The Servant 0.9.4","The Vixen","Transform Curses","Virulent Crown","????"],"gold_per_floor":[1714,1714,1488,1501,1501,1210,1239,1239,1291,1291,1291,1078,633,651,389,519,519,534,534,649,670,691,775,825,846,911,919,978,672,672,672,672,802,802,826,889,889,695,764,803,576,624,624,690,633,666,292,592,312,312,312,14,34,83,83],"floor_reached":56,"playtime":3074,"items_purged":[],"score":1950,"play_id":"ac0a8b6f-c4f3-42a1-af1b-c9c1879cf603","local_time":"20210106095957","is_ascension_mode":false,"campfire_choices":[{"floor":11.0,"key":"RECALL"},{"floor":32.0,"key":"REST"}],"circlet_count":0,"master_deck":["YinYangSange:ReiMu+1","FineLineFantasy:ReiMu+1","YinYangSange:ReiMu+1","CeremonyResonance:ReiMu+1","WonderfulDomain:ReiMu+1","FoulBorder2:ReiMu+1","PrepareRite:ReiMu+1","PrepareRite:ReiMu+1","SubcavityInstant:ReiMu+1","OctopathBindingBorder2:ReiMu+1","FoulBorder2:ReiMu+1","ShadowOfCrow2:ReiMu+1","KratosMod:FullCounter+1","FantasyMoon:ReiMu+1","FantasyBorder:ReiMu+1","FoulBorder2:ReiMu+1","PrayRite:ReiMu+1","UniversalSpiritual:ReiMu+1","RainPray2:ReiMu+1","AlertArray:ReiMu+1","Free:ReiMu+1","HakureiPhantom:ReiMu+1","KamiRite:ReiMu+1","NineCharacters:ReiMu+1","PrayRite:ReiMu+1","PassingAway:ReiMu+1","DependentForm:ReiMu+1","Necronomicurse","SpreadBorder2:ReiMu+1","Dreaming:ReiMu+1","PrepareRite:ReiMu+1","SubcavityFantasy:ReiMu+1","ShadowOfCrow2:ReiMu+1","UniversalSpiritual:ReiMu+1","Dark Shackles+1","Authority:ReiMu+1","NineCharacters:ReiMu+1"],"relics":["FlyPower:ReiMu","Hammer of Thor","Seething Fire","Anvil of the Gods","Membership Card","Vajra","Ornamental Fan","MerchantsRug","KaguraBell:ReiMu","Nunchaku","Anchor","Art of War","Mastiff:ReiMu","WarpedTongs","Bag of Marbles","Chemical X","Centennial Puzzle","Ginger","Bag of Preparation","Golden Idol","Orichalcum","Pen Nib","Sling","Darkstone Periapt","Question Card","OrangePellets","TentaclePot:ReiMu","Philosopher\u0027s Stone","Juzu Bracelet","CeramicFish","GreatHeart","Letter Opener","Turnip","Necronomicon","Akabeko","RuthlessExorcism:ReiMu","SkyOrb:ReiMu","Sundial","Bronze Scales","Toolbox","Toxic Egg 2","MutagenicStrength","Black Star","FossilizedHelix","Mummified Hand","Molten Egg 2","CatCart","Ancient Tea Set","Gambling Chip","Bow_fan:ReiMu","TheAbacus","Lantern","Boot","StoneCalendar","Pocketwatch","Salt:ReiMu","Dream Catcher","CheatingSign:ReiMu","KratosMod:amulet","Torii","Happy Flower","HornCleat","Strange Spoon","Incense Burner","Blood Vial","Lee\u0027s Waffle","Unceasing Top","Shuriken","ScarletDevilRocket"],"acts_visited":["Exordium","TheCity","TheBeyond","TheEnding"],"potions_floor_usage":[],"damage_taken":[{"damage":10.0,"enemies":"Jaw Worm","floor":1.0,"turns":5.0},{"damage":0.0,"enemies":"Cultist","floor":4.0,"turns":6.0},{"damage":0.0,"enemies":"Gremlin Nob","floor":7.0,"turns":3.0},{"damage":0.0,"enemies":"2 Louse","floor":14.0,"turns":3.0},{"damage":0.0,"enemies":"Slime Boss","floor":16.0,"turns":6.0},{"damage":0.0,"enemies":"Chosen","floor":18.0,"turns":3.0},{"damage":23.0,"enemies":"Slavers","floor":24.0,"turns":5.0},{"damage":15.0,"enemies":"Gremlin Leader","floor":28.0,"turns":4.0},{"damage":0.0,"enemies":"Automaton","floor":33.0,"turns":5.0},{"damage":0.0,"enemies":"Orb Walker","floor":35.0,"turns":2.0},{"damage":0,"enemies":"Mind Bloom Boss Battle","floor":36,"turns":2},{"damage":0,"enemies":"Orin","floor":39,"turns":4},{"damage":0,"enemies":"Giant Head","floor":40,"turns":4},{"damage":0,"enemies":"2 Orb Walkers","floor":44,"turns":1},{"damage":0,"enemies":"Nemesis","floor":46,"turns":3},{"damage":0,"enemies":"Donu and Deca","floor":50,"turns":5},{"damage":0,"enemies":"Shield and Spear","floor":54,"turns":3},{"damage":14,"enemies":"The Heart","floor":55,"turns":5}],"seed_played":"-7437420909085945366","potions_obtained":[{"floor":14.0,"key":"SteroidPotion"},{"floor":16.0,"key":"ColorlessPotion"},{"floor":33.0,"key":"PowerPotion"},{"floor":39,"key":"AttackPotion"},{"floor":46,"key":"Strength Potion"}],"is_trial":false,"path_per_floor":["M","?","$","M","?","R","E","?","T","?","R","$","R","M","R","B",null,"M","?","?","?","?","M","E","?","T","$","E","$","?","?","R","B",null,"M","?","?","$","?","E","R","T","T","?","?","E","R","?","R","B",null,"R","$","E","B",null],"character_chosen":"REIMU","items_purchased":["Membership Card","Vajra","Ornamental Fan","MerchantsRug","YinYangSange:ReiMu","Nunchaku","Anchor","FineLineFantasy:ReiMu","DollysMirror","CeremonyResonance:ReiMu","Art of War","Mastiff:ReiMu","Bag of Marbles","Chemical X","Centennial Puzzle","Ginger","FoulBorder2:ReiMu","PrepareRite:ReiMu","Orrery","Pen Nib","Sling","FoulBorder2:ReiMu","ShadowOfCrow2:ReiMu","Darkstone Periapt","Question Card","OrangePellets","KratosMod:FullCounter","SubcavityInstant:ReiMu","TentaclePot:ReiMu","Matryoshka","FantasyBorder:ReiMu","FoulBorder2:ReiMu","SkyOrb:ReiMu","Bronze Scales","Toolbox","PrepareRite:ReiMu","Toxic Egg 2","Mummified Hand","Molten Egg 2","Bow_fan:ReiMu","TheAbacus","Lantern","CheatingSign:ReiMu","KratosMod:amulet","Torii","Happy Flower","HornCleat","Strange Spoon","Incense Burner","Blood Vial","Lee\u0027s Waffle","Unceasing Top"],"campfire_rested":1,"item_purchase_floors":[0,0,0,0,0,0,0,0,0,0,0,0,3,3,3,6,6,6,6,12,12,12,12,13,13,13,13,13,15,15,15,15,27,29,29,29,29,38,38,41,41,41,47,47,47,49,49,49,52,52,52,53],"current_hp_per_floor":[33,43,53,63,73,83,93,67,77,87,97,107,117,127,137,147,245,255,265,35,51,61,71,58,58,68,78,73,83,93,103,234,244,434,444,454,464,474,484,494,504,514,524,534,544,554,564,574,584,594,604,621,631,641,647],"gold":83,"neow_bonus":"","is_daily":false,"chose_seed":false,"campfire_upgraded":0,"win_rate":0.0,"timestamp":1609923597,"path_taken":["M","?","?","?","?","R","E","?","T","?","R","$","R","?","R","BOSS","M","?","?","?","?","?","E","?","T","$","E","$","?","?","R","BOSS","M","?","?","$","?","E","R","?","T","?","?","E","R","?","R","BOSS","R","$","E","BOSS"],"items_purchased_type":["Relic","Relic","Relic","Relic","Card","Relic","Relic","Card","Relic","Card","Relic","Relic","Relic","Relic","Relic","Relic","Card","Card","Relic","Relic","Relic","Card","Card","Relic","Relic","Relic","Card","Card","Relic","Relic","Card","Card","Relic","Relic","Relic","Card","Relic","Relic","Relic","Relic","Relic","Relic","Relic","Relic","Relic","Relic","Relic","Relic","Relic","Relic","Relic","Relic"],"build_version":"2020-12-22","purchased_purges":0,"victory":true,"max_hp_per_floor":[85,95,105,115,125,135,145,155,165,175,185,195,205,215,225,235,245,255,265,282,298,308,318,328,344,354,364,374,384,394,404,414,424,434,444,454,464,474,484,494,504,514,524,534,544,554,564,574,584,594,604,621,631,641,661],"card_choices":[{"not_picked":["Conquer:ReiMu","SpringWay:ReiMu"],"picked":"WonderfulDomain:ReiMu","floor":1.0},{"not_picked":["MountainWay:ReiMu","BarrageOfMoneybags:ReiMu"],"picked":"Meditation:ReiMu","floor":4.0},{"not_picked":["SealNeedle:ReiMu","Amulet:ReiMu"],"picked":"WonderfulDomain:ReiMu","floor":6.0},{"not_picked":["OrbThrow:ReiMu","SpringWay:ReiMu"],"picked":"PrepareRite:ReiMu","floor":6.0},{"not_picked":["Enchanting:ReiMu","TightArray:ReiMu"],"picked":"SubcavityInstant:ReiMu","floor":6.0},{"not_picked":["ForcedLanding:ReiMu","SpringWay:ReiMu"],"picked":"OctopathBindingBorder2:ReiMu","floor":7.0},{"not_picked":["OrbThrow:ReiMu","KamiSacrifice:ReiMu","Enchanting:ReiMu"],"picked":"FantasyMoon:ReiMu","floor":14.0},{"not_picked":["CleanRite:ReiMu","Determination:ReiMu","HakureiPhantom:ReiMu"],"picked":"PrayRite:ReiMu","floor":16.0},{"not_picked":["LovePray:ReiMu","MountainWay:ReiMu","AlertArray:ReiMu"],"picked":"UniversalSpiritual:ReiMu","floor":18.0},{"not_picked":["MikOfLucky:ReiMu+1","AirStrike:ReiMu+1","AlertArray:ReiMu+1","Dreaming2:ReiMu"],"picked":"SKIP","floor":24.0},{"not_picked":["SealNeedle:ReiMu","Enchanting:ReiMu+1","Meditation:ReiMu"],"picked":"SpreadBorder2:ReiMu+1","floor":28.0},{"not_picked":["Determination:ReiMu","BlastKick2:ReiMu","OctopathSalyBorderN:ReiMu"],"picked":"SubcavityFantasy:ReiMu+1","floor":33.0},{"not_picked":["RainPray2:ReiMu+1","FantasyMoon:ReiMu+1","SubcavityInstant:ReiMu+1"],"picked":"ShadowOfCrow2:ReiMu+1","floor":35},{"not_picked":["MikOfLucky:ReiMu+1","WonderfulDomain:ReiMu+1","CareerPray:ReiMu+1"],"picked":"UniversalSpiritual:ReiMu+1","floor":39},{"not_picked":["Mountainwind:ReiMu+1","Amulet:ReiMu+1","DoubleButterfly:ReiMu+1","Meditation:ReiMu+1"],"picked":"SKIP","floor":40},{"not_picked":["Deep Breath","Forethought","Trip"],"picked":"Dark Shackles","floor":45},{"not_picked":["OctopathSalyBorderN:ReiMu","KamiRite:ReiMu","CardOfSanctity:ReiMu"],"picked":"Authority:ReiMu","floor":45},{"not_picked":["SubAcupoint:ReiMu+1","SubcavityInstant:ReiMu+1","Conquer:ReiMu+1","Intuition:ReiMu+1"],"picked":"SKIP","floor":46},{"not_picked":["Intuition:ReiMu+1","Enchanting:ReiMu+1","Conquer:ReiMu+1"],"picked":"NineCharacters:ReiMu","floor":54}],"player_experience":98537,"relics_obtained":[{"floor":7.0,"key":"Bag of Preparation"},{"floor":9.0,"key":"Orichalcum"},{"floor":24.0,"key":"Turnip"},{"floor":26.0,"key":"Akabeko"},{"floor":26.0,"key":"RuthlessExorcism:ReiMu"},{"floor":28.0,"key":"Sundial"},{"floor":36,"key":"FossilizedHelix"},{"floor":39,"key":"CatCart"},{"floor":40,"key":"Ancient Tea Set"},{"floor":40,"key":"Gambling Chip"},{"floor":42,"key":"Boot"},{"floor":43,"key":"StoneCalendar"},{"floor":44,"key":"Pocketwatch"},{"floor":46,"key":"Salt:ReiMu"},{"floor":46,"key":"Dream Catcher"},{"floor":54,"key":"Shuriken"},{"floor":54,"key":"ScarletDevilRocket"}],"event_choices":[{"damage_healed":0.0,"max_hp_gain":0.0,"max_hp_loss":0.0,"gold_gain":0.0,"event_name":"Accursed Blacksmith","player_choice":"Rummage","floor":2.0,"gold_loss":0.0,"damage_taken":0.0,"relics_obtained":["WarpedTongs"],"cards_obtained":["Pain"]},{"damage_healed":0.0,"max_hp_gain":0.0,"max_hp_loss":0.0,"gold_gain":0.0,"event_name":"Golden Wing","player_choice":"Ignored","floor":5.0,"gold_loss":0.0,"damage_taken":0.0},{"damage_healed":0.0,"max_hp_gain":0.0,"max_hp_loss":0.0,"gold_gain":0.0,"event_name":"Golden Idol","player_choice":"Take Damage","floor":8.0,"gold_loss":0.0,"damage_taken":36.0,"relics_obtained":["Golden Idol"]},{"damage_healed":0.0,"max_hp_gain":0.0,"max_hp_loss":0.0,"gold_gain":0.0,"event_name":"betterNote:BetterNote","player_choice":"Ignored","floor":10.0,"gold_loss":0.0,"damage_taken":0.0,"cards_obtained":["Regret"]},{"damage_healed":0.0,"max_hp_gain":0.0,"max_hp_loss":0.0,"gold_gain":0.0,"event_name":"Vampires","player_choice":"Ignored","floor":19.0,"gold_loss":0.0,"damage_taken":0.0},{"damage_healed":0.0,"max_hp_gain":0.0,"max_hp_loss":0.0,"gold_gain":115.0,"event_name":"betterSkull:BetterSkull","player_choice":"RE RE RE RE GO ","floor":20.0,"gold_loss":0.0,"damage_taken":256.0,"cards_upgraded":[],"relics_obtained":["Juzu Bracelet","CeramicFish","Strawberry","MawBank"]},{"damage_healed":0.0,"max_hp_gain":0.0,"max_hp_loss":0.0,"gold_gain":0.0,"event_name":"The Library","player_choice":"Read","floor":22.0,"gold_loss":0.0,"damage_taken":0.0,"cards_obtained":["RainPray2:ReiMu"]},{"damage_healed":0.0,"max_hp_gain":0.0,"max_hp_loss":0.0,"gold_gain":0.0,"event_name":"The Mausoleum","player_choice":"Opened","floor":23.0,"gold_loss":0.0,"damage_taken":0.0,"relics_obtained":["Letter Opener"]},{"damage_healed":0.0,"max_hp_gain":0.0,"max_hp_loss":0.0,"gold_gain":0.0,"event_name":"Cursed Tome","player_choice":"Obtained Book","floor":25.0,"gold_loss":0.0,"damage_taken":16.0},{"damage_healed":0.0,"max_hp_gain":0.0,"max_hp_loss":0.0,"gold_gain":0.0,"event_name":"Drug Dealer","player_choice":"Inject Mutagens","floor":30.0,"gold_loss":0.0,"damage_taken":0.0,"relics_obtained":["MutagenicStrength"]},{"damage_healed":0.0,"max_hp_gain":0.0,"max_hp_loss":0.0,"gold_gain":0.0,"event_name":"N\u0027loth","player_choice":"Ignored","floor":31.0,"gold_loss":0.0,"damage_taken":0.0},{"damage_healed":0,"gold_gain":0,"player_choice":"Fight","damage_taken":0,"max_hp_gain":0,"max_hp_loss":0,"event_name":"MindBloom","floor":36,"gold_loss":0},{"damage_healed":0,"gold_gain":0,"player_choice":"Ignored","damage_taken":0,"max_hp_gain":0,"max_hp_loss":0,"event_name":"Upgrade Shrine","floor":37,"gold_loss":0},{"damage_healed":0,"gold_gain":0,"player_choice":"Fight","damage_taken":0,"max_hp_gain":0,"max_hp_loss":0,"event_name":"OrinTheCat","floor":39,"gold_loss":0},{"damage_healed":0,"gold_gain":0,"player_choice":"Fight","damage_taken":0,"max_hp_gain":0,"max_hp_loss":0,"event_name":"Mysterious Sphere","floor":44,"gold_loss":0},{"damage_healed":0,"gold_gain":0,"player_choice":"1","damage_taken":0,"max_hp_gain":0,"max_hp_loss":0,"event_name":"betterMatch:BetterMatch","floor":45,"gold_loss":0,"cards_obtained":["betterMatch:ColorlessUncommonCard","betterMatch:RareCard"]},{"damage_healed":0,"gold_gain":300,"player_choice":"Gold","damage_taken":0,"max_hp_gain":0,"max_hp_loss":0,"event_name":"Wheel of Change","floor":48,"gold_loss":0}],"is_beta":false,"boss_relics":[{"not_picked":["Ectoplasm","Astrolabe"],"picked":"Philosopher\u0027s Stone"},{"not_picked":["Runic Pyramid","Pandora\u0027s Box"],"picked":"Black Star"}],"items_purged_floors":[],"is_endless":false,"potions_floor_spawned":[14,16,33,35,39,46],"ascension_level":0}}