{"host":"qa029bqsloh3rj2z","time":1609959099,"event":{"mods":["AchievementEnabler","BaseMod","Colored Powertips","DeckTracker","Minty Spire (QoL Compilation)"],"gold_per_floor":[111,36,54,67,82,82,82,35,35,35,45,45,45],"floor_reached":12,"playtime":329,"items_purged":["Strike_R"],"score":70,"play_id":"5bac3535-6ba9-4069-8d0d-61e8399d7c6e","local_time":"20210106135139","is_ascension_mode":false,"campfire_choices":[{"data":"Bash","floor":7,"key":"SMITH"}],"circlet_count":0,"master_deck":["Strike_R","Strike_R","Strike_R","Strike_R","Defend_R","Defend_R","Defend_R","Defend_R","Bash+1","Shrug It Off"],"relics":["Burning Blood","NeowsBlessing","Torii","Mango"],"acts_visited":["Exordium"],"potions_floor_usage":[],"damage_taken":[{"damage":0,"enemies":"Cultist","floor":1,"turns":1},{"damage":0,"enemies":"Jaw Worm","floor":3,"turns":1},{"damage":0,"enemies":"Small Slimes","floor":4,"turns":1},{"damage":21,"enemies":"3 Louse","floor":5,"turns":5},{"damage":9,"enemies":"Red Slaver","floor":11,"turns":3},{"damage":84,"enemies":"Gremlin Nob","floor":12,"turns":6}],"seed_played":"5314412004965279984","potions_obtained":[{"floor":1,"key":"Energy Potion"},{"floor":5,"key":"BloodPotion"}],"is_trial":false,"path_per_floor":["M","$","M","M","M","$","R","$","T","?","M","E"],"character_chosen":"IRONCLAD","items_purchased":["Shrug It Off"],"campfire_rested":0,"item_purchase_floors":[8],"current_hp_per_floor":[80,80,80,80,65,65,65,65,65,79,76,0,0],"gold":45,"neow_bonus":"THREE_ENEMY_KILL","is_daily":false,"chose_seed":false,"campfire_upgraded":1,"win_rate":0.0,"timestamp":1609959099,"path_taken":["M","?","M","?","?","$","R","$","T","?","M","E"],"items_purchased_type":["Card"],"build_version":"2020-12-22","purchased_purges":1,"victory":false,"max_hp_per_floor":[80,80,80,80,80,80,80,80,80,94,94,94,94],"card_choices":[{"not_picked":["Searing Blow","Headbutt","Twin Strike"],"picked":"SKIP","floor":1},{"not_picked":["Rupture","Searing Blow","Metallicize"],"picked":"SKIP","floor":3},{"not_picked":["Sword Boomerang","Clothesline","True Grit"],"picked":"SKIP","floor":4},{"not_picked":["Feel No Pain","Heavy Blade","Perfected Strike"],"picked":"SKIP","floor":5},{"not_picked":["Blood for Blood","Feel No Pain","Seeing Red"],"picked":"SKIP","floor":11}],"player_experience":17178,"relics_obtained":[{"floor":9,"key":"Torii"}],"event_choices":[{"damage_healed":0,"gold_gain":0,"player_choice":"Gave Potion","damage_taken":0,"relics_obtained":["Mango"],"max_hp_gain":0,"max_hp_loss":0,"event_name":"WeMeetAgain","floor":10,"gold_loss":0}],"is_beta":false,"boss_relics":[],"items_purged_floors":[2],"is_endless":false,"potions_floor_spawned":[1,5],"killed_by":"Gremlin Nob","ascension_level":0}}