{"host":"32dedufnxebqtmo3","time":1609936957,"event":{"mods":["AchievementEnabler","BaseMod","Better Third Choice","Card Filter","ChefMod","Colored Powertips","Defuse TimeMaze Blight","GifTheSpireLib","Minty Spire (QoL Compilation)","Permanent Neow","Relic Filter","Relic Stats","Remove Card Discount Mod","Shop Mod","StSLib","The Cursed","Unceasing Turn Reminder"],"gold_per_floor":[114,129,146,146,159,191,191,114,114,114,114,132,188,208,208,306,306,320,339,355,355,367,367,401,154,154,169,182,182,182,201,201,299,299,313,332,92,0,16,16,47,47,47,63,80,112,72,88,88,88],"floor_reached":51,"playtime":4270,"items_purged":["chefmod:Strike","chefmod:Strike","chefmod:Strike","Pain","chefmod:Strike","chefmod:Strike","Clumsy","chefmod:Tenderizer","Doubt","chefmod:Chop+1"],"score":708,"play_id":"ef8c329a-e518-4496-b998-ac05fba43021","local_time":"20210106044237","is_ascension_mode":false,"campfire_choices":[{"data":"chefmod:QuickThaw","floor":7,"key":"SMITH"},{"data":"chefmod:TodaysSpecial","floor":10,"key":"SMITH"},{"floor":15,"key":"REST"},{"data":"chefmod:RisingDough","floor":23,"key":"SMITH"},{"data":"chefmod:FarmersMarket","floor":30,"key":"SMITH"},{"data":"chefmod:Cleavers","floor":32,"key":"SMITH"},{"data":"chefmod:ZaruSoba","floor":40,"key":"SMITH"},{"data":"chefmod:BaoBuns","floor":49,"key":"SMITH"}],"circlet_count":0,"master_deck":["chefmod:Defend","chefmod:Defend","chefmod:Defend","chefmod:QuickThaw+1","chefmod:TodaysSpecial+1","chefmod:RisingDough+1","chefmod:FireUp","chefmod:HotSoup","chefmod:Cleavers+1","chefmod:FireUp","chefmod:BleedOut","chefmod:FiveAlarmChili+1","chefmod:FireUp","chefmod:BaoBuns+1","chefmod:FiveAlarmChili+1","chefmod:FreezeSolid+1","chefmod:ZaruSoba+1","chefmod:FarmersMarket+1","chefmod:DimSum+1","chefmod:IcePick","chefmod:BananaSplit+1","chefmod:FreezeSolid+1","chefmod:TodaysSpecial+1","chefmod:Omelette+1","chefmod:FarmersMarket+1"],"relics":["chefmod:TrustyPot","Sundial","Frozen Egg 2","Ornamental Fan","WarpedTongs","Gambling Chip","Cursed Key","Ancient Tea Set","Eternal Feather","chefmod:RollingPin","Busted Crown","Bronze Scales","Red Mask","Nunchaku","Boot","Toxic Egg 2"],"acts_visited":["Exordium","TheCity","TheBeyond"],"potions_floor_usage":[22,27,36,46,48,48,50],"damage_taken":[{"damage":0,"enemies":"Small Slimes","floor":1,"turns":4},{"damage":0,"enemies":"Cultist","floor":2,"turns":4},{"damage":2,"enemies":"Jaw Worm","floor":3,"turns":3},{"damage":2,"enemies":"3 Louse","floor":5,"turns":2},{"damage":4,"enemies":"Lagavulin","floor":6,"turns":7},{"damage":4,"enemies":"Red Slaver","floor":12,"turns":4},{"damage":7,"enemies":"3 Sentries","floor":13,"turns":5},{"damage":4,"enemies":"Exordium Thugs","floor":14,"turns":4},{"damage":2,"enemies":"Slime Boss","floor":16,"turns":6},{"damage":0,"enemies":"Shell Parasite","floor":18,"turns":4},{"damage":3,"enemies":"Chosen","floor":19,"turns":4},{"damage":0,"enemies":"Centurion and Healer","floor":20,"turns":4},{"damage":0,"enemies":"Snake Plant","floor":22,"turns":2},{"damage":39,"enemies":"Slavers","floor":24,"turns":6},{"damage":2,"enemies":"Chosen and Byrds","floor":27,"turns":4},{"damage":0,"enemies":"Centurion and Healer","floor":28,"turns":4},{"damage":0,"enemies":"Snecko","floor":31,"turns":3},{"damage":24,"enemies":"Collector","floor":33,"turns":8},{"damage":0,"enemies":"Orb Walker","floor":35,"turns":3},{"damage":4,"enemies":"3 Darklings","floor":36,"turns":4},{"damage":6,"enemies":"Sphere and 2 Shapes","floor":39,"turns":4},{"damage":0,"enemies":"Giant Head","floor":41,"turns":7},{"damage":3,"enemies":"Writhing Mass","floor":44,"turns":5},{"damage":2,"enemies":"Spire Growth","floor":45,"turns":4},{"damage":26,"enemies":"Nemesis","floor":46,"turns":10},{"damage":0,"enemies":"3 Darklings","floor":48,"turns":3},{"damage":25,"enemies":"Awakened One","floor":50,"turns":9}],"seed_played":"8015923462084787807","potions_obtained":[{"floor":1,"key":"chefmod:PotionOfPlenty"},{"floor":14,"key":"Energy Potion"},{"floor":16,"key":"Dexterity Potion"},{"floor":24,"key":"AttackPotion"},{"floor":28,"key":"Energy Potion"},{"floor":36,"key":"Strength Potion"},{"floor":46,"key":"SkillPotion"}],"is_trial":false,"path_per_floor":["M","M","M","?","M","E","R","$","T","R","?","M","?","M","R","B",null,"M","M","M","?","M","R","E","$","T","M","M","?","R","M","R","B",null,"M","M","$","?","M","R","E","?","T","M","M","E","$","M","R","B",null],"character_chosen":"THE_CHEF","items_purchased":["chefmod:FiveAlarmChili+1","Eternal Feather","chefmod:FreezeSolid+1","Bronze Scales","chefmod:FarmersMarket+1"],"campfire_rested":1,"item_purchase_floors":[8,25,37,37,47],"current_hp_per_floor":[55,55,53,41,39,35,35,35,35,35,35,31,24,20,42,40,76,76,73,73,73,73,73,34,34,34,32,36,36,48,48,60,36,76,76,72,72,72,70,76,76,76,76,73,71,45,45,49,64,39],"gold":88,"neow_bonus":"THREE_RARE_CARDS","is_daily":false,"chose_seed":false,"campfire_upgraded":7,"win_rate":0.0,"timestamp":1609936957,"path_taken":["M","M","M","?","M","E","R","$","T","R","?","?","?","M","R","BOSS","M","M","M","?","M","R","E","$","T","M","M","?","R","?","R","BOSS","M","M","$","?","M","R","E","?","T","M","?","E","?","?","R","BOSS"],"items_purchased_type":["Card","Relic","Card","Relic","Card"],"build_version":"2020-12-22","purchased_purges":10,"victory":true,"max_hp_per_floor":[76,76,76,76,76,76,76,76,76,76,76,76,76,76,76,76,76,76,76,76,76,76,76,76,76,76,76,76,76,76,76,76,76,76,76,76,76,76,76,76,76,76,76,76,76,76,76,76,76,76],"relic_stats":{"Nunchaku":[5],"Busted Crown":20,"counters":[27,127],"Sundial":[22],"Ornamental Fan":[132],"Gambling Chip":[19],"Bronze Scales":[126],"Eternal Feather":45,"Cursed Key":2,"Boot":[48],"obtain_stats":[{"chefmod:TrustyPot":0,"Eternal Feather":25,"Frozen Egg 2":6,"Cursed Key":17,"Ancient Tea Set":24,"Boot":43,"WarpedTongs":11,"Nunchaku":41,"Busted Crown":34,"Sundial":4,"Ornamental Fan":9,"Gambling Chip":13,"Bronze Scales":37,"chefmod:RollingPin":26,"Red Mask":38,"Toxic Egg 2":46},{"chefmod:TrustyPot":0,"Eternal Feather":14,"Frozen Egg 2":5,"Cursed Key":9,"Ancient Tea Set":14,"Boot":22,"WarpedTongs":5,"Nunchaku":22,"Busted Crown":18,"Sundial":3,"Ornamental Fan":5,"Gambling Chip":6,"Bronze Scales":20,"chefmod:RollingPin":14,"Red Mask":20,"Toxic Egg 2":25},{"chefmod:TrustyPot":0,"Eternal Feather":59,"Frozen Egg 2":20,"Cursed Key":39,"Ancient Tea Set":59,"Boot":96,"WarpedTongs":20,"Nunchaku":96,"Busted Crown":78,"Sundial":11,"Ornamental Fan":20,"Gambling Chip":24,"Bronze Scales":85,"chefmod:RollingPin":59,"Red Mask":85,"Toxic Egg 2":115}],"WarpedTongs":[96]},"card_choices":[{"not_picked":["chefmod:FullCourseMeal","chefmod:DeathByChocolate"],"picked":"chefmod:RisingDough","floor":0},{"not_picked":["chefmod:BaoBuns","chefmod:KnifeFlurry"],"picked":"chefmod:FireUp","floor":1},{"not_picked":["chefmod:ColdSteel","chefmod:FryPan"],"picked":"chefmod:HotSoup","floor":2},{"not_picked":["chefmod:FryPan","chefmod:VegetableTart"],"picked":"chefmod:Cleavers","floor":3},{"not_picked":["chefmod:HotSoup","chefmod:TastyDistraction"],"picked":"chefmod:FireUp","floor":5},{"not_picked":["chefmod:SaveForLater","chefmod:FarmersMarket"],"picked":"chefmod:BleedOut","floor":6},{"not_picked":["chefmod:IceCreamCone","chefmod:VegetableTart"],"picked":"chefmod:FireUp","floor":12},{"not_picked":["chefmod:SearedScallops","chefmod:PotatoGratin"],"picked":"chefmod:BaoBuns","floor":13},{"not_picked":["chefmod:Defrost","chefmod:SaveForLater"],"picked":"chefmod:FiveAlarmChili+1","floor":14},{"not_picked":["chefmod:TastyDistraction+1","chefmod:FullCourseMeal+1"],"picked":"chefmod:Tenderizer","floor":16},{"not_picked":["chefmod:ColdSteel","chefmod:SliceAndDice"],"picked":"chefmod:FreezeSolid+1","floor":18},{"not_picked":["chefmod:Fillet+1","chefmod:DinoKale"],"picked":"chefmod:ZaruSoba","floor":19},{"not_picked":["chefmod:LiquidNitrogen","chefmod:ColdSteel+1"],"picked":"chefmod:FarmersMarket","floor":20},{"not_picked":["chefmod:NewMenu","chefmod:HotSoup","chefmod:Defrost"],"picked":"SKIP","floor":22},{"not_picked":["chefmod:Cleavers","chefmod:BaoBuns"],"picked":"chefmod:DimSum+1","floor":24},{"not_picked":["chefmod:ColdSteel","chefmod:Gelato","chefmod:FireUp"],"picked":"SKIP","floor":27},{"not_picked":["chefmod:HotSoup+1","chefmod:Defrost","chefmod:SliceAndDice"],"picked":"SKIP","floor":28},{"not_picked":["chefmod:KnifeFlurry","chefmod:TwoForOne"],"picked":"chefmod:IcePick","floor":31},{"not_picked":["chefmod:TwoForOne","chefmod:Tenderizer"],"picked":"chefmod:BananaSplit+1","floor":33},{"not_picked":[],"picked":"chefmod:Chop+1","floor":35},{"not_picked":["chefmod:Leftovers+1"],"picked":"SKIP","floor":36},{"not_picked":["chefmod:SliceAndDice+1"],"picked":"SKIP","floor":39},{"not_picked":["chefmod:MonsterBait+1"],"picked":"SKIP","floor":41},{"not_picked":["chefmod:Fillet"],"picked":"SKIP","floor":44},{"not_picked":["chefmod:Gelato"],"picked":"SKIP","floor":45},{"not_picked":[],"picked":"chefmod:Omelette+1","floor":46},{"not_picked":["chefmod:FryPan+1"],"picked":"SKIP","floor":48}],"player_experience":676286,"relics_obtained":[{"floor":6,"key":"Frozen Egg 2"},{"floor":9,"key":"Ornamental Fan"},{"floor":24,"key":"Ancient Tea Set"},{"floor":26,"key":"chefmod:RollingPin"},{"floor":41,"key":"Nunchaku"},{"floor":43,"key":"Boot"},{"floor":46,"key":"Toxic Egg 2"}],"event_choices":[{"damage_healed":0,"gold_gain":0,"player_choice":"Relic ","damage_taken":12,"max_hp_gain":0,"max_hp_loss":0,"event_name":"betterThird:BetterScrap","floor":4,"gold_loss":0,"cards_obtained":["Pummel"]},{"damage_healed":0,"gold_gain":0,"player_choice":"Rummage","damage_taken":0,"relics_obtained":["WarpedTongs"],"max_hp_gain":0,"max_hp_loss":0,"event_name":"Accursed Blacksmith","floor":11,"gold_loss":0,"cards_obtained":["Pain"]},{"damage_healed":0,"gold_gain":0,"player_choice":"Searched \u00272\u0027 times","damage_taken":0,"relics_obtained":["Gambling Chip"],"max_hp_gain":0,"max_hp_loss":0,"event_name":"Dead Adventurer","floor":13,"gold_loss":0},{"damage_healed":0,"gold_gain":0,"player_choice":"Ignored","damage_taken":0,"max_hp_gain":0,"max_hp_loss":0,"event_name":"Vampires","floor":21,"gold_loss":0},{"damage_healed":0,"gold_gain":0,"cards_transformed":["Pain"],"player_choice":"Transformed","damage_taken":0,"max_hp_gain":0,"max_hp_loss":0,"event_name":"Transmorgrifier","floor":29,"gold_loss":0,"cards_obtained":["Clumsy"]},{"damage_healed":0,"gold_gain":0,"player_choice":"Paid","damage_taken":0,"relics_obtained":["Red Mask"],"max_hp_gain":0,"max_hp_loss":0,"event_name":"Tomb of Lord Red Mask","floor":38,"gold_loss":92},{"damage_healed":0,"gold_gain":0,"player_choice":"Copied","damage_taken":0,"max_hp_gain":0,"max_hp_loss":0,"event_name":"Duplicator","floor":42,"gold_loss":0,"cards_obtained":["chefmod:TodaysSpecial"]}],"is_beta":false,"boss_relics":[{"not_picked":["Coffee Dripper","Fusion Hammer"],"picked":"Cursed Key"},{"not_picked":["Pandora\u0027s Box","Philosopher\u0027s Stone"],"picked":"Busted Crown"}],"items_purged_floors":[8,8,8,25,25,25,37,37,47,47],"is_endless":false,"potions_floor_spawned":[1,14,16,18,20,24,28,36,46],"ascension_level":0}}