{"host":"qekv59dthhdg54sz","time":1609941835,"event":{"mods":["AchievementEnabler","BaseMod","Colored Map","DeckTracker","KOR Keyword Fix","Minty Spire (QoL Compilation)","Rare Cards Sparkle","StSLib","SuperFastMode"],"gold_per_floor":[112,112,128,53,53,93,93,107,134,59,77,77,96,96,96,185,185,168,68,68,68,0,30,30,30,30,50,50,50,83,83,83,154,154,167,186,186,186,61,61,93,93,116,116,6,41,41,67,67,67,67],"floor_reached":52,"playtime":1136,"items_purged":["Defend_G","Strike_G","Strike_G"],"score":2186,"play_id":"7a67a216-ee1f-49cc-86fb-7616fb63e80d","local_time":"20210106230355","is_ascension_mode":true,"campfire_choices":[{"data":"Deadly Poison","floor":7.0,"key":"SMITH"},{"data":"Caltrops","floor":12.0,"key":"SMITH"},{"data":"Neutralize","floor":15.0,"key":"SMITH"},{"data":"Acrobatics","floor":24.0,"key":"SMITH"},{"floor":29.0,"key":"REST"},{"floor":32.0,"key":"REST"},{"data":"Backflip","floor":40.0,"key":"SMITH"},{"floor":42,"key":"REST"},{"data":"Grand Finale","floor":44,"key":"SMITH"},{"data":"Adrenaline","floor":47,"key":"SMITH"},{"data":"Survivor","floor":49,"key":"SMITH"}],"circlet_count":0,"master_deck":["AscendersBane","Strike_G+1","Defend_G+1","Defend_G","Defend_G","Survivor+1","Neutralize+1","Caltrops+1","Backflip+1","Deadly Poison+1","Quick Slash+1","Grand Finale+1","Acrobatics+1","Adrenaline+1"],"relics":["Ring of the Snake","NeowsBlessing","Bloody Idol","Bag of Marbles","Blood Vial","Runic Pyramid","Thread and Needle","Juzu Bracelet","Sundial","Enchiridion","SlaversCollar","Blue Candle","Dream Catcher","Turnip","Bronze Scales"],"acts_visited":["Exordium","TheCity","TheBeyond"],"potions_floor_usage":[51],"damage_taken":[{"damage":0.0,"enemies":"Small Slimes","floor":1.0,"turns":1.0},{"damage":0.0,"enemies":"2 Louse","floor":3.0,"turns":1.0},{"damage":0.0,"enemies":"Lagavulin","floor":6.0,"turns":1.0},{"damage":7.0,"enemies":"Cultist","floor":8.0,"turns":4.0},{"damage":1.0,"enemies":"3 Louse","floor":11.0,"turns":3.0},{"damage":11.0,"enemies":"2 Fungi Beasts","floor":13.0,"turns":3.0},{"damage":7.0,"enemies":"The Guardian","floor":16.0,"turns":9.0},{"damage":15.0,"enemies":"2 Thieves","floor":18.0,"turns":4.0},{"damage":15.0,"enemies":"Book of Stabbing","floor":23.0,"turns":5.0},{"damage":6.0,"enemies":"Spheric Guardian","floor":27.0,"turns":4.0},{"damage":13.0,"enemies":"Slavers","floor":30.0,"turns":3.0},{"damage":22.0,"enemies":"Automaton","floor":33.0,"turns":7.0},{"damage":4.0,"enemies":"Orb Walker","floor":35.0,"turns":4.0},{"damage":6.0,"enemies":"3 Shapes","floor":36.0,"turns":3.0},{"damage":42,"enemies":"Nemesis","floor":41,"turns":11},{"damage":0,"enemies":"Giant Head","floor":46,"turns":4},{"damage":0,"enemies":"Reptomancer","floor":48,"turns":2},{"damage":22,"enemies":"Awakened One","floor":50,"turns":4},{"damage":27,"enemies":"Time Eater","floor":51,"turns":4}],"seed_played":"-1156055781187252003","potions_obtained":[{"floor":1.0,"key":"Swift Potion"},{"floor":11.0,"key":"FairyPotion"},{"floor":46,"key":"GamblersBrew"}],"is_trial":false,"path_per_floor":["M","?","M","?","?","E","R","M","T","$","M","R","M","?","R","B",null,"M","$","?","$","?","E","R","$","T","M","?","R","E","?","R","B",null,"M","M","?","?","$","R","E","R","T","R","?","E","R","E","R","B","B",null],"character_chosen":"THE_SILENT","items_purchased":[],"campfire_rested":3,"item_purchase_floors":[],"current_hp_per_floor":[59,39,39,39,39,39,39,32,32,32,33,33,24,24,24,19,50,37,37,37,37,37,29,29,29,29,30,30,48,42,21,39,24,51,54,55,55,55,55,55,20,38,43,43,43,50,50,57,57,37,12],"gold":67,"neow_bonus":"THREE_ENEMY_KILL","is_daily":false,"chose_seed":false,"campfire_upgraded":8,"win_rate":0.0,"timestamp":1609941835,"path_taken":["M","?","M","?","?","E","R","M","T","$","M","R","M","?","R","BOSS","M","$","?","$","?","E","R","$","T","M","?","R","E","?","R","BOSS","M","M","?","?","$","R","E","R","T","R","?","E","R","E","R","BOSS","BOSS"],"items_purchased_type":[],"build_version":"2020-12-22","purchased_purges":3,"victory":true,"max_hp_per_floor":[66,66,66,66,60,60,60,60,60,60,60,60,60,60,60,60,60,60,60,60,60,60,60,60,60,60,60,60,60,60,60,60,60,60,60,60,60,60,60,60,60,60,60,60,60,60,60,60,60,60,60],"card_choices":[{"not_picked":["Outmaneuver","Endless Agony"],"picked":"Caltrops","floor":1.0},{"not_picked":["Slice","Deflect"],"picked":"Backflip","floor":3.0},{"not_picked":["Distraction","Riddle With Holes"],"picked":"Deadly Poison","floor":6.0},{"not_picked":["Setup","Underhanded Strike","Heel Hook"],"picked":"SKIP","floor":8.0},{"not_picked":["Endless Agony","Underhanded Strike"],"picked":"Quick Slash","floor":11.0},{"not_picked":["Blade Dance","Dodge and Roll","Sucker Punch"],"picked":"SKIP","floor":13.0},{"not_picked":["Night Terror","Wraith Form v2"],"picked":"Grand Finale","floor":16.0},{"not_picked":["Cloak And Dagger+1","Backflip","Outmaneuver"],"picked":"SKIP","floor":18.0},{"not_picked":["Flechettes","Endless Agony+1"],"picked":"Acrobatics","floor":23.0},{"not_picked":["Dodge and Roll","Dagger Spray","Slice"],"picked":"SKIP","floor":27.0},{"not_picked":["Blade Dance","Crippling Poison","Acrobatics"],"picked":"SKIP","floor":30.0},{"not_picked":["PiercingWail","Slice","Deadly Poison"],"picked":"SKIP","floor":35.0},{"not_picked":["Poisoned Stab","Bane","Outmaneuver+1"],"picked":"SKIP","floor":36.0},{"not_picked":["Riddle With Holes","Underhanded Strike","Flechettes+1"],"picked":"SKIP","floor":41},{"not_picked":["Slice","Acrobatics"],"picked":"Adrenaline","floor":46},{"not_picked":["Caltrops+1","Outmaneuver","Slice"],"picked":"SKIP","floor":48}],"player_experience":758246,"relics_obtained":[{"floor":6.0,"key":"Bag of Marbles"},{"floor":9.0,"key":"Blood Vial"},{"floor":23.0,"key":"Thread and Needle"},{"floor":26.0,"key":"Juzu Bracelet"},{"floor":30.0,"key":"Sundial"},{"floor":31.0,"key":"Enchiridion"},{"floor":41,"key":"Blue Candle"},{"floor":43,"key":"Dream Catcher"},{"floor":46,"key":"Turnip"},{"floor":48,"key":"Bronze Scales"}],"event_choices":[{"damage_healed":0.0,"max_hp_gain":0.0,"max_hp_loss":0.0,"gold_gain":0.0,"event_name":"Shining Light","player_choice":"Entered Light","floor":2.0,"gold_loss":0.0,"damage_taken":20.0,"cards_upgraded":["Defend_G","Strike_G"]},{"cards_removed":["Strike_G"],"damage_healed":0.0,"max_hp_gain":0.0,"max_hp_loss":0.0,"gold_gain":0.0,"event_name":"The Cleric","player_choice":"Card Removal","floor":4.0,"gold_loss":75.0,"damage_taken":0.0},{"damage_healed":0.0,"max_hp_gain":0.0,"max_hp_loss":6.0,"gold_gain":0.0,"event_name":"Golden Idol","player_choice":"Lose Max HP","floor":5.0,"gold_loss":0.0,"damage_taken":0.0,"relics_obtained":["Golden Idol"]},{"damage_healed":0.0,"max_hp_gain":0.0,"max_hp_loss":0.0,"gold_gain":0.0,"event_name":"Lab","player_choice":"Got Potions","floor":14.0,"gold_loss":0.0,"damage_taken":0.0},{"damage_healed":0.0,"max_hp_gain":0.0,"max_hp_loss":0.0,"gold_gain":0.0,"event_name":"Forgotten Altar","player_choice":"Gave Idol","floor":20.0,"relics_lost":["Golden Idol"],"gold_loss":0.0,"damage_taken":0.0,"relics_obtained":["Bloody Idol"]},{"damage_healed":0.0,"max_hp_gain":0.0,"max_hp_loss":0.0,"gold_gain":0.0,"event_name":"Masked Bandits","player_choice":"Paid Fearfully","floor":22.0,"gold_loss":68.0,"damage_taken":0.0},{"damage_healed":0.0,"max_hp_gain":0.0,"max_hp_loss":0.0,"gold_gain":0.0,"event_name":"Ghosts","player_choice":"Ignored","floor":28.0,"gold_loss":0.0,"damage_taken":0.0},{"damage_healed":0.0,"max_hp_gain":0.0,"max_hp_loss":0.0,"gold_gain":0.0,"event_name":"Cursed Tome","player_choice":"Obtained Book","floor":31.0,"gold_loss":0.0,"damage_taken":21.0},{"cards_removed":["Strike_G"],"damage_healed":0.0,"max_hp_gain":0.0,"max_hp_loss":0.0,"gold_gain":0.0,"event_name":"Falling","player_choice":"Removed Attack","floor":37.0,"gold_loss":0.0,"damage_taken":0.0},{"damage_healed":0.0,"max_hp_gain":0.0,"max_hp_loss":0.0,"gold_gain":0.0,"event_name":"Tomb of Lord Red Mask","player_choice":"Ignored","floor":38.0,"gold_loss":0.0,"damage_taken":0.0},{"cards_removed":["Defend_G"],"damage_healed":0,"gold_gain":0,"player_choice":"Upgrade and Remove","damage_taken":0,"max_hp_gain":0,"max_hp_loss":0,"event_name":"Designer","floor":45,"gold_loss":110,"cards_upgraded":["Quick Slash"]}],"is_beta":false,"boss_relics":[{"not_picked":["WristBlade","HoveringKite"],"picked":"Runic Pyramid"},{"not_picked":["Cursed Key","SacredBark"],"picked":"SlaversCollar"}],"items_purged_floors":[10,19,39],"is_endless":false,"potions_floor_spawned":[1,11,13,30,33,41,46,48],"ascension_level":20}}