{"host":"hbwa3kjetxrogfq8","time":1609966989,"event":{"mods":["AchievementEnabler","BaseMod","Block Reminder","Colored Map","Colored Powertips","Highlight Path","Minty Spire (QoL Compilation)","Rare Cards Sparkle","Relic Stats","StSLib"],"gold_per_floor":[13,24,41,57,74,74,74,104,104,379,379,398,215,227,227,330,330,344,344,24,44,56,56,86,105,105,105,105,124,124,124,124,223,223,237,237,237,31,43,43,53,53,53,53,69,0,18,118,118,118,118],"floor_reached":50,"playtime":2314,"items_purged":["Regret","Hyperbeam+1"],"score":657,"play_id":"0353dea6-f074-49e7-9d5b-66cfc92cf377","local_time":"20210106220309","is_ascension_mode":true,"campfire_choices":[{"data":"Zap","floor":6,"key":"SMITH"},{"data":"Dualcast","floor":11,"key":"SMITH"},{"floor":15,"key":"REST"},{"floor":23,"key":"REST"},{"floor":27,"key":"REST"},{"floor":30,"key":"REST"},{"floor":32,"key":"REST"},{"data":"Blizzard","floor":40,"key":"SMITH"},{"floor":42,"key":"REST"},{"floor":49,"key":"REST"}],"circlet_count":0,"master_deck":["Zap+1","Dualcast+1","Gash","Gash","Melter","Self Repair","Cold Snap","Redo","Skim","Blizzard+1","Scrape+1","Static Discharge","Streamline","Turbo","Machine Learning","FTL","Barrage+1","Capacitor","Hologram+1","Machine Learning","Consume","Coolheaded+1","Self Repair","Electrodynamics","Ball Lightning+1","Reboot+1","Glacier+1","Panache","Coolheaded","Cold Snap","Steam Power+1","Coolheaded+1","Cold Snap+1","Doom and Gloom","Cold Snap"],"relics":["Cracked Core","Shuriken","Pear","Pandora\u0027s Box","Strawberry","Oddly Smooth Stone","Letter Opener","Nilry\u0027s Codex","Astrolabe","InkBottle"],"acts_visited":["Exordium","TheCity","TheBeyond"],"potions_floor_usage":[16,16,16,24,24,29,45,50],"damage_taken":[{"damage":2,"enemies":"Jaw Worm","floor":1,"turns":3},{"damage":1,"enemies":"Cultist","floor":2,"turns":3},{"damage":3,"enemies":"2 Louse","floor":3,"turns":2},{"damage":2,"enemies":"Large Slime","floor":4,"turns":5},{"damage":12,"enemies":"Looter","floor":5,"turns":3},{"damage":40,"enemies":"3 Sentries","floor":8,"turns":7},{"damage":12,"enemies":"2 Fungi Beasts","floor":12,"turns":2},{"damage":30,"enemies":"Gremlin Gang","floor":14,"turns":3},{"damage":23,"enemies":"Hexaghost","floor":16,"turns":6},{"damage":29,"enemies":"2 Thieves","floor":18,"turns":3},{"damage":10,"enemies":"Chosen","floor":21,"turns":3},{"damage":41,"enemies":"Centurion and Healer","floor":22,"turns":5},{"damage":54,"enemies":"Gremlin Leader","floor":24,"turns":4},{"damage":24,"enemies":"Snake Plant","floor":25,"turns":3},{"damage":26,"enemies":"3 Cultists","floor":29,"turns":4},{"damage":79,"enemies":"Collector","floor":33,"turns":9},{"damage":19,"enemies":"Orb Walker","floor":35,"turns":3},{"damage":3,"enemies":"3 Shapes","floor":39,"turns":3},{"damage":42,"enemies":"Maw","floor":41,"turns":8},{"damage":16,"enemies":"3 Darklings","floor":45,"turns":3},{"damage":47,"enemies":"Spire Growth","floor":47,"turns":5},{"damage":72,"enemies":"Donu and Deca","floor":50,"turns":4}],"seed_played":"1428897661381570034","potions_obtained":[{"floor":2,"key":"DuplicationPotion"},{"floor":4,"key":"CultistPotion"},{"floor":5,"key":"FocusPotion"},{"floor":18,"key":"LiquidBronze"},{"floor":22,"key":"Fire Potion"},{"floor":25,"key":"Energy Potion"},{"floor":33,"key":"Energy Potion"},{"floor":45,"key":"BlessingOfTheForge"}],"is_trial":false,"path_per_floor":["M","M","M","M","M","R","$","E","T","?","R","M","$","M","R","B",null,"M","?","$","M","M","R","E","M","T","R","?","M","R","?","R","B",null,"M","?","?","$","M","R","M","R","T","?","M","$","M","?","R","B"],"character_chosen":"DEFECT","items_purchased":["Skim","Blizzard","FairyPotion","Strawberry","Capacitor","Coolheaded","Cold Snap","Doom and Gloom"],"campfire_rested":7,"item_purchase_floors":[13,13,20,20,20,38,38,46],"current_hp_per_floor":[87,86,83,81,69,69,69,36,46,46,46,41,41,18,47,31,99,77,77,84,74,40,71,24,38,38,69,53,27,58,58,89,10,106,101,101,101,101,98,98,63,94,94,94,78,78,38,38,69,0,0],"gold":118,"neow_bonus":"TWENTY_PERCENT_HP_BONUS","is_daily":false,"chose_seed":false,"campfire_upgraded":3,"win_rate":0.0,"timestamp":1609966989,"path_taken":["M","M","M","M","M","R","$","E","T","?","R","?","$","M","R","BOSS","M","?","$","M","?","R","E","M","T","R","?","M","R","?","R","BOSS","M","?","?","$","M","R","M","R","T","?","M","$","?","?","R","BOSS"],"items_purchased_type":["Card","Card","Potion","Relic","Card","Card","Card","Card"],"build_version":"2020-12-22","purchased_purges":2,"victory":false,"max_hp_per_floor":[89,89,89,89,89,89,89,89,99,99,99,99,99,99,99,99,99,99,99,106,106,106,106,106,106,106,106,106,106,106,106,106,106,106,106,106,106,106,106,106,106,106,106,106,106,106,106,106,106,106,106],"relic_stats":{"counters":[22,91],"Shuriken":[34],"Astrolabe":["Ball Lightning","Hyperbeam","Reboot"],"Pandora\u0027s Box":["Static Discharge","Hello World","Streamline","Streamline","Turbo","Machine Learning","FTL","Melter"],"Letter Opener":[147],"obtain_stats":[{"Pear":9,"Shuriken":8,"Nilry\u0027s Codex":28,"Strawberry":20,"Astrolabe":34,"Oddly Smooth Stone":24,"Pandora\u0027s Box":17,"Letter Opener":26,"Cracked Core":0,"InkBottle":43},{"Pear":6,"Shuriken":6,"Nilry\u0027s Codex":14,"Strawberry":10,"Astrolabe":16,"Oddly Smooth Stone":13,"Pandora\u0027s Box":9,"Letter Opener":14,"Cracked Core":0,"InkBottle":19},{"Pear":23,"Shuriken":23,"Nilry\u0027s Codex":52,"Strawberry":37,"Astrolabe":65,"Oddly Smooth Stone":49,"Pandora\u0027s Box":34,"Letter Opener":52,"Cracked Core":0,"InkBottle":79}],"InkBottle":[7]},"card_choices":[{"not_picked":["Sweeping Beam","Recycle"],"picked":"Gash","floor":1},{"not_picked":["Consume","Double Energy"],"picked":"Gash","floor":2},{"not_picked":["Go for the Eyes","Conserve Battery"],"picked":"Melter","floor":3},{"not_picked":["Steam","Leap"],"picked":"Melter","floor":4},{"not_picked":["Beam Cell","Heatsinks"],"picked":"Self Repair","floor":5},{"not_picked":["Steam","Turbo"],"picked":"Cold Snap","floor":8},{"not_picked":["Chaos","Reboot"],"picked":"Redo","floor":12},{"not_picked":["Streamline","Chaos"],"picked":"Scrape","floor":14},{"not_picked":["Double Energy+1","Undo"],"picked":"Barrage+1","floor":18},{"not_picked":["Redo","Rebound"],"picked":"Hologram+1","floor":21},{"not_picked":["Leap","Compile Driver"],"picked":"Machine Learning","floor":22},{"not_picked":["Rebound","Cold Snap"],"picked":"Consume","floor":24},{"not_picked":["Force Field","Barrage"],"picked":"Coolheaded+1","floor":25},{"not_picked":["Aggregate","Redo"],"picked":"Self Repair","floor":29},{"not_picked":["Machine Learning","Multi-Cast"],"picked":"Electrodynamics","floor":33},{"not_picked":["Capacitor+1","Sweeping Beam"],"picked":"Glacier+1","floor":35},{"not_picked":["Finesse","PanicButton"],"picked":"Panache","floor":37},{"not_picked":["Barrage","FTL"],"picked":"Steam Power+1","floor":39},{"not_picked":["Tempest","Gash+1"],"picked":"Coolheaded+1","floor":41},{"not_picked":["Beam Cell+1","Sweeping Beam"],"picked":"Cold Snap+1","floor":45},{"not_picked":["Chill","Go for the Eyes"],"picked":"Cold Snap","floor":47}],"player_experience":620618,"relics_obtained":[{"floor":8,"key":"Shuriken"},{"floor":9,"key":"Pear"},{"floor":24,"key":"Oddly Smooth Stone"},{"floor":26,"key":"Letter Opener"},{"floor":28,"key":"Nilry\u0027s Codex"},{"floor":43,"key":"InkBottle"}],"event_choices":[{"damage_healed":0,"gold_gain":275,"player_choice":"Desecrate","damage_taken":0,"max_hp_gain":0,"max_hp_loss":0,"event_name":"Golden Shrine","floor":10,"gold_loss":0,"cards_obtained":["Regret"]},{"cards_removed":["Streamline"],"damage_healed":0,"gold_gain":0,"player_choice":"Card Removal","damage_taken":0,"max_hp_gain":0,"max_hp_loss":0,"event_name":"Wheel of Change","floor":19,"gold_loss":0},{"damage_healed":0,"gold_gain":0,"player_choice":"Obtained Book","damage_taken":16,"max_hp_gain":0,"max_hp_loss":0,"event_name":"Cursed Tome","floor":28,"gold_loss":0},{"damage_healed":0,"gold_gain":0,"player_choice":"Ignored","damage_taken":0,"max_hp_gain":0,"max_hp_loss":0,"event_name":"Vampires","floor":31,"gold_loss":0},{"damage_healed":0,"gold_gain":0,"player_choice":"Ignored","damage_taken":0,"max_hp_gain":0,"max_hp_loss":0,"event_name":"Tomb of Lord Red Mask","floor":36,"gold_loss":0},{"damage_healed":0,"gold_gain":0,"player_choice":"Memory 1","damage_taken":0,"max_hp_gain":0,"max_hp_loss":0,"event_name":"SensoryStone","floor":37,"gold_loss":0},{"damage_healed":0,"gold_gain":0,"player_choice":"Upgraded","damage_taken":0,"max_hp_gain":0,"max_hp_loss":0,"event_name":"Upgrade Shrine","floor":44,"gold_loss":0,"cards_upgraded":["Scrape"]},{"damage_healed":0,"gold_gain":100,"player_choice":"Pray","damage_taken":0,"max_hp_gain":0,"max_hp_loss":0,"event_name":"Golden Shrine","floor":48,"gold_loss":0}],"is_beta":false,"boss_relics":[{"not_picked":["Philosopher\u0027s Stone","Runic Dome"],"picked":"Pandora\u0027s Box"},{"not_picked":["Snecko Eye","Runic Pyramid"],"picked":"Astrolabe"}],"items_purged_floors":[13,38],"is_endless":false,"potions_floor_spawned":[2,4,5,14,18,22,25,33,45],"killed_by":"Donu and Deca","ascension_level":4}}