{"host":"dyggtcpod2kd5hqt","time":1609951427,"event":{"mods":["2.2 Compatiblity","AchievementEnabler","BaseMod","Bestiary","Block Reminder","Colored Map","Colored Powertips","Minty Spire (QoL Compilation)","Quick Restart","Rare Cards Sparkle","Relic Stats","Unknown Chances"],"gold_per_floor":[113,19,30,30,30,59,59],"floor_reached":6,"playtime":83,"items_purged":[],"score":69,"play_id":"1abfc015-8863-4a5d-a1cd-29a531629243","local_time":"20210106114347","is_ascension_mode":false,"campfire_choices":[],"circlet_count":0,"master_deck":["Strike_P","Strike_P","Strike_P","Strike_P","Defend_P","Defend_P","Defend_P","Defend_P","Eruption+1","Vigilance","CutThroughFate","FlurryOfBlows","MentalFortress","BowlingBash"],"relics":["PureWater","NeowsBlessing","NlothsMask","Art of War"],"acts_visited":["Exordium"],"potions_floor_usage":[],"damage_taken":[{"damage":0,"enemies":"Cultist","floor":1,"turns":1},{"damage":0,"enemies":"2 Louse","floor":3,"turns":1},{"damage":0,"enemies":"Lagavulin","floor":6,"turns":1}],"seed_played":"4075879119275342561","potions_obtained":[{"floor":3,"key":"Fruit Juice"}],"is_trial":false,"path_per_floor":["M","$","M","?","?","E"],"character_chosen":"WATCHER","items_purchased":["FlurryOfBlows","MentalFortress"],"campfire_rested":0,"item_purchase_floors":[2,2],"current_hp_per_floor":[72,72,72,72,72,72,72],"gold":59,"neow_bonus":"THREE_ENEMY_KILL","is_daily":false,"chose_seed":false,"campfire_upgraded":0,"win_rate":0.0,"timestamp":1609951427,"path_taken":["M","?","M","?","?","E"],"items_purchased_type":["Card","Card"],"build_version":"2020-12-22","purchased_purges":0,"victory":false,"max_hp_per_floor":[72,72,72,72,72,72,72],"relic_stats":{"counters":[3,3],"Art of War":[0],"obtain_stats":[{"NeowsBlessing":0,"Art of War":6,"PureWater":0,"NlothsMask":5},{"NeowsBlessing":0,"Art of War":3,"PureWater":0,"NlothsMask":2},{"NeowsBlessing":0,"Art of War":3,"PureWater":0,"NlothsMask":2}]},"card_choices":[{"not_picked":["Prostrate","ThirdEye"],"picked":"CutThroughFate","floor":1},{"not_picked":["FlyingSleeves","CrushJoints"],"picked":"BowlingBash","floor":3}],"player_experience":654392,"relics_obtained":[{"floor":6,"key":"Art of War"}],"event_choices":[{"damage_healed":0,"gold_gain":0,"player_choice":"Grow","damage_taken":0,"max_hp_gain":0,"max_hp_loss":0,"event_name":"Living Wall","floor":4,"gold_loss":0,"cards_upgraded":["Eruption"]},{"damage_healed":0,"gold_gain":0,"player_choice":"Trade","damage_taken":0,"relics_obtained":["NlothsMask"],"max_hp_gain":0,"max_hp_loss":0,"event_name":"FaceTrader","floor":5,"gold_loss":0}],"is_beta":false,"boss_relics":[],"items_purged_floors":[],"is_endless":false,"potions_floor_spawned":[3],"killed_by":"Lagavulin","ascension_level":0}}