{"host":"gg","time":1609954767,"event":{"mods":["BaseMod","Colored Map","Googly Eyes","Minty Spire (QoL Compilation)","Permanent Neow","Relic Stats","The IronCluck"],"gold_per_floor":[119,194,211,221,221,221,20,48,48,73,73,99,99,129,129,205,205,205,205],"floor_reached":18,"playtime":778,"items_purged":["Defend_P"],"score":372,"play_id":"b085b426-da30-42ba-bece-b60845526cb7","local_time":"20210106093927","is_ascension_mode":true,"campfire_choices":[{"data":"Eruption","floor":6.0,"key":"SMITH"},{"floor":11.0,"key":"REST"},{"floor":13,"key":"REST"},{"data":"Adaptation","floor":15,"key":"SMITH"}],"circlet_count":0,"master_deck":["AscendersBane","Strike_P","Strike_P","Strike_P","Strike_P","Defend_P","Defend_P+1","Defend_P+1","Eruption+1","Vigilance","CrushJoints","Wallop","Adaptation+1","Conclude","FlurryOfBlows","SashWhip","Devotion+1"],"relics":["VioletLotus","Gremlin Horn","Pantograph","Smiling Mask","War Paint","Frozen Egg 2","Ectoplasm"],"acts_visited":["Exordium","TheCity"],"potions_floor_usage":[16],"damage_taken":[{"damage":4.0,"enemies":"2 Louse","floor":1.0,"turns":3.0},{"damage":1.0,"enemies":"Small Slimes","floor":3.0,"turns":4.0},{"damage":2.0,"enemies":"Jaw Worm","floor":4.0,"turns":4.0},{"damage":17.0,"enemies":"Gremlin Nob","floor":8.0,"turns":3.0},{"damage":26.0,"enemies":"Lagavulin","floor":10.0,"turns":7.0},{"damage":16.0,"enemies":"Gremlin Nob","floor":12.0,"turns":3.0},{"damage":22,"enemies":"3 Sentries","floor":14,"turns":4},{"damage":12,"enemies":"Slime Boss","floor":16,"turns":8},{"damage":0,"enemies":"2 Thieves","floor":18,"turns":1}],"seed_played":"1267611096790889947","potions_obtained":[{"floor":3.0,"key":"LiquidBronze"},{"floor":4.0,"key":"PowerPotion"},{"floor":10.0,"key":"Energy Potion"}],"is_trial":false,"path_per_floor":["M","?","M","M","?","R","$","E","T","E","R","E","R","E","R","B",null,"M"],"character_chosen":"WATCHER","items_purchased":["Adaptation","Conclude"],"campfire_rested":2,"item_purchase_floors":[7,7],"current_hp_per_floor":[57,46,45,43,48,48,48,31,31,5,26,10,31,9,9,22,60,60,60],"gold":205,"neow_bonus":"BOSS_RELIC","is_daily":false,"chose_seed":false,"campfire_upgraded":2,"win_rate":0.0,"timestamp":1609954767,"path_taken":["M","?","M","M","?","R","?","E","T","E","R","E","R","E","R","BOSS","M"],"items_purchased_type":["Card","Card"],"build_version":"2020-12-18","purchased_purges":1,"victory":false,"max_hp_per_floor":[68,68,68,68,73,73,73,73,73,73,73,73,73,73,73,73,73,73,73],"relic_stats":{"Gremlin Horn":[4,4],"counters":[9,37],"Pantograph":25,"VioletLotus":[6],"Ectoplasm":0,"War Paint":["Defend_P","Defend_P"],"Smiling Mask":0,"obtain_stats":[{"Gremlin Horn":8,"Pantograph":9,"VioletLotus":0,"Ectoplasm":17,"PureWater":0,"War Paint":12,"Frozen Egg 2":14,"Smiling Mask":10},{"Gremlin Horn":4,"Pantograph":4,"VioletLotus":0,"Ectoplasm":8,"PureWater":0,"War Paint":6,"Frozen Egg 2":7,"Smiling Mask":5},{"Gremlin Horn":14,"Pantograph":14,"VioletLotus":0,"Ectoplasm":36,"PureWater":0,"War Paint":24,"Frozen Egg 2":28,"Smiling Mask":21}]},"card_choices":[{"not_picked":["Prostrate","FollowUp"],"picked":"CrushJoints","floor":1.0},{"not_picked":["Indignation","Protect","EmptyBody"],"picked":"SKIP","floor":3.0},{"not_picked":["LikeWater","Evaluate"],"picked":"Wallop","floor":4.0},{"not_picked":["CrushJoints","Prostrate"],"picked":"FlurryOfBlows","floor":8.0},{"not_picked":["Nirvana","Conclude","CarveReality"],"picked":"SKIP","floor":10.0},{"not_picked":["EmptyBody","Crescendo"],"picked":"SashWhip","floor":12.0},{"not_picked":["Crescendo","SashWhip","EmptyMind"],"picked":"SKIP","floor":14},{"not_picked":["Scrawl","Blasphemy"],"picked":"Devotion+1","floor":16}],"player_experience":1073249,"relics_obtained":[{"floor":8.0,"key":"Gremlin Horn"},{"floor":9.0,"key":"Pantograph"},{"floor":10.0,"key":"Smiling Mask"},{"floor":12.0,"key":"War Paint"},{"floor":14,"key":"Frozen Egg 2"}],"event_choices":[{"damage_healed":0.0,"max_hp_gain":0.0,"max_hp_loss":0.0,"gold_gain":75.0,"event_name":"World of Goop","player_choice":"Gather Gold","floor":2.0,"gold_loss":0.0,"damage_taken":11.0},{"damage_healed":0.0,"max_hp_gain":5.0,"max_hp_loss":0.0,"gold_gain":0.0,"event_name":"Big Fish","player_choice":"Donut","floor":5.0,"gold_loss":0.0,"damage_taken":0.0}],"is_beta":true,"boss_relics":[{"not_picked":["Runic Dome","Tiny House"],"picked":"Ectoplasm"}],"items_purged_floors":[7],"is_endless":false,"potions_floor_spawned":[3,4,10],"killed_by":"2 Thieves","ascension_level":20}}