{"host":"c3lc60y5x60jlt1y","time":1609959745,"event":{"mods":["AchievementEnabler","BaseMod","Bestiary","Colored Map","Minty Spire (QoL Compilation)","Quick Restart","StSLib","ojb\u0027s Info Mod"],"gold_per_floor":[119,119,119,131,151,176,176,211,211,211,43,8,26,42,42,140,140,156,10,21,46,46,71,71,71,71,100,100,100,100],"floor_reached":29,"playtime":3026,"items_purged":["Defend_B"],"score":309,"play_id":"4c7e0c7a-18fc-4acb-b11a-758b673b1119","local_time":"20210106210225","is_ascension_mode":true,"campfire_choices":[{"data":"Rainbow","floor":7,"key":"SMITH"},{"floor":10,"key":"REST"},{"data":"Hologram","floor":15,"key":"SMITH"},{"floor":24,"key":"REST"}],"circlet_count":0,"master_deck":["Strike_B","Defend_B","Defend_B","Zap","Dualcast","Rainbow+1","Darkness","Hologram+1","Undo","Thunder Strike","Meteor Strike","Capacitor","Turbo","Lockon","Streamline","Buffer","Compile Driver+1","Coolheaded","Chill+1","Reboot","RitualDagger","Capacitor","Heatsinks","Capacitor"],"relics":["Cracked Core","Regal Pillow","HornCleat","Orichalcum","SlaversCollar","Runic Capacitor","Red Mask","Gambling Chip","Du-Vu Doll","Potion Belt"],"acts_visited":["Exordium","TheCity"],"potions_floor_usage":[8,8,21,23,29,29],"damage_taken":[{"damage":0,"enemies":"2 Louse","floor":1,"turns":3},{"damage":6,"enemies":"Jaw Worm","floor":4,"turns":2},{"damage":0,"enemies":"Cultist","floor":5,"turns":3},{"damage":22,"enemies":"3 Sentries","floor":6,"turns":6},{"damage":23,"enemies":"Gremlin Nob","floor":8,"turns":4},{"damage":0,"enemies":"2 Fungi Beasts","floor":13,"turns":4},{"damage":4,"enemies":"3 Louse","floor":14,"turns":2},{"damage":31,"enemies":"The Guardian","floor":16,"turns":10},{"damage":0,"enemies":"3 Byrds","floor":18,"turns":4},{"damage":11,"enemies":"Chosen","floor":20,"turns":6},{"damage":28,"enemies":"Masked Bandits","floor":21,"turns":4},{"damage":0,"enemies":"Gremlin Leader","floor":23,"turns":9},{"damage":26,"enemies":"Book of Stabbing","floor":27,"turns":7},{"damage":74,"enemies":"Gremlin Leader","floor":29,"turns":8}],"seed_played":"-2861368531955769429","potions_obtained":[{"floor":4,"key":"FocusPotion"},{"floor":5,"key":"Strength Potion"},{"floor":6,"key":"FocusPotion"},{"floor":13,"key":"FairyPotion"},{"floor":14,"key":"FocusPotion"},{"floor":20,"key":"DuplicationPotion"},{"floor":23,"key":"SkillPotion"},{"floor":27,"key":"SkillPotion"}],"is_trial":false,"path_per_floor":["M","?","?","M","M","E","R","E","T","R","$","?","M","M","R","B",null,"M","$","M","?","?","E","R","?","T","E","?","E"],"character_chosen":"DEFECT","items_purchased":["Capacitor","Turbo","Runic Capacitor"],"campfire_rested":2,"item_purchase_floors":[11,11,19],"current_hp_per_floor":[68,61,61,55,55,33,33,10,10,45,45,62,62,58,58,27,68,68,68,57,29,29,29,64,58,58,32,32,0,0],"gold":100,"neow_bonus":"THREE_RARE_CARDS","is_daily":false,"chose_seed":false,"campfire_upgraded":2,"win_rate":0.0,"timestamp":1609959745,"path_taken":["M","?","?","M","?","E","R","E","T","R","$","?","M","M","R","BOSS","M","$","M","?","?","E","R","?","T","E","?","E"],"items_purchased_type":["Card","Card","Relic"],"build_version":"2020-12-22","purchased_purges":1,"victory":false,"max_hp_per_floor":[68,68,68,68,68,68,68,68,68,68,68,68,68,68,68,68,68,68,68,68,68,68,68,68,68,68,68,68,68,68],"card_choices":[{"not_picked":["Meteor Strike","All For One"],"picked":"Rainbow","floor":0},{"not_picked":["Cold Snap","Hello World"],"picked":"Darkness","floor":1},{"not_picked":["Steam","Beam Cell"],"picked":"Hologram","floor":4},{"not_picked":["Heatsinks","FTL"],"picked":"Undo","floor":5},{"not_picked":["Ball Lightning","Beam Cell"],"picked":"Thunder Strike","floor":6},{"not_picked":["Sweeping Beam","Rip and Tear"],"picked":"Meteor Strike","floor":8},{"not_picked":["Sweeping Beam","Barrage"],"picked":"Lockon","floor":13},{"not_picked":["Go for the Eyes","Barrage"],"picked":"Streamline","floor":14},{"not_picked":["Biased Cognition","Fission"],"picked":"Buffer","floor":16},{"not_picked":["Self Repair","Defragment+1"],"picked":"Compile Driver+1","floor":18},{"not_picked":["Blizzard+1","Streamline"],"picked":"Coolheaded","floor":20},{"not_picked":["Barrage+1","Stack"],"picked":"Chill+1","floor":21},{"not_picked":["Ball Lightning","Fission"],"picked":"Reboot","floor":23},{"not_picked":["Reinforced Body","Steam+1"],"picked":"Capacitor","floor":27}],"player_experience":7599698,"relics_obtained":[{"floor":6,"key":"Regal Pillow"},{"floor":8,"key":"HornCleat"},{"floor":9,"key":"Orichalcum"},{"floor":21,"key":"Red Mask"},{"floor":23,"key":"Gambling Chip"},{"floor":26,"key":"Du-Vu Doll"},{"floor":27,"key":"Potion Belt"}],"event_choices":[{"cards_removed":["Strike_B"],"damage_healed":0,"gold_gain":0,"player_choice":"Card Removal","damage_taken":7,"max_hp_gain":0,"max_hp_loss":0,"event_name":"Golden Wing","floor":2,"gold_loss":0},{"cards_removed":["Strike_B"],"damage_healed":0,"gold_gain":0,"player_choice":"Purged","damage_taken":0,"max_hp_gain":0,"max_hp_loss":0,"event_name":"Purifier","floor":3,"gold_loss":0},{"damage_healed":17,"gold_gain":0,"player_choice":"Healed","damage_taken":0,"max_hp_gain":0,"max_hp_loss":0,"event_name":"The Cleric","floor":12,"gold_loss":35},{"damage_healed":0,"gold_gain":0,"player_choice":"Fought Bandits","damage_taken":0,"max_hp_gain":0,"max_hp_loss":0,"event_name":"Masked Bandits","floor":21,"gold_loss":0},{"damage_healed":0,"gold_gain":0,"player_choice":"Ignored","damage_taken":0,"max_hp_gain":0,"max_hp_loss":0,"event_name":"Vampires","floor":22,"gold_loss":0},{"damage_healed":0,"gold_gain":0,"player_choice":"Joined the Cult","damage_taken":6,"max_hp_gain":0,"max_hp_loss":0,"event_name":"Nest","floor":25,"gold_loss":0,"cards_obtained":["RitualDagger"]},{"damage_healed":0,"gold_gain":0,"cards_transformed":["Strike_B","Defend_B"],"player_choice":"Became Test Subject","damage_taken":0,"max_hp_gain":0,"max_hp_loss":0,"event_name":"Drug Dealer","floor":28,"gold_loss":0,"cards_obtained":["Heatsinks","Capacitor"]}],"is_beta":false,"boss_relics":[{"not_picked":["Empty Cage","Velvet Choker"],"picked":"SlaversCollar"}],"items_purged_floors":[11],"is_endless":false,"potions_floor_spawned":[4,5,6,13,14,20,23,27],"killed_by":"Gremlin Leader","ascension_level":1}}