{"host":"vf63mcydhpkptnpw","time":1609967655,"event":{"mods":["BaseMod","Downfall","Minty Spire (QoL Compilation)","Shade Mod","StSLib","The Cursed","The Disciple","The Hierophant","TheBandit"],"gold_per_floor":[99,99,117,117,117,117,143,174,194,119,29,43,61,61,72,167,167,17,2,2,2,2,2],"floor_reached":21,"playtime":1424,"items_purged":["hexamod:Strike"],"score":175,"play_id":"0242c35b-e1cc-4fcb-adc7-0ad7fec3de92","local_time":"20210106221415","is_ascension_mode":false,"campfire_choices":[{"floor":1,"key":"RECALL"},{"floor":6,"key":"REST"},{"floor":10,"key":"REST"},{"data":"hexamod:Haunt","floor":18,"key":"SMITH"}],"circlet_count":0,"master_deck":["hexamod:Sear","hexamod:Float","hexamod:Haunt+1","hexamod:NecessarySacrifice","hexamod:RadiantFlame","hexamod:EmpoweredFlame","hexamod:PowerFromBeyond","hexamod:PowerFromBeyond","hexamod:FirstSeal","hexamod:FlamesFromBeyond","hexamod:UnleashSpirits","hexamod:ExtraCrispy","hexamod:CouncilsJustice","hexamod:CouncilsJustice","hexamod:CouncilsJustice","Ghostly","Ghostly","Ghostly"],"relics":["hexamod:SpiritBrand","Pocketwatch","Omamori","Toy Ornithopter","downfall:HeartBlessingBlue","Empty Cage","downfall:HeartBlessingRed","downfall:HeartBlessingGreen"],"acts_visited":["Exordium","TheCity"],"potions_floor_usage":[13,16,16,16],"damage_taken":[{"damage":5,"enemies":"Jaw Worm","floor":3,"turns":3},{"damage":34,"enemies":"Lagavulin","floor":8,"turns":5},{"damage":0,"enemies":"Cultist","floor":9,"turns":3},{"damage":0,"enemies":"downfall:FleeingMerchant","floor":11,"turns":4},{"damage":10,"enemies":"Small Slimes","floor":12,"turns":3},{"damage":14,"enemies":"Exordium Wildlife","floor":13,"turns":4},{"damage":16,"enemies":"Lots of Slimes","floor":15,"turns":5},{"damage":4,"enemies":"downfall:Defect","floor":16,"turns":3},{"damage":15,"enemies":"downfall:FleeingMerchant","floor":19,"turns":4},{"damage":46,"enemies":"Chosen","floor":21,"turns":6}],"seed_played":"7852116146056399006","potions_obtained":[{"floor":3,"key":"DuplicationPotion"},{"floor":9,"key":"PowerPotion"},{"floor":12,"key":"BlessingOfTheForge"},{"floor":15,"key":"AttackPotion"}],"is_trial":false,"path_per_floor":["R","?","M","?","T","R","T","E","M","R","$","M","M","?","M","B",null,"R","$","?","M"],"character_chosen":"THE_SPIRIT","items_purchased":[],"campfire_rested":2,"item_purchase_floors":[],"current_hp_per_floor":[49,49,44,41,41,62,62,28,28,62,62,52,43,36,27,38,80,80,72,40,0,0,0],"gold":2,"neow_bonus":"REMOVE_TWO","is_daily":false,"chose_seed":false,"campfire_upgraded":1,"win_rate":0.0,"timestamp":1609967655,"path_taken":["R","?","?","?","?","R","T","E","M","R","$","?","M","?","M","BOSS","R","$","?","M"],"items_purchased_type":[],"build_version":"2020-12-22","purchased_purges":1,"victory":false,"max_hp_per_floor":[70,70,70,70,70,70,70,70,70,80,80,80,80,80,80,80,80,80,80,40,40,40,40],"card_choices":[{"not_picked":["hexamod:ChargedBarrage","hexamod:Hexaguard"],"picked":"hexamod:Haunt","floor":3},{"not_picked":["hexamod:HeatCrush","hexamod:GhostShield"],"picked":"hexamod:NecessarySacrifice","floor":8},{"not_picked":["hexamod:ExtraCrispy","hexamod:ShieldOfDarkness"],"picked":"hexamod:RadiantFlame","floor":9},{"not_picked":["hexamod:HeatCrush","hexamod:FirstSeal"],"picked":"hexamod:EmpoweredFlame","floor":11},{"not_picked":["hexamod:InspiringFlames","hexamod:FlamesFromBeyond"],"picked":"hexamod:PowerFromBeyond","floor":12},{"not_picked":["hexamod:Hexaguard","hexamod:GhostShield"],"picked":"hexamod:PowerFromBeyond","floor":13},{"not_picked":["hexamod:AdvancingGuard","hexamod:FastForward"],"picked":"hexamod:FlamesFromBeyond","floor":15},{"not_picked":["hexamod:WildfireWeapon","hexamod:EmpoweringStance"],"picked":"hexamod:UnleashSpirits","floor":16},{"not_picked":["hexamod:RainOfEmbers","hexamod:Firestarter"],"picked":"hexamod:ExtraCrispy","floor":19}],"player_experience":283952,"relics_obtained":[{"floor":7,"key":"Omamori"},{"floor":8,"key":"Toy Ornithopter"}],"event_choices":[{"cards_removed":["hexamod:Defend"],"damage_healed":0,"gold_gain":0,"player_choice":"Took Card","damage_taken":0,"max_hp_gain":0,"max_hp_loss":0,"event_name":"NoteForYourself","floor":2,"gold_loss":0,"cards_obtained":["Strike_B"]},{"damage_healed":0,"gold_gain":0,"player_choice":"Success","damage_taken":3,"relics_obtained":["Pocketwatch"],"max_hp_gain":0,"max_hp_loss":0,"event_name":"Scrap Ooze","floor":4,"gold_loss":0}],"is_beta":false,"boss_relics":[{"not_picked":["Coffee Dripper","Sozu"],"picked":"Empty Cage"}],"items_purged_floors":[11],"is_endless":false,"potions_floor_spawned":[3,9,12,15],"killed_by":"Chosen","ascension_level":0}}