{"host":"1a3cjta80tad0aqj","time":1609898382,"event":{"mods":["2.2 Compatiblity","AchievementEnabler","BaseMod","Colored Map","DeckTracker","KOR Keyword Fix","Keyboard Shortcuts","Minty Spire (QoL Compilation)","Permanent Neow","Quick Restart","Random Character Button","StSLib","SuperFastMode","everything is the same but u backflip on backflip"],"gold_per_floor":[114,129,144,144,159,159,174,189,264,264,264,264,39,69,69],"floor_reached":14,"playtime":371,"items_purged":["Defend_P"],"score":91,"play_id":"88ecadf4-cd03-48cc-82f1-c7403029ad3a","local_time":"20210106105942","daily_mods":["Cursed Run","Uncertain Future","Binary"],"is_ascension_mode":false,"campfire_choices":[{"data":"Eruption","floor":6,"key":"SMITH"},{"data":"Brilliance","floor":11,"key":"SMITH"}],"circlet_count":0,"master_deck":["Strike_P","Strike_P","Strike_P","Strike_P","Defend_P","Defend_P","Defend_P","Eruption+1","Vigilance","EmptyFist","Sanctity","Indignation","Protect","Brilliance+1","FollowUp"],"relics":["Cursed Key","Darkstone Periapt","Du-Vu Doll","PreservedInsect","Matryoshka","Spirit Poop","Vajra","Eternal Feather"],"acts_visited":["Exordium"],"potions_floor_usage":[],"damage_taken":[{"damage":0,"enemies":"Small Slimes","floor":1,"turns":2},{"damage":0,"enemies":"2 Louse","floor":2,"turns":3},{"damage":0,"enemies":"Cultist","floor":3,"turns":3},{"damage":10,"enemies":"2 Fungi Beasts","floor":5,"turns":5},{"damage":10,"enemies":"Blue Slaver","floor":7,"turns":2},{"damage":7,"enemies":"Exordium Wildlife","floor":8,"turns":2},{"damage":18,"enemies":"Lagavulin","floor":14,"turns":5}],"seed_played":"-5218424555718163201","potions_obtained":[{"floor":2,"key":"Regen Potion"},{"floor":3,"key":"Ancient Potion"},{"floor":7,"key":"Fire Potion"}],"is_trial":false,"path_per_floor":["M","M","M","?","M","R","M","M","T","?","R","?","$","E"],"character_chosen":"WATCHER","items_purchased":["Vajra"],"campfire_rested":0,"item_purchase_floors":[13],"current_hp_per_floor":[72,72,72,78,68,68,58,51,57,57,57,57,57,39,39],"gold":69,"neow_bonus":"","is_daily":true,"chose_seed":false,"campfire_upgraded":2,"win_rate":0.0,"timestamp":1609898382,"path_taken":["M","M","M","?","M","R","M","M","T","?","R","?","$","E"],"items_purchased_type":["Relic"],"build_version":"2020-12-22","purchased_purges":1,"victory":false,"max_hp_per_floor":[72,72,72,78,78,78,78,78,84,84,84,84,84,84,84],"card_choices":[{"not_picked":["CutThroughFate"],"picked":"EmptyFist","floor":1},{"not_picked":["PathToVictory"],"picked":"Sanctity","floor":2},{"not_picked":["Consecrate","ThirdEye"],"picked":"SKIP","floor":3},{"not_picked":["PathToVictory"],"picked":"Indignation","floor":5},{"not_picked":["Indignation"],"picked":"Protect","floor":7},{"not_picked":["WheelKick"],"picked":"Brilliance","floor":8},{"not_picked":["Halt"],"picked":"FollowUp","floor":14}],"player_experience":155605,"relics_obtained":[{"floor":9,"key":"Matryoshka"},{"floor":14,"key":"Eternal Feather"}],"event_choices":[{"damage_healed":0,"gold_gain":0,"player_choice":"Box","damage_taken":0,"relics_obtained":["PreservedInsect"],"max_hp_gain":0,"max_hp_loss":0,"event_name":"Big Fish","floor":4,"gold_loss":0,"cards_obtained":["Regret"]},{"cards_removed":["Regret"],"damage_healed":0,"gold_gain":0,"player_choice":"Forget","damage_taken":0,"max_hp_gain":0,"max_hp_loss":0,"event_name":"Living Wall","floor":10,"gold_loss":0},{"cards_removed":["Clumsy"],"damage_healed":0,"gold_gain":0,"player_choice":"Offered Curse","damage_taken":0,"relics_obtained":["Spirit Poop"],"max_hp_gain":0,"max_hp_loss":0,"event_name":"Bonfire Elementals","floor":12,"gold_loss":0}],"is_beta":false,"boss_relics":[],"items_purged_floors":[13],"is_endless":false,"potions_floor_spawned":[2,3,7,14],"killed_by":"Lagavulin","ascension_level":0}}