{"host":"788p3pvxhs5s9n7p","time":1609943211,"event":{"mods":["AchievementEnabler","BaseMod","Minty Spire (QoL Compilation)","Replay The Spire","StSLib"],"gold_per_floor":[111,111,111,127,59,59,74,107,133,153,41,41,41,41],"floor_reached":13,"playtime":494,"items_purged":["Defend_B"],"score":87,"play_id":"0e6cdfea-4469-4dbd-a923-a6d487c374a6","local_time":"20210106082651","is_ascension_mode":true,"campfire_choices":[{"data":"Fusion","floor":6,"key":"SMITH"}],"circlet_count":0,"master_deck":["Strike_B","Strike_B","Strike_B","Strike_B","Defend_B","Defend_B","Defend_B","Dualcast","Ball Lightning","Deadly Poison","BasicCrystalCard","Fusion+1","Conserve Battery","Redo","Conserve Battery","Loop"],"relics":["NeowsBlessing","Ring of the Snake","Divine Protection","Pet Ghost"],"acts_visited":["Exordium"],"potions_floor_usage":[10],"damage_taken":[{"damage":0,"enemies":"2 Louse","floor":1,"turns":1},{"damage":0,"enemies":"Jaw Worm","floor":4,"turns":1},{"damage":0,"enemies":"Cultist","floor":7,"turns":1},{"damage":47,"enemies":"Lagavulin","floor":8,"turns":7},{"damage":7,"enemies":"Gremlin Gang","floor":10,"turns":4},{"damage":30,"enemies":"Gremlin Nob","floor":13,"turns":4}],"seed_played":"-1178395797939119370","potions_obtained":[{"floor":8,"key":"Swift Potion"}],"is_trial":false,"path_per_floor":["M","?","T","M","$","R","M","E","T","M","$","?","E"],"character_chosen":"DEFECT","items_purchased":["Fusion","Loop"],"campfire_rested":0,"item_purchase_floors":[5,11],"current_hp_per_floor":[75,75,75,75,75,75,75,28,28,21,21,21,0,0],"gold":41,"neow_bonus":"THREE_ENEMY_KILL","is_daily":false,"chose_seed":false,"campfire_upgraded":1,"win_rate":0.0,"timestamp":1609943211,"path_taken":["M","?","?","?","$","R","?","E","T","M","$","?","E"],"items_purchased_type":["Card","Card"],"build_version":"2020-12-22","purchased_purges":1,"victory":false,"max_hp_per_floor":[75,75,75,75,75,75,75,75,75,75,75,75,75,75],"card_choices":[{"not_picked":["Rebound","Steam Power"],"picked":"Ball Lightning","floor":1},{"not_picked":["Consume","Compile Driver"],"picked":"BasicCrystalCard","floor":4},{"not_picked":["Blizzard","Sweeping Beam"],"picked":"Conserve Battery","floor":7},{"not_picked":["Compile Driver","Streamline"],"picked":"Redo","floor":8},{"not_picked":["Redo","Compile Driver"],"picked":"Conserve Battery","floor":10}],"player_experience":137970,"relics_obtained":[{"floor":8,"key":"Divine Protection"},{"floor":9,"key":"Pet Ghost"}],"event_choices":[{"damage_healed":0,"gold_gain":0,"player_choice":"Ignored","damage_taken":0,"max_hp_gain":0,"max_hp_loss":0,"event_name":"Golden Idol","floor":12,"gold_loss":0}],"is_beta":false,"boss_relics":[],"items_purged_floors":[11],"is_endless":false,"potions_floor_spawned":[8],"killed_by":"Gremlin Nob","ascension_level":1}}