{"host":"7sy3dyg71hje4mzx","time":1609936426,"event":{"mods":["BaseMod","Downfall","Minty Spire (QoL Compilation)","StSLib"],"gold_per_floor":[99,117,135,153,171,8,8,36,21,49,49,63,73,73,87,186,186,186,204,217,217,4,32,32,32,51,69,69,95,112,123,142,238,238,238,248,268,281,450,450,450,294,326,346,346,375,375,4,15,15,15,15],"floor_reached":50,"playtime":3715,"items_purged":[],"score":711,"play_id":"3a0e974c-2cf1-4ee2-8411-47bb9d681a8a","local_time":"20210106233346","is_ascension_mode":true,"campfire_choices":[{"floor":1,"key":"REST"},{"floor":11,"key":"REST"},{"data":"Slimebound:MassRepurpose","floor":18,"key":"SMITH"},{"data":"expansioncontent:CaCaw","floor":28,"key":"SMITH"},{"data":"Slimebound:DuplicatedForm","floor":35,"key":"SMITH"},{"data":"Slimebound:CheckThePlaybook","floor":40,"key":"SMITH"},{"data":"Slimebound:FirmFortitude","floor":47,"key":"SMITH"}],"circlet_count":0,"master_deck":["Slimebound:Strike_Slimebound","Slimebound:Strike_Slimebound","Slimebound:Tackle","Slimebound:Defend_Slimebound","Slimebound:Defend_Slimebound","Slimebound:Defend_Slimebound","Slimebound:Defend_Slimebound","Slimebound:Split","Slimebound:CorrosiveSpit","Slimebound:ViciousTackle","Slimebound:SlimeTap","Slimebound:GoopSpray","Slimebound:OozeBath","Slimebound:SplitBruiser","Slimebound:SplitLeeching","Slimebound:LeechingTouch","Slimebound:SpikyOuterGoop","Slimebound:SlimeSpikes","Slimebound:SlimeSpikes","Slimebound:MinionMaster","Slimebound:SplitMire","Slimebound:BestDefense","Slimebound:OneTwoCombo","Slimebound:MassRepurpose+1","Slimebound:SplitBruiser","Slimebound:SplitAcid","Slimebound:ItLooksTasty+1","Slimebound:LevelUp","expansioncontent:CaCaw+1","Slimebound:SlimeTap","Slimebound:SlimeSpikes","Slimebound:OneTwoCombo","Slimebound:GrowthPunch+1","Slimebound:Gluttony+1","Slimebound:MinionMaster","Slimebound:FirmFortitude+1","Slimebound:SplitBruiser","Slimebound:GoopSpray","Slimebound:DuplicatedForm+1","CurseOfTheBell","Slimebound:ProtectTheBoss+1","Slimebound:SplitMire","Slimebound:CheckThePlaybook+1","Slimebound:TongueLash+1","Slimebound:SplitBruiser","Slimebound:ComboTackle+1","Slimebound:LeechingTouch","Pain","Slimebound:SplitMire+1","expansioncontent:Chronoboost","Slimebound:GrowthPunch","Slimebound:SlimeSpikes+1"],"relics":["Slimebound:AbsorbEndCombatUpgraded","Thread and Needle","Pantograph","InkBottle","Bag of Marbles","Ancient Tea Set","Matryoshka","Eternal Feather","Calling Bell","MealTicket","Meat on the Bone","Girya","PreservedInsect","Smiling Mask","Pocketwatch","Oddly Smooth Stone","Toy Ornithopter","WarpedTongs","Du-Vu Doll","Mercury Hourglass"],"acts_visited":["Exordium","TheCity","TheBeyond"],"potions_floor_usage":[50,50,50],"damage_taken":[{"damage":4,"enemies":"Cultist","floor":2,"turns":4},{"damage":8,"enemies":"Small Slimes","floor":3,"turns":4},{"damage":9,"enemies":"Jaw Worm","floor":4,"turns":2},{"damage":16,"enemies":"Exordium Thugs","floor":5,"turns":4},{"damage":5,"enemies":"downfall:FleeingMerchant","floor":6,"turns":4},{"damage":34,"enemies":"3 Sentries","floor":8,"turns":8},{"damage":15,"enemies":"downfall:FleeingMerchant","floor":9,"turns":4},{"damage":22,"enemies":"Gremlin Nob","floor":10,"turns":4},{"damage":8,"enemies":"3 Louse","floor":12,"turns":5},{"damage":13,"enemies":"Large Slime","floor":13,"turns":4},{"damage":9,"enemies":"2 Fungi Beasts","floor":15,"turns":4},{"damage":35,"enemies":"downfall:Ironclad","floor":16,"turns":9},{"damage":16,"enemies":"3 Byrds","floor":19,"turns":2},{"damage":16,"enemies":"Spheric Guardian","floor":20,"turns":3},{"damage":28,"enemies":"downfall:FleeingMerchant","floor":22,"turns":4},{"damage":38,"enemies":"Book of Stabbing","floor":23,"turns":4},{"damage":32,"enemies":"Centurion and Healer","floor":26,"turns":3},{"damage":17,"enemies":"Cultist and Chosen","floor":27,"turns":4},{"damage":39,"enemies":"Gremlin Leader","floor":29,"turns":5},{"damage":44,"enemies":"Snecko","floor":30,"turns":6},{"damage":26,"enemies":"Centurion and Healer","floor":31,"turns":6},{"damage":23,"enemies":"Shelled Parasite and Fungi","floor":32,"turns":4},{"damage":50,"enemies":"downfall:Silent","floor":33,"turns":6},{"damage":14,"enemies":"3 Shapes","floor":36,"turns":3},{"damage":53,"enemies":"3 Darklings","floor":37,"turns":3},{"damage":72,"enemies":"Jaw Worm Horde","floor":38,"turns":6},{"damage":30,"enemies":"downfall:FleeingMerchant","floor":39,"turns":4},{"damage":44,"enemies":"Reptomancer","floor":43,"turns":5},{"damage":33,"enemies":"Sphere and 2 Shapes","floor":44,"turns":6},{"damage":42,"enemies":"Nemesis","floor":46,"turns":4},{"damage":6,"enemies":"Spire Growth","floor":49,"turns":4},{"damage":75,"enemies":"downfall:Defect","floor":50,"turns":6}],"seed_played":"-9046388640430607746","potions_obtained":[{"floor":3,"key":"Strength Potion"},{"floor":5,"key":"champ:CounterPotion"},{"floor":8,"key":"CultistPotion"},{"floor":31,"key":"Energy Potion"}],"is_trial":false,"path_per_floor":["R","M","M","M","M","$","T","E","$","E","R","M","M","?","M","B",null,"R","M","M","?","$","E","T","?","M","M","R","E","M","M","M","B",null,"R","M","M","M","$","R","T","$","E","M","?","E","R","$","M","B"],"character_chosen":"SLIMEBOUND","items_purchased":["Slimebound:SplitLeeching","Slimebound:LeechingTouch","Slimebound:SpikyOuterGoop","Slimebound:LevelUp","expansioncontent:CaCaw","Slimebound:SlimeTap","PreservedInsect","Slimebound:SplitBruiser","Oddly Smooth Stone","Mercury Hourglass","expansioncontent:Chronoboost","Slimebound:GrowthPunch"],"campfire_rested":2,"item_purchase_floors":[6,6,6,22,22,22,39,39,42,48,48,48],"current_hp_per_floor":[60,60,60,57,47,50,50,34,37,31,49,51,56,56,59,55,60,60,60,60,42,42,44,44,44,56,56,56,53,36,46,39,60,60,60,58,41,41,60,60,60,60,44,51,51,33,60,60,60,0,0,0],"gold":15,"neow_bonus":"ONE_RARE_RELIC","is_daily":false,"chose_seed":false,"campfire_upgraded":5,"win_rate":0.0,"timestamp":1609936426,"path_taken":["R","M","M","?","M","?","T","E","?","E","R","M","?","?","M","BOSS","R","M","M","?","?","E","T","?","M","?","R","E","M","M","M","BOSS","R","M","M","M","$","R","T","$","E","M","?","E","R","$","M","BOSS"],"items_purchased_type":["Card","Card","Card","Card","Card","Card","Relic","Card","Relic","Relic","Card","Card"],"build_version":"2020-12-22","purchased_purges":0,"victory":false,"max_hp_per_floor":[60,60,60,60,60,60,60,60,60,60,60,60,60,60,60,60,60,60,60,60,60,60,60,60,60,60,60,60,60,60,60,60,60,60,60,60,60,60,60,60,60,60,60,60,60,60,60,60,60,60,60,60],"card_choices":[{"not_picked":["Slimebound:Equalize","Slimebound:FinishingTackle"],"picked":"Slimebound:ViciousTackle","floor":2},{"not_picked":["Slimebound:SlimeBrawl","Slimebound:GrowthPunch"],"picked":"Slimebound:SlimeTap","floor":3},{"not_picked":["Slimebound:SplitMire","Slimebound:Gluttony"],"picked":"Slimebound:GoopSpray","floor":4},{"not_picked":["Slimebound:DisruptingSlam","Slimebound:FlameTackle"],"picked":"Slimebound:OozeBath","floor":5},{"not_picked":["Slimebound:SlimeTap","Slimebound:GrowthPunch"],"picked":"Slimebound:SplitBruiser","floor":6},{"not_picked":["Slimebound:Repurpose","Slimebound:TongueLash"],"picked":"Slimebound:SlimeSpikes","floor":8},{"not_picked":["Slimebound:LeechEnergy","Slimebound:LeechingTouch"],"picked":"Slimebound:SlimeSpikes","floor":9},{"not_picked":["Slimebound:ComboTackle","Slimebound:SplitBruiser"],"picked":"Slimebound:MinionMaster","floor":10},{"not_picked":["Slimebound:DisruptingSlam","Slimebound:SamplingLick"],"picked":"Slimebound:SplitMire","floor":12},{"not_picked":["Slimebound:Repurpose","Slimebound:SamplingLick"],"picked":"Slimebound:BestDefense","floor":13},{"not_picked":["Slimebound:SplitBruiser","Slimebound:Schlurp"],"picked":"Slimebound:OneTwoCombo","floor":15},{"not_picked":["Slimebound:PrepareCrush","Slimebound:SlimeSlap"],"picked":"Slimebound:MassRepurpose","floor":16},{"not_picked":["Slimebound:SamplingLick","Slimebound:HauntingLick"],"picked":"Slimebound:SplitBruiser","floor":19},{"not_picked":["Slimebound:SplitBruiser","Slimebound:SplitMire"],"picked":"Slimebound:SplitAcid","floor":20},{"not_picked":["Slimebound:GrowthPunch","Slimebound:SlimeTap+1"],"picked":"Slimebound:ItLooksTasty+1","floor":22},{"not_picked":["Slimebound:RainOfGoop","Slimebound:MassFeed"],"picked":"Slimebound:SlimeSpikes","floor":23},{"not_picked":["Slimebound:RollThrough","Slimebound:LeechEnergy+1"],"picked":"Slimebound:GrowthPunch+1","floor":26},{"not_picked":["Slimebound:SlimeSpikes+1","Slimebound:SplitAcid"],"picked":"Slimebound:Gluttony+1","floor":27},{"not_picked":["Slimebound:RainOfGoop","Slimebound:GrowthPunch+1"],"picked":"Slimebound:MinionMaster","floor":29},{"not_picked":["Slimebound:GrowthPunch","Slimebound:SplitLeeching+1"],"picked":"Slimebound:FirmFortitude","floor":30},{"not_picked":["Slimebound:Dissolve","Slimebound:RejuvenatingLick+1"],"picked":"Slimebound:SplitBruiser","floor":31},{"not_picked":["Slimebound:RollThrough","Slimebound:SlimeSlap"],"picked":"Slimebound:GoopSpray","floor":32},{"not_picked":["Slimebound:MassRepurpose","Slimebound:TagTeam"],"picked":"Slimebound:DuplicatedForm","floor":33},{"not_picked":["Slimebound:SplitSpecialist","Slimebound:RollThrough+1"],"picked":"Slimebound:ProtectTheBoss+1","floor":36},{"not_picked":["Slimebound:Schlurp+1","Slimebound:SlimeSpikes"],"picked":"Slimebound:SplitMire","floor":37},{"not_picked":["Slimebound:SpikyOuterGoop+1","Slimebound:SamplingLick+1"],"picked":"Slimebound:CheckThePlaybook","floor":38},{"not_picked":["Slimebound:SplitMire","Slimebound:CheckThePlaybook"],"picked":"Slimebound:TongueLash+1","floor":39},{"not_picked":["Slimebound:Repurpose","Slimebound:DisruptingSlam"],"picked":"Slimebound:ComboTackle+1","floor":43},{"not_picked":["Slimebound:LeechEnergy+1","Slimebound:GoopSpray"],"picked":"Slimebound:LeechingTouch","floor":44},{"not_picked":["Slimebound:ComboTackle","Slimebound:SplitBruiser"],"picked":"Slimebound:SplitMire+1","floor":46},{"not_picked":["Slimebound:RainOfGoop","Slimebound:BestDefense"],"picked":"Slimebound:SlimeSpikes+1","floor":49}],"player_experience":173981,"relics_obtained":[{"floor":7,"key":"Pantograph"},{"floor":8,"key":"InkBottle"},{"floor":10,"key":"Bag of Marbles"},{"floor":23,"key":"Ancient Tea Set"},{"floor":24,"key":"Matryoshka"},{"floor":29,"key":"Eternal Feather"},{"floor":34,"key":"MealTicket"},{"floor":34,"key":"Meat on the Bone"},{"floor":34,"key":"Girya"},{"floor":41,"key":"Smiling Mask"},{"floor":41,"key":"Pocketwatch"},{"floor":43,"key":"Toy Ornithopter"},{"floor":46,"key":"Du-Vu Doll"}],"event_choices":[{"damage_healed":0,"gold_gain":0,"player_choice":"Copied","damage_taken":0,"max_hp_gain":0,"max_hp_loss":0,"event_name":"Duplicator","floor":25,"gold_loss":0,"cards_obtained":["Slimebound:OneTwoCombo"]},{"damage_healed":0,"gold_gain":0,"player_choice":"Rummage","damage_taken":0,"relics_obtained":["WarpedTongs"],"max_hp_gain":0,"max_hp_loss":0,"event_name":"Accursed Blacksmith","floor":45,"gold_loss":0,"cards_obtained":["Pain"]}],"is_beta":false,"boss_relics":[{"not_picked":["Velvet Choker","downfall:Hecktoplasm"],"picked":"Slimebound:AbsorbEndCombatUpgraded"},{"not_picked":["SlaversCollar","Empty Cage"],"picked":"Calling Bell"}],"items_purged_floors":[],"is_endless":false,"potions_floor_spawned":[3,5,8,13,15,19,27,29,31,32,33,36,38,46,49],"killed_by":"downfall:Defect","ascension_level":1}}