{"host":"9l4mw5jqza9qz9hr","time":1609920996,"event":{"mods":["AchievementEnabler","Always Whale","BaseMod","Colored Map","Minty Spire (QoL Compilation)","StSLib","SuperFastMode"],"gold_per_floor":[119,119,44,62,162,187,207,218,242,21,33,45,72,88,88,191,191,205,205,205,51,100,130,30,63,63,118,133,151,181,228,228,360,360,370,414,289,328,376,376,376,421,421,127,127,154,5,21,21,21],"floor_reached":51,"playtime":1951,"items_purged":["Strike_P","Strike_P","Defend_P","Defend_P+1"],"score":1088,"play_id":"6d98180a-adc8-4119-bcf5-6b66f95089f7","local_time":"20210106171636","is_ascension_mode":true,"campfire_choices":[{"data":"Apotheosis","floor":15.0,"key":"SMITH"},{"data":"Vault","floor":32.0,"key":"SMITH"},{"data":"MentalFortress","floor":40.0,"key":"SMITH"},{"data":"DeusExMachina","floor":45,"key":"SMITH"},{"floor":49,"key":"REST"}],"circlet_count":0,"master_deck":["Defend_P+1","Eruption","Vigilance","Crescendo","Evaluate","Vault+1","Apotheosis+1","Halt","CrushJoints","Wallop","CarveReality","Wish","EmptyBody+1","FearNoEvil","Adaptation+1","MentalFortress+1","DeusExMachina+1","EmptyFist","Vault+1","Ragnarok"],"relics":["HolyWater","NeowsBlessing","Akabeko","War Paint","Boot","Bag of Marbles","Bag of Preparation","Regal Pillow","Pen Nib","Darkstone Periapt","Ornamental Fan","Bottled Tornado","Cursed Key","DollysMirror","Question Card"],"acts_visited":["Exordium","TheCity","TheBeyond"],"potions_floor_usage":[50,50],"damage_taken":[{"damage":0.0,"enemies":"Jaw Worm","floor":1.0,"turns":1.0},{"damage":0.0,"enemies":"Cultist","floor":4.0,"turns":1.0},{"damage":0.0,"enemies":"Lagavulin","floor":6.0,"turns":1.0},{"damage":0.0,"enemies":"Small Slimes","floor":7.0,"turns":5.0},{"damage":26.0,"enemies":"Gremlin Gang","floor":8.0,"turns":6.0},{"damage":4.0,"enemies":"Looter","floor":11.0,"turns":3.0},{"damage":0.0,"enemies":"2 Fungi Beasts","floor":12.0,"turns":2.0},{"damage":10.0,"enemies":"3 Sentries","floor":13.0,"turns":7.0},{"damage":0.0,"enemies":"Blue Slaver","floor":14.0,"turns":4.0},{"damage":0.0,"enemies":"Hexaghost","floor":16.0,"turns":6.0},{"damage":0.0,"enemies":"2 Thieves","floor":18.0,"turns":2.0},{"damage":0.0,"enemies":"3 Byrds","floor":22.0,"turns":3.0},{"damage":0.0,"enemies":"Book of Stabbing","floor":23.0,"turns":6.0},{"damage":0.0,"enemies":"Gremlin Leader","floor":25.0,"turns":6.0},{"damage":0.0,"enemies":"Slavers","floor":27.0,"turns":5.0},{"damage":0.0,"enemies":"Snecko","floor":28.0,"turns":3.0},{"damage":0.0,"enemies":"Snake Plant","floor":29.0,"turns":1.0},{"damage":0.0,"enemies":"Gremlin Leader","floor":30.0,"turns":2.0},{"damage":0.0,"enemies":"Cultist and Chosen","floor":31.0,"turns":7.0},{"damage":41.0,"enemies":"Automaton","floor":33.0,"turns":13.0},{"damage":0.0,"enemies":"3 Darklings","floor":35.0,"turns":3.0},{"damage":7.0,"enemies":"3 Shapes","floor":36.0,"turns":6.0},{"damage":0.0,"enemies":"Maw","floor":38.0,"turns":7.0},{"damage":3.0,"enemies":"Sphere and 2 Shapes","floor":39.0,"turns":5.0},{"damage":0.0,"enemies":"3 Darklings","floor":42.0,"turns":5.0},{"damage":0,"enemies":"Reptomancer","floor":46,"turns":4},{"damage":22,"enemies":"Maw","floor":48,"turns":4},{"damage":20,"enemies":"Donu and Deca","floor":50,"turns":7}],"seed_played":"-8035677320947116276","potions_obtained":[{"floor":4.0,"key":"SpeedPotion"},{"floor":11.0,"key":"BottledMiracle"},{"floor":12.0,"key":"BottledMiracle"},{"floor":13.0,"key":"PowerPotion"},{"floor":18.0,"key":"ColorlessPotion"},{"floor":28.0,"key":"Explosive Potion"},{"floor":29.0,"key":"Explosive Potion"},{"floor":31.0,"key":"FearPotion"},{"floor":36.0,"key":"Block Potion"}],"is_trial":false,"path_per_floor":["M","?","$","M","?","E","M","M","T","$","M","M","E","M","R","B",null,"M","?","?","$","M","E","$","E","T","E","M","M","E","M","R","B",null,"M","M","$","M","M","R","?","M","T","$","R","E","$","M","R","B",null],"character_chosen":"WATCHER","items_purchased":["Apotheosis","Halt","Bag of Preparation","DollysMirror","Ragnarok"],"campfire_rested":1,"item_purchase_floors":[10,10,21,44,47],"current_hp_per_floor":[72,72,72,72,72,72,72,46,46,46,42,42,32,32,32,32,72,72,72,72,72,72,72,72,72,72,72,72,72,72,72,72,31,72,72,65,65,65,62,62,62,62,62,62,62,62,62,40,72,52],"gold":21,"neow_bonus":"THREE_ENEMY_KILL","is_daily":false,"chose_seed":false,"campfire_upgraded":4,"win_rate":0.0,"timestamp":1609920996,"path_taken":["M","?","?","M","?","E","M","M","T","$","?","M","E","M","R","BOSS","M","?","?","$","M","E","?","E","T","E","M","M","E","M","R","BOSS","M","M","$","M","M","R","?","M","T","$","R","E","$","?","R","BOSS"],"items_purchased_type":["Card","Card","Relic","Relic","Card"],"build_version":"2020-12-22","purchased_purges":4,"victory":true,"max_hp_per_floor":[72,72,72,72,72,72,72,72,72,72,72,72,72,72,72,72,72,72,72,72,72,72,72,72,72,72,72,72,72,72,72,72,72,72,72,72,72,72,72,72,72,72,72,72,72,72,72,72,72,72],"card_choices":[{"not_picked":["Consecrate","Protect"],"picked":"Crescendo","floor":1.0},{"not_picked":["ClearTheMind","Crescendo","CutThroughFate"],"picked":"SKIP","floor":4.0},{"not_picked":["Worship","LikeWater","Tantrum"],"picked":"SKIP","floor":6.0},{"not_picked":["DeceiveReality","FlurryOfBlows"],"picked":"Evaluate","floor":7.0},{"not_picked":["CutThroughFate","Wireheading"],"picked":"Vault","floor":8.0},{"not_picked":["Halt","SignatureMove"],"picked":"CrushJoints","floor":11.0},{"not_picked":["BowlingBash","EmptyMind"],"picked":"Wallop","floor":12.0},{"not_picked":["Worship","ForeignInfluence","ThirdEye"],"picked":"SKIP","floor":13.0},{"not_picked":["Vengeance","Worship"],"picked":"CarveReality","floor":14.0},{"not_picked":["Brilliance","DeusExMachina"],"picked":"Wish","floor":16.0},{"not_picked":["Meditate","Perseverance+1","FollowUp"],"picked":"SKIP","floor":18.0},{"not_picked":["WindmillStrike","DeceiveReality"],"picked":"EmptyBody+1","floor":22.0},{"not_picked":["ForeignInfluence","FlurryOfBlows","CutThroughFate"],"picked":"SKIP","floor":23.0},{"not_picked":["Prostrate","Weave"],"picked":"FearNoEvil","floor":25.0},{"not_picked":["EmptyFist","ClearTheMind"],"picked":"Adaptation+1","floor":27.0},{"not_picked":["PathToVictory","CrushJoints","Prostrate+1"],"picked":"SKIP","floor":28.0},{"not_picked":["Consecrate+1","WreathOfFlame","Evaluate"],"picked":"SKIP","floor":29.0},{"not_picked":["ReachHeaven","CutThroughFate"],"picked":"MentalFortress","floor":30.0},{"not_picked":["JustLucky","FearNoEvil+1","DeceiveReality"],"picked":"SKIP","floor":31.0},{"not_picked":["Devotion","Establishment"],"picked":"DeusExMachina","floor":33.0},{"not_picked":["Consecrate","FlyingSleeves","ClearTheMind+1"],"picked":"SKIP","floor":35.0},{"not_picked":["EmptyBody","FlyingSleeves"],"picked":"EmptyFist","floor":36.0},{"not_picked":["CrushJoints","CutThroughFate+1","TalkToTheHand"],"picked":"SKIP","floor":38.0},{"not_picked":["CutThroughFate","FollowUp+1","ForeignInfluence"],"picked":"SKIP","floor":39.0},{"not_picked":["Alpha","FlyingSleeves","Collect+1"],"picked":"SKIP","floor":42.0},{"not_picked":["ClearTheMind+1","SignatureMove+1","FlurryOfBlows"],"picked":"SKIP","floor":46},{"not_picked":["FlyingSleeves","Evaluate+1","PathToVictory+1","Crescendo+1"],"picked":"SKIP","floor":48}],"player_experience":188494,"relics_obtained":[{"floor":6.0,"key":"Akabeko"},{"floor":9.0,"key":"War Paint"},{"floor":13.0,"key":"Boot"},{"floor":23.0,"key":"Regal Pillow"},{"floor":25.0,"key":"Pen Nib"},{"floor":26.0,"key":"Darkstone Periapt"},{"floor":27.0,"key":"Ornamental Fan"},{"floor":30.0,"key":"Bottled Tornado"},{"floor":46,"key":"Question Card"}],"event_choices":[{"cards_removed":["Strike_P"],"damage_healed":0.0,"max_hp_gain":0.0,"max_hp_loss":0.0,"gold_gain":0.0,"event_name":"Purifier","player_choice":"Purged","floor":2.0,"gold_loss":0.0,"damage_taken":0.0},{"damage_healed":0.0,"max_hp_gain":0.0,"max_hp_loss":0.0,"gold_gain":100.0,"event_name":"Golden Shrine","player_choice":"Pray","floor":5.0,"gold_loss":0.0,"damage_taken":0.0},{"cards_removed":["Strike_P"],"damage_healed":0.0,"max_hp_gain":0.0,"max_hp_loss":0.0,"gold_gain":0.0,"event_name":"Back to Basics","player_choice":"Elegance","floor":19.0,"gold_loss":0.0,"damage_taken":0.0},{"damage_healed":0.0,"max_hp_gain":0.0,"max_hp_loss":0.0,"gold_gain":0.0,"event_name":"The Mausoleum","player_choice":"Opened","floor":20.0,"gold_loss":0.0,"damage_taken":0.0,"relics_obtained":["Bag of Marbles"]},{"cards_removed":["Defend_P"],"damage_healed":0.0,"max_hp_gain":0.0,"max_hp_loss":0.0,"gold_gain":0.0,"event_name":"Purifier","player_choice":"Purged","floor":41.0,"gold_loss":0.0,"damage_taken":0.0}],"is_beta":false,"boss_relics":[{"not_picked":["Coffee Dripper","Runic Dome"],"picked":"HolyWater"},{"not_picked":["Snecko Eye","Empty Cage"],"picked":"Cursed Key"}],"items_purged_floors":[3,24,37,44],"is_endless":false,"potions_floor_spawned":[4,11,12,13,14,18,22,28,29,31,36,38,48],"ascension_level":2}}