{"host":"hwrdjx5eod2cxh09","time":1609917785,"event":{"mods":["AchievementEnabler","BaseMod","Bestiary","Minty Spire (QoL Compilation)","Relic Stats"],"gold_per_floor":[118,134,146,71,84,109,165,177,200,212,212,237,237,255,255,353,353,366,383,397,408,408,408],"floor_reached":22,"playtime":1042,"items_purged":["Strike_B"],"score":202,"play_id":"04885c73-833f-4720-adba-40e309b24fd3","local_time":"20210106162305","is_ascension_mode":false,"campfire_choices":[{"floor":11.0,"key":"REST"},{"data":"Zap","floor":13.0,"key":"SMITH"},{"floor":15.0,"key":"REST"}],"circlet_count":0,"master_deck":["Strike_B","Strike_B","Strike_B","Defend_B","Defend_B","Defend_B","Defend_B","Zap+1","Dualcast","Leap","Ball Lightning","Leap","Turbo","Machine Learning","Hologram","Self Repair","Steam Power","Seek","Steam+1","BootSequence"],"relics":["Cracked Core","NeowsBlessing","Nunchaku","Regal Pillow","Bag of Preparation","Omamori","Sozu"],"acts_visited":["Exordium","TheCity"],"potions_floor_usage":[16],"damage_taken":[{"damage":0.0,"enemies":"Small Slimes","floor":1.0,"turns":1.0},{"damage":0.0,"enemies":"2 Louse","floor":2.0,"turns":1.0},{"damage":0.0,"enemies":"Jaw Worm","floor":3.0,"turns":1.0},{"damage":7.0,"enemies":"Blue Slaver","floor":5.0,"turns":3.0},{"damage":22.0,"enemies":"Gremlin Nob","floor":6.0,"turns":4.0},{"damage":26.0,"enemies":"3 Sentries","floor":7.0,"turns":7.0},{"damage":7.0,"enemies":"Large Slime","floor":8.0,"turns":6.0},{"damage":8.0,"enemies":"Lots of Slimes","floor":10.0,"turns":4.0},{"damage":30.0,"enemies":"3 Sentries","floor":12.0,"turns":8.0},{"damage":25.0,"enemies":"Gremlin Gang","floor":14.0,"turns":3.0},{"damage":47,"enemies":"Hexaghost","floor":16,"turns":13},{"damage":24,"enemies":"2 Thieves","floor":18,"turns":5},{"damage":11,"enemies":"3 Byrds","floor":19,"turns":5},{"damage":30,"enemies":"Snake Plant","floor":20,"turns":5},{"damage":24,"enemies":"Cultist and Chosen","floor":21,"turns":8},{"damage":5,"enemies":"3 Cultists","floor":22,"turns":3}],"seed_played":"6568287591176385897","potions_obtained":[{"floor":1.0,"key":"GamblersBrew"},{"floor":3.0,"key":"Block Potion"},{"floor":7.0,"key":"LiquidBronze"},{"floor":10.0,"key":"FairyPotion"}],"is_trial":false,"path_per_floor":["M","M","M","$","M","E","?","M","T","M","R","E","R","M","R","B",null,"M","M","M","M","M"],"character_chosen":"DEFECT","items_purchased":[],"campfire_rested":2,"item_purchase_floors":[],"current_hp_per_floor":[75,75,75,75,68,46,20,13,13,5,42,19,19,22,59,12,75,58,54,31,14,9,9],"gold":408,"neow_bonus":"THREE_ENEMY_KILL","is_daily":false,"chose_seed":false,"campfire_upgraded":1,"win_rate":0.0,"timestamp":1609917785,"path_taken":["M","M","M","$","M","E","?","M","T","M","R","E","R","M","R","BOSS","M","M","M","M","M"],"items_purchased_type":[],"build_version":"2020-12-22","purchased_purges":1,"victory":false,"max_hp_per_floor":[75,75,75,75,75,75,75,75,75,75,75,75,75,75,75,75,75,75,75,75,75,75,75],"relic_stats":{"Sozu":2,"Nunchaku":[7],"Regal Pillow":30,"counters":[16,77],"Bag of Preparation":[18],"obtain_stats":[{"Sozu":17,"Nunchaku":6,"Regal Pillow":7,"NeowsBlessing":0,"Bag of Preparation":9,"Omamori":12,"Cracked Core":0},{"Sozu":11,"Nunchaku":5,"Regal Pillow":6,"NeowsBlessing":0,"Bag of Preparation":7,"Omamori":9,"Cracked Core":0},{"Sozu":51,"Nunchaku":10,"Regal Pillow":17,"NeowsBlessing":0,"Bag of Preparation":23,"Omamori":35,"Cracked Core":0}]},"card_choices":[{"not_picked":["Storm","Cold Snap"],"picked":"Leap","floor":1.0},{"not_picked":["Lockon","Aggregate"],"picked":"Ball Lightning","floor":2.0},{"not_picked":["Go for the Eyes","Lockon"],"picked":"Leap","floor":3.0},{"not_picked":["Double Energy","Beam Cell"],"picked":"Turbo","floor":5.0},{"not_picked":["Cold Snap","Compile Driver"],"picked":"Machine Learning","floor":6.0},{"not_picked":["Cold Snap","Turbo"],"picked":"Hologram","floor":8.0},{"not_picked":["Reprogram","Redo"],"picked":"Self Repair","floor":10.0},{"not_picked":["Redo","Beam Cell","Gash"],"picked":"SKIP","floor":12.0},{"not_picked":["Reinforced Body","Aggregate"],"picked":"Steam Power","floor":14.0},{"not_picked":["Reboot","Buffer"],"picked":"Seek","floor":16},{"not_picked":["Loop","Turbo"],"picked":"Steam+1","floor":18},{"not_picked":["Doom and Gloom+1","Compile Driver","Self Repair"],"picked":"SKIP","floor":19},{"not_picked":["Hologram","Lockon","Steam"],"picked":"SKIP","floor":20},{"not_picked":["Fusion","Beam Cell"],"picked":"BootSequence","floor":21}],"player_experience":178472,"relics_obtained":[{"floor":6.0,"key":"Nunchaku"},{"floor":7.0,"key":"Regal Pillow"},{"floor":9.0,"key":"Bag of Preparation"},{"floor":12.0,"key":"Omamori"}],"event_choices":[{"damage_healed":0.0,"max_hp_gain":0.0,"max_hp_loss":0.0,"gold_gain":0.0,"event_name":"Dead Adventurer","player_choice":"Searched \u00272\u0027 times","floor":7.0,"gold_loss":0.0,"damage_taken":0.0}],"is_beta":false,"boss_relics":[{"not_picked":["SlaversCollar","Coffee Dripper"],"picked":"Sozu"}],"items_purged_floors":[4],"is_endless":false,"potions_floor_spawned":[1,3,7,10,18,21],"killed_by":"3 Cultists","ascension_level":0}}