{"host":"exhp4inpfmbngj23","time":1609938335,"event":{"mods":["Abigail Mod","BaseMod","Friendly Minions","Kiyohime????","Minty Spire (QoL Compilation)","StSLib","The Alterego"],"gold_per_floor":[120,220,63,81,95,95,106,106,106,138,138,163,173,183,183,183,183],"floor_reached":16,"playtime":1209,"items_purged":[],"score":137,"play_id":"cc663df3-ed22-4393-8482-23385d79c232","local_time":"20210106050535","is_ascension_mode":false,"campfire_choices":[{"floor":6,"key":"REST"},{"data":"alterego_mod:DiscoLights","floor":8,"key":"SMITH"},{"floor":11,"key":"REST"},{"data":"alterego_mod:BigMeatyClaws","floor":15,"key":"SMITH"}],"circlet_count":0,"master_deck":["alterego_mod:Strike","alterego_mod:Strike","alterego_mod:Strike","alterego_mod:Strike","alterego_mod:Defend","alterego_mod:Defend","alterego_mod:Defend","alterego_mod:Defend","alterego_mod:Impale","alterego_mod:BigMeatyClaws+1","alterego_mod:BrynhildrsRune","alterego_mod:Rip","alterego_mod:Bounce","alterego_mod:Lingerie","alterego_mod:DiscoLights+1","alterego_mod:Jiggle","alterego_mod:TrickOrTreatment","alterego_mod:BiFurious","alterego_mod:Swimsuit"],"relics":["alterego_mod:MasochisticConstitution","Juzu Bracelet","Ornamental Fan","Orichalcum","Pen Nib"],"acts_visited":["Exordium"],"potions_floor_usage":[7,10,12],"damage_taken":[{"damage":19,"enemies":"Jaw Worm","floor":1,"turns":6},{"damage":11,"enemies":"Cultist","floor":4,"turns":4},{"damage":10,"enemies":"Small Slimes","floor":5,"turns":3},{"damage":9,"enemies":"Exordium Wildlife","floor":7,"turns":4},{"damage":12,"enemies":"Gremlin Nob","floor":10,"turns":5},{"damage":12,"enemies":"3 Sentries","floor":12,"turns":10},{"damage":6,"enemies":"2 Fungi Beasts","floor":13,"turns":4},{"damage":8,"enemies":"Blue Slaver","floor":14,"turns":4},{"damage":49,"enemies":"The Guardian","floor":16,"turns":7}],"seed_played":"792157548647663263","potions_obtained":[{"floor":5,"key":"Weak Potion"},{"floor":7,"key":"AttackPotion"},{"floor":10,"key":"EssenceOfSteel"}],"is_trial":false,"path_per_floor":["M","?","$","M","M","R","M","R","T","E","R","E","M","M","R","B"],"character_chosen":"The_Alterego","items_purchased":["Juzu Bracelet"],"campfire_rested":2,"item_purchase_floors":[3],"current_hp_per_floor":[59,59,59,49,40,64,56,56,56,45,69,58,53,46,46,0,0],"gold":183,"neow_bonus":"TEN_PERCENT_HP_BONUS","is_daily":false,"chose_seed":false,"campfire_upgraded":2,"win_rate":0.0,"timestamp":1609938335,"path_taken":["M","?","?","M","M","R","M","R","T","E","R","E","M","M","R","BOSS"],"items_purchased_type":["Relic"],"build_version":"2020-12-22","purchased_purges":0,"victory":false,"max_hp_per_floor":[78,78,78,79,80,80,81,81,81,82,82,83,84,85,85,85,85],"card_choices":[{"not_picked":["alterego_mod:MagicResistance","alterego_mod:DiscoLights"],"picked":"alterego_mod:Rip","floor":1},{"not_picked":["alterego_mod:DeftHands","alterego_mod:Jiggle"],"picked":"alterego_mod:Bounce","floor":4},{"not_picked":["alterego_mod:BiFurious","alterego_mod:Cycle"],"picked":"alterego_mod:Lingerie","floor":5},{"not_picked":["alterego_mod:Cycle","alterego_mod:Schoolgirl"],"picked":"alterego_mod:DiscoLights","floor":7},{"not_picked":["alterego_mod:SuperDuperMasochism","alterego_mod:BiFurious"],"picked":"alterego_mod:Jiggle","floor":10},{"not_picked":["alterego_mod:STier","alterego_mod:1TonWallop"],"picked":"alterego_mod:TrickOrTreatment","floor":12},{"not_picked":["alterego_mod:DustData","alterego_mod:Support"],"picked":"alterego_mod:BiFurious","floor":13},{"not_picked":["alterego_mod:BoobPocket","alterego_mod:PresenceConcealment"],"picked":"alterego_mod:Swimsuit","floor":14}],"player_experience":1794451,"relics_obtained":[{"floor":9,"key":"Ornamental Fan"},{"floor":10,"key":"Orichalcum"},{"floor":12,"key":"Pen Nib"}],"event_choices":[{"damage_healed":0,"gold_gain":100,"player_choice":"Pray","damage_taken":0,"max_hp_gain":0,"max_hp_loss":0,"event_name":"Golden Shrine","floor":2,"gold_loss":0}],"is_beta":false,"boss_relics":[],"items_purged_floors":[],"is_endless":false,"potions_floor_spawned":[5,7,10],"killed_by":"The Guardian","ascension_level":0}}