{"host":"owox7x4ngjt9htcc","time":1609919630,"event":{"mods":["BaseMod","Colored Map","DeckTracker","Keyboard Shortcuts","Minty Spire (QoL Compilation)","SuperFastMode"],"gold_per_floor":[114,129,144,144,159,159,174,189,264,264,264,264,68,98,98,198,198,213,228,228,243,243,243,258,273,298,298,5,20,20,20],"floor_reached":30,"playtime":6687,"items_purged":[],"score":409,"play_id":"a89ac0ad-36ce-4cfe-a443-d7858c63e6a3","local_time":"20210106165350","daily_mods":["Cursed Run","Uncertain Future","Binary"],"is_ascension_mode":false,"campfire_choices":[{"data":"Eruption","floor":6.0,"key":"SMITH"},{"data":"PathToVictory","floor":11.0,"key":"SMITH"},{"data":"Vigilance","floor":15.0,"key":"SMITH"},{"floor":23.0,"key":"REST"}],"circlet_count":0,"master_deck":["Strike_P","Strike_P","Strike_P","Defend_P","Defend_P","Defend_P","Defend_P","Eruption+1","Vigilance+1","EmptyFist","PathToVictory+1","ThirdEye","PathToVictory+1","Protect","Brilliance","Clumsy","EmptyBody","Pain","Omniscience","ClearTheMind+1","Decay","Study+1","Writhe","Regret","Meditate","MentalFortress+1"],"relics":["Cursed Key","Darkstone Periapt","Du-Vu Doll","Matryoshka","Vajra","PreservedInsect","Fusion Hammer","Oddly Smooth Stone","Eternal Feather","Happy Flower","Bottled Lightning","Pen Nib","Membership Card","Blue Candle"],"acts_visited":["Exordium","TheCity"],"potions_floor_usage":[],"damage_taken":[{"damage":0.0,"enemies":"Small Slimes","floor":1.0,"turns":2.0},{"damage":0.0,"enemies":"2 Louse","floor":2.0,"turns":2.0},{"damage":0.0,"enemies":"Cultist","floor":3.0,"turns":2.0},{"damage":0.0,"enemies":"2 Fungi Beasts","floor":5.0,"turns":3.0},{"damage":4.0,"enemies":"Blue Slaver","floor":7.0,"turns":3.0},{"damage":1.0,"enemies":"Exordium Wildlife","floor":8.0,"turns":2.0},{"damage":0.0,"enemies":"Lagavulin","floor":14.0,"turns":4.0},{"damage":15.0,"enemies":"The Guardian","floor":16.0,"turns":7.0},{"damage":19.0,"enemies":"Spheric Guardian","floor":18.0,"turns":7.0},{"damage":22.0,"enemies":"3 Byrds","floor":19.0,"turns":6.0},{"damage":3.0,"enemies":"Snecko","floor":21.0,"turns":2.0},{"damage":41.0,"enemies":"Sentry and Sphere","floor":24.0,"turns":8.0},{"damage":30.0,"enemies":"3 Cultists","floor":25.0,"turns":6.0},{"damage":23.0,"enemies":"Centurion and Healer","floor":29.0,"turns":5.0},{"damage":12,"enemies":"Gremlin Leader","floor":30,"turns":2}],"seed_played":"-5218424555718163201","potions_obtained":[{"floor":2.0,"key":"Regen Potion"},{"floor":3.0,"key":"Ancient Potion"},{"floor":7.0,"key":"Fire Potion"},{"floor":19.0,"key":"StancePotion"}],"is_trial":false,"path_per_floor":["M","M","M","?","M","R","M","M","T","?","R","?","$","E","R","B",null,"M","M","T","M","?","R","M","M","T","?","$","M","E"],"character_chosen":"WATCHER","items_purchased":["EmptyBody","Vajra","Membership Card","Blue Candle","Meditate"],"campfire_rested":1,"item_purchase_floors":[13,13,28,28,28],"current_hp_per_floor":[72,72,72,77,77,77,73,72,78,78,78,78,78,78,78,69,89,70,48,54,51,57,99,58,28,34,34,34,11,0,0],"gold":20,"neow_bonus":"","is_daily":true,"chose_seed":false,"campfire_upgraded":3,"win_rate":0.0,"timestamp":1609919630,"path_taken":["M","M","M","?","M","R","M","M","T","?","R","?","$","E","R","BOSS","M","M","?","M","?","R","M","M","T","?","$","M","E"],"items_purchased_type":["Card","Relic","Relic","Relic","Card"],"build_version":"2020-12-22","purchased_purges":0,"victory":false,"max_hp_per_floor":[72,72,72,77,77,77,77,77,83,83,83,83,83,83,83,89,89,89,89,95,95,101,101,101,101,107,107,107,107,107,107],"card_choices":[{"not_picked":["CutThroughFate"],"picked":"EmptyFist","floor":1.0},{"not_picked":["Sanctity"],"picked":"PathToVictory","floor":2.0},{"not_picked":["Consecrate"],"picked":"ThirdEye","floor":3.0},{"not_picked":["Indignation"],"picked":"PathToVictory","floor":5.0},{"not_picked":["Indignation"],"picked":"Protect","floor":7.0},{"not_picked":["WheelKick"],"picked":"Brilliance","floor":8.0},{"not_picked":["FollowUp","Halt"],"picked":"SKIP","floor":14.0},{"not_picked":["ConjureBlade"],"picked":"Omniscience","floor":16.0},{"not_picked":["EmptyBody","Consecrate+1"],"picked":"SKIP","floor":18.0},{"not_picked":["Conclude"],"picked":"ClearTheMind+1","floor":19.0},{"not_picked":["Vengeance"],"picked":"Study+1","floor":21.0},{"not_picked":["EmptyBody","Consecrate"],"picked":"SKIP","floor":24.0},{"not_picked":["Study","EmptyBody"],"picked":"SKIP","floor":25.0},{"not_picked":["PathToVictory"],"picked":"MentalFortress+1","floor":29.0}],"player_experience":875145,"relics_obtained":[{"floor":9.0,"key":"Matryoshka"},{"floor":14.0,"key":"PreservedInsect"},{"floor":20.0,"key":"Oddly Smooth Stone"},{"floor":20.0,"key":"Eternal Feather"},{"floor":26.0,"key":"Bottled Lightning"},{"floor":26.0,"key":"Pen Nib"}],"event_choices":[{"damage_healed":0.0,"max_hp_gain":5.0,"max_hp_loss":0.0,"gold_gain":0.0,"event_name":"Big Fish","player_choice":"Donut","floor":4.0,"gold_loss":0.0,"damage_taken":0.0},{"damage_healed":0.0,"max_hp_gain":0.0,"max_hp_loss":0.0,"gold_gain":0.0,"event_name":"Living Wall","player_choice":"Grow","floor":10.0,"gold_loss":0.0,"damage_taken":0.0,"cards_upgraded":["PathToVictory"]},{"cards_removed":["Strike_P"],"damage_healed":0.0,"max_hp_gain":0.0,"max_hp_loss":0.0,"gold_gain":0.0,"event_name":"Bonfire Elementals","player_choice":"Offered Basic","floor":12.0,"gold_loss":0.0,"damage_taken":0.0},{"damage_healed":0.0,"max_hp_gain":0.0,"max_hp_loss":0.0,"gold_gain":0.0,"event_name":"The Mausoleum","player_choice":"Opened","floor":22.0,"gold_loss":0.0,"damage_taken":0.0,"relics_obtained":["Happy Flower"],"cards_obtained":["Writhe"]},{"damage_healed":0.0,"max_hp_gain":0.0,"max_hp_loss":0.0,"gold_gain":0.0,"event_name":"Vampires","player_choice":"Ignored","floor":27.0,"gold_loss":0.0,"damage_taken":0.0}],"is_beta":false,"boss_relics":[{"not_picked":["Philosopher\u0027s Stone","Astrolabe"],"picked":"Fusion Hammer"}],"items_purged_floors":[],"is_endless":false,"potions_floor_spawned":[2,3,7,14,16,19,24,29],"killed_by":"Gremlin Leader","ascension_level":0}}