{"host":"kjehzzhcyp0nyrrl","time":1609940997,"event":{"mods":["AchievementEnabler","BaseMod","Custom Start","Hermit","Keyboard Shortcuts","Koishi","Minty Spire (QoL Compilation)","StSLib","SuperFastMode","The Dragon Tamer","The Gatherer","everything is the same but u backflip on backflip"],"gold_per_floor":[113,113,113,136,152,152,196,217,217,256,256,256,294,294,294,294,294],"floor_reached":16,"playtime":348,"items_purged":[],"score":153,"play_id":"c518ca40-2fa9-43e3-b373-aab7eb747c44","local_time":"20210106224957","is_ascension_mode":true,"campfire_choices":[{"data":"Coolheaded","floor":6,"key":"SMITH"},{"floor":11,"key":"REST"},{"data":"Hyperbeam","floor":15,"key":"SMITH"}],"circlet_count":0,"master_deck":["Strike_B","Strike_B","Strike_B","Defend_B","Defend_B+1","Defend_B+1","Defend_B","Zap","Dualcast","Jack Of All Trades","Cold Snap","Coolheaded+1","Sweeping Beam","Reprogram+1","Hyperbeam+1","Sunder"],"relics":["Cracked Core","Golden Idol","Regal Pillow","Pear","Meat on the Bone","Nunchaku"],"acts_visited":["Exordium"],"potions_floor_usage":[7,16,16],"damage_taken":[{"damage":7,"enemies":"Jaw Worm","floor":1,"turns":3},{"damage":0,"enemies":"Small Slimes","floor":4,"turns":3},{"damage":0,"enemies":"Cultist","floor":5,"turns":3},{"damage":23,"enemies":"Gremlin Nob","floor":7,"turns":5},{"damage":3,"enemies":"Blue Slaver","floor":8,"turns":6},{"damage":17,"enemies":"3 Sentries","floor":10,"turns":5},{"damage":10,"enemies":"Gremlin Nob","floor":13,"turns":3},{"damage":40,"enemies":"Hexaghost","floor":16,"turns":9}],"seed_played":"6673484429991686586","potions_obtained":[{"floor":4,"key":"Weak Potion"},{"floor":5,"key":"Energy Potion"},{"floor":10,"key":"SkillPotion"},{"floor":13,"key":"SkillPotion"}],"is_trial":false,"path_per_floor":["M","?","?","M","M","R","E","M","T","E","R","?","E","?","R","B"],"character_chosen":"DEFECT","items_purchased":[],"campfire_rested":1,"item_purchase_floors":[],"current_hp_per_floor":[61,61,61,61,61,61,38,35,45,28,66,66,56,40,40,0,0],"gold":294,"neow_bonus":"RANDOM_COLORLESS","is_daily":false,"chose_seed":false,"campfire_upgraded":2,"win_rate":0.0,"timestamp":1609940997,"path_taken":["M","?","?","?","M","R","E","M","T","E","R","?","E","?","R","BOSS"],"items_purchased_type":[],"build_version":"2020-12-22","purchased_purges":0,"victory":false,"max_hp_per_floor":[75,69,69,69,69,69,69,69,79,79,79,79,79,79,79,79,79],"card_choices":[{"not_picked":["Panacea","Discovery"],"picked":"Jack Of All Trades","floor":0},{"not_picked":["Leap","Steam"],"picked":"Cold Snap","floor":1},{"not_picked":["Force Field","Darkness"],"picked":"Coolheaded","floor":4},{"not_picked":["Undo","Hello World"],"picked":"Sweeping Beam","floor":5},{"not_picked":["Coolheaded","Turbo"],"picked":"Reprogram","floor":7},{"not_picked":["Stack","Barrage"],"picked":"Hyperbeam","floor":8},{"not_picked":["Sweeping Beam","Tempest","Doom and Gloom"],"picked":"SKIP","floor":10},{"not_picked":["Auto Shields","Conserve Battery"],"picked":"Sunder","floor":13}],"player_experience":387976,"relics_obtained":[{"floor":7,"key":"Regal Pillow"},{"floor":9,"key":"Pear"},{"floor":10,"key":"Meat on the Bone"},{"floor":13,"key":"Nunchaku"}],"event_choices":[{"damage_healed":0,"gold_gain":0,"player_choice":"Lose Max HP","damage_taken":0,"relics_obtained":["Golden Idol"],"max_hp_gain":0,"max_hp_loss":6,"event_name":"Golden Idol","floor":2,"gold_loss":0},{"cards_removed":["Strike_B"],"damage_healed":0,"gold_gain":0,"player_choice":"Offered Basic","damage_taken":0,"max_hp_gain":0,"max_hp_loss":0,"event_name":"Bonfire Elementals","floor":3,"gold_loss":0},{"damage_healed":0,"gold_gain":0,"player_choice":"Grow","damage_taken":0,"max_hp_gain":0,"max_hp_loss":0,"event_name":"Living Wall","floor":12,"gold_loss":0,"cards_upgraded":["Reprogram"]},{"damage_healed":0,"gold_gain":0,"player_choice":"Entered Light","damage_taken":16,"max_hp_gain":0,"max_hp_loss":0,"event_name":"Shining Light","floor":14,"gold_loss":0,"cards_upgraded":["Defend_B","Defend_B"]}],"is_beta":false,"boss_relics":[],"items_purged_floors":[],"is_endless":false,"potions_floor_spawned":[4,5,10,13],"killed_by":"Hexaghost","ascension_level":6}}