{"host":"3ue1f73r1c19kas9","time":1609961281,"event":{"mods":["Act Like it!","BaseMod","Better Skull","Better Third Choice","Conspire","Hermit","Infinite Spire","Jorbs\u0027s Wanderer Trilogy","Lobotomy","LobotomyExtend","Luminous","Minty Spire (QoL Compilation)","Robot Space Explorer","Shop Mod","Spicy Shops","StSLib","SuperFastMode","The Animator","The Hierophant","Unceasing Turn Reminder","Wandering Minibosses","vexMod"],"gold_per_floor":[114,34,56,8,26,26,43,59,59,59,102,114,36,36,36,106,106,112,112,134,110,130,141,141,239,263,297,10,10,73,168,168,207,207,302,418,432,558,672,654,654,654,681,681,681,804,842,842,842,793,793,998,998,1298,1503,1694,1694,1812,1833,1859,1837,1556,1556],"floor_reached":62,"playtime":3285,"items_purged":["hierophant:Remorse"],"score":1044,"play_id":"28f23d70-7663-47ce-8315-d5923f8ba264","local_time":"20210106222801","is_ascension_mode":false,"campfire_choices":[{"data":"hierophant:Charity","floor":6,"key":"SMITH"},{"floor":15,"key":"REST"},{"floor":29,"key":"REST"},{"floor":32,"key":"REST"},{"data":"hierophant:Generosity","floor":41,"key":"SMITH"},{"data":"hierophant:RecallFunds","floor":44,"key":"SMITH"},{"floor":49,"key":"REST"},{"data":"infinitespire:Collect","floor":57,"key":"SMITH"}],"circlet_count":0,"master_deck":["conspire:GhostlyStrike","conspire:GhostlyStrike","conspire:GhostlyStrike","conspire:GhostlyStrike","hierophant:Punish","conspire:GhostlyDefend","conspire:GhostlyDefend","conspire:GhostlyDefend","conspire:GhostlyDefend","hierophant:ChurchCoffers","hierophant:Doubloon+1","hierophant:Refuge+1","hierophant:Charity+1","hierophant:Doubloon+1","hierophant:RustyCrate","hierophant:Doubloon+1","hierophant:Doubloon","hierophant:HolyVerse","hierophant:HolyVerse+1","hierophant:Doubloon+1","hierophant:CursedGold+1","hierophant:Doubloon+1","hierophant:Remorse","hierophant:PristineSoul","hierophant:Doubloon+1","hierophant:Generosity+1","hierophant:Doubloon+1","hierophant:PassingBell","hierophant:OrnateBuckler","hierophant:Doubloon","hierophant:RecallFunds+1","hierophant:Zeal+1","hierophant:Encroach+1","hierophant:HolyVerse","hierophant:RepressedViolence+1","hierophant:Doubloon+1","hierophant:Remorse","hierophant:RustyCrate","hierophant:Doubloon+1","hierophant:Doubloon","hierophant:MintersHammer","hierophant:Prophecy","hierophant:Doubloon+1","hierophant:Smite","hierophant:WrathOfGod","hierophant:AuricBeam+1","hierophant:Doubloon+1","hierophant:Refuge+1","hierophant:SealAway+1","infinitespire:Collect+1","hierophant:BulkyChest","hierophant:Doubloon","hierophant:RecallFunds+1","hierophant:AuricForm","hierophant:Doubloon","hierophant:CursedGold","hierophant:AuricShield","hierophant:Glossolalia","hierophant:Repentance","hierophant:Doubloon","hierophant:CursedGold","hierophant:Alms"],"relics":["conspire:SpecialSausage","LetterFromLob","Smiling Mask","Lizard Tail","Chemical X","Sozu","vexMod:CursedCompass","Pen Nib","Bottled Tornado","CeramicFish","Mummified Hand","Art of War","conspire:SeveredTorchhead","Ginger","PreservedInsect","infinitespire:Cupcake","Dead Branch","conspire:GiftBox","vexMod:BigBerry","Old Coin","Odd Mushroom","War Paint"],"acts_visited":["Exordium","TheCity","TheBeyond","Exordium"],"potions_floor_usage":[12,16,16,16,16,30,40],"damage_taken":[{"damage":6,"enemies":"Cultist","floor":1,"turns":3},{"damage":0,"enemies":"Small Slimes","floor":3,"turns":3},{"damage":0,"enemies":"conspire:RoseBush","floor":5,"turns":2},{"damage":11,"enemies":"Exordium Thugs","floor":7,"turns":3},{"damage":17,"enemies":"3 Sentries","floor":8,"turns":4},{"damage":0,"enemies":"Lots of Slimes","floor":11,"turns":1},{"damage":22,"enemies":"Gremlin Nob","floor":12,"turns":4},{"damage":20,"enemies":"The Guardian","floor":16,"turns":12},{"damage":21,"enemies":"Chosen","floor":18,"turns":7},{"damage":10,"enemies":"2 Thieves","floor":20,"turns":2},{"damage":10,"enemies":"Shelled Parasite and Fungi","floor":22,"turns":2},{"damage":4,"enemies":"Gremlin Leader","floor":23,"turns":5},{"damage":0,"enemies":"Snake Plant","floor":25,"turns":1},{"damage":15,"enemies":"conspire:HollyBat","floor":27,"turns":5},{"damage":0,"enemies":"Centurion and Healer","floor":30,"turns":3},{"damage":0,"enemies":"conspire:Head Lice","floor":31,"turns":4},{"damage":0,"enemies":"Collector","floor":33,"turns":5},{"damage":7,"enemies":"Orb Walker","floor":35,"turns":2},{"damage":2,"enemies":"3 Shapes","floor":36,"turns":2},{"damage":0,"enemies":"Maw","floor":37,"turns":6},{"damage":0,"enemies":"Sphere and 2 Shapes","floor":38,"turns":2},{"damage":2,"enemies":"4 Shapes","floor":39,"turns":1},{"damage":73,"enemies":"Nightmare","floor":40,"turns":5},{"damage":0,"enemies":"Jaw Worm Horde","floor":46,"turns":1},{"damage":8,"enemies":"infinitespire:Three Voidlings","floor":47,"turns":2},{"damage":27,"enemies":"Nightmare_Alpha","floor":47,"turns":6},{"damage":12,"enemies":"conspire:OrnateMirror","floor":50,"turns":3},{"damage":0,"enemies":"2 Louse","floor":52,"turns":1},{"damage":0,"enemies":"The Mushroom Lair","floor":55,"turns":1},{"damage":10,"enemies":"Cultist","floor":56,"turns":1},{"damage":9,"enemies":"Jaw Worm","floor":58,"turns":2},{"damage":13,"enemies":"Looter","floor":59,"turns":2},{"damage":0,"enemies":"Large Slime","floor":61,"turns":1},{"damage":57,"enemies":"Nightmare","floor":62,"turns":2}],"seed_played":"3914340227180539942","potions_obtained":[{"floor":3,"key":"DuplicationPotion"},{"floor":8,"key":"FearPotion"},{"floor":11,"key":"DistilledChaos"},{"floor":12,"key":"EntropicBrew"},{"floor":16,"key":"SkillPotion"}],"is_trial":false,"path_per_floor":["M","$","M","$","M","R","M","E","T","?","M","E","$","?","R","B",null,"M","AVR","M","$","M","E","?","M","T","M","$","R","M","E","R","B",null,"M","M","M","M","M","NM","R","?","T","R","AVR","M","?","?","R","B",null,"M","?","T","?","M","R","M","M","T","M","NM"],"character_chosen":"HIEROPHANT","items_purchased":["hierophant:Charity","hierophant:HolyVerse","Chemical X","hierophant:OrnateBuckler","Mummified Hand","hierophant:RepressedViolence"],"campfire_rested":4,"item_purchase_floors":[2,4,13,21,28,28],"current_hp_per_floor":[69,69,69,69,69,69,58,41,47,47,47,25,25,25,49,29,81,60,60,50,50,40,36,36,36,36,21,21,45,45,45,69,69,81,74,72,72,72,70,60,60,60,60,60,60,60,25,25,49,37,111,111,89,89,89,79,79,70,57,57,57,0,0],"gold":1556,"neow_bonus":"BOSS_RELIC","is_daily":false,"chose_seed":false,"campfire_upgraded":4,"win_rate":0.0,"timestamp":1609961281,"path_taken":["M","$","M","?","M","R","M","E","T","?","M","E","$","?","R","BOSS","M","AVR","M","$","M","E","?","M","T","M","$","R","?","E","R","BOSS","M","M","M","M","M","NM","R","?","T","R","AVR","M","?","?","R","BOSS","M","?","?","?","M","R","M","M","T","M","NM"],"items_purchased_type":["Card","Card","Relic","Card","Relic","Card"],"build_version":"2020-12-22","purchased_purges":1,"victory":false,"max_hp_per_floor":[75,75,75,75,75,75,75,75,81,81,81,81,81,81,81,81,81,81,81,81,81,81,81,81,81,81,81,81,81,81,81,81,81,81,81,81,81,81,81,81,81,81,81,81,81,81,81,81,81,81,111,111,111,111,111,111,111,111,111,111,111,111,111],"card_choices":[{"not_picked":["hierophant:Embezzle","hierophant:MorningPrayer"],"picked":"hierophant:Refuge","floor":1},{"not_picked":["hierophant:MirrorShield","hierophant:Refuge"],"picked":"hierophant:RustyCrate","floor":3},{"not_picked":["hierophant:Dazzle","hierophant:Doubloon"],"picked":"hierophant:HolyVerse","floor":5},{"not_picked":["hierophant:Prophecy","hierophant:MorningPrayer"],"picked":"hierophant:CursedGold","floor":7},{"not_picked":["hierophant:Endure","hierophant:Glossolalia"],"picked":"hierophant:Remorse","floor":8},{"not_picked":["hierophant:Shelter","hierophant:Exaltation"],"picked":"hierophant:PristineSoul","floor":11},{"not_picked":["hierophant:Kindle","hierophant:DisplayOfPower"],"picked":"hierophant:Shelter","floor":12},{"not_picked":["hierophant:Levitation","hierophant:LocustPlague"],"picked":"hierophant:Generosity","floor":16},{"not_picked":["hierophant:Doubloon","hierophant:Purify"],"picked":"hierophant:Remorse","floor":18},{"not_picked":["hierophant:Martyrdom","hierophant:HammerAndAnvil"],"picked":"hierophant:PassingBell","floor":20},{"not_picked":["hierophant:AuricShield+1","hierophant:HolyVerse+1"],"picked":"hierophant:RecallFunds","floor":22},{"not_picked":["hierophant:Anathema","hierophant:Encroach+1"],"picked":"hierophant:Zeal","floor":23},{"not_picked":["hierophant:Purify","hierophant:HammerAndAnvil"],"picked":"hierophant:Encroach","floor":25},{"not_picked":["hierophant:Alms+1","hierophant:Encroach"],"picked":"hierophant:HolyVerse","floor":27},{"not_picked":["hierophant:HammerAndAnvil+1","hierophant:AuricShield"],"picked":"hierophant:Remorse","floor":30},{"not_picked":["hierophant:Empathy","hierophant:Shelter"],"picked":"hierophant:RustyCrate","floor":31},{"not_picked":["hierophant:WrathOfGod","hierophant:Determination"],"picked":"hierophant:MintersHammer","floor":33},{"not_picked":["hierophant:FlamingChariot+1","hierophant:Zeal+1"],"picked":"hierophant:Prophecy","floor":35},{"not_picked":["hierophant:Purify","hierophant:Exaltation"],"picked":"hierophant:Doubloon+1","floor":36},{"not_picked":["hierophant:AuricShield+1","hierophant:OrnateBuckler"],"picked":"hierophant:Smite","floor":37},{"not_picked":["hierophant:Glossolalia","hierophant:Chorus+1"],"picked":"hierophant:WrathOfGod","floor":38},{"not_picked":["hierophant:Smite+1","hierophant:Zeal"],"picked":"hierophant:AuricBeam+1","floor":39},{"not_picked":["hierophant:SealAway","hierophant:Sermon"],"picked":"hierophant:Refuge+1","floor":40},{"not_picked":["hierophant:Shelter","hierophant:Purify"],"picked":"hierophant:SealAway+1","floor":46},{"not_picked":["infinitespire:Menacing","infinitespire:Punishment"],"picked":"infinitespire:Collect","floor":47},{"not_picked":["hierophant:Batter","hierophant:DeathKnell"],"picked":"hierophant:BulkyChest","floor":47},{"not_picked":["hierophant:Remorse","hierophant:HammerAndAnvil"],"picked":"hierophant:RecallFunds+1","floor":47},{"not_picked":["hierophant:Generosity","hierophant:Cornucopia"],"picked":"hierophant:AuricForm","floor":50},{"not_picked":["hierophant:Doomsaying","hierophant:HammerAndAnvil"],"picked":"hierophant:CursedGold","floor":52},{"not_picked":["hierophant:HolyVerse","hierophant:SealAway"],"picked":"hierophant:AuricShield","floor":55},{"not_picked":["hierophant:Exaltation","hierophant:HammerAndAnvil"],"picked":"hierophant:Glossolalia","floor":56},{"not_picked":["hierophant:Racketeering","hierophant:Zeal"],"picked":"hierophant:Repentance","floor":58},{"not_picked":["hierophant:AuricBeam","hierophant:Encroach"],"picked":"hierophant:CursedGold","floor":59},{"not_picked":["hierophant:DisplayOfPower","hierophant:HolyVerse"],"picked":"hierophant:Alms","floor":61}],"player_experience":1159213,"relics_obtained":[{"floor":1,"key":"LetterFromLob"},{"floor":8,"key":"Smiling Mask"},{"floor":9,"key":"vexMod:BerryBomb"},{"floor":12,"key":"Lizard Tail"},{"floor":23,"key":"Bottled Tornado"},{"floor":26,"key":"CeramicFish"},{"floor":31,"key":"Art of War"},{"floor":40,"key":"Ginger"},{"floor":43,"key":"PreservedInsect"},{"floor":47,"key":"conspire:GiftBox"},{"floor":54,"key":"Old Coin"},{"floor":55,"key":"Odd Mushroom"},{"floor":60,"key":"War Paint"}],"event_choices":[{"damage_healed":0,"gold_gain":0,"player_choice":"Agree","damage_taken":0,"max_hp_gain":0,"max_hp_loss":0,"event_name":"conspire:LoneGhost","floor":10,"gold_loss":0},{"damage_healed":0,"gold_gain":0,"player_choice":"Upgraded","damage_taken":0,"max_hp_gain":0,"max_hp_loss":0,"event_name":"Upgrade Shrine","floor":14,"gold_loss":0,"cards_upgraded":["hierophant:CursedGold"]},{"damage_healed":0,"gold_gain":0,"player_choice":"Got Potions","damage_taken":0,"max_hp_gain":0,"max_hp_loss":0,"event_name":"Lab","floor":24,"gold_loss":0},{"cards_removed":["hierophant:Shelter"],"damage_healed":0,"gold_gain":0,"player_choice":"Removed Skill","damage_taken":0,"max_hp_gain":0,"max_hp_loss":0,"event_name":"Falling","floor":42,"gold_loss":0},{"damage_healed":0,"gold_gain":0,"player_choice":"Upgraded","damage_taken":0,"max_hp_gain":0,"max_hp_loss":0,"event_name":"Upgrade Shrine","floor":48,"gold_loss":0,"cards_upgraded":["hierophant:Refuge"]},{"damage_healed":111,"gold_gain":0,"player_choice":"Upgrade","damage_taken":22,"max_hp_gain":0,"max_hp_loss":111,"event_name":"betterThird:BetterShining","floor":53,"gold_loss":0,"cards_upgraded":["hierophant:Zeal","hierophant:RepressedViolence"]},{"damage_healed":0,"gold_gain":0,"player_choice":"Fought Mushrooms","damage_taken":0,"max_hp_gain":0,"max_hp_loss":0,"event_name":"Mushrooms","floor":55,"gold_loss":0}],"is_beta":false,"boss_relics":[{"not_picked":["vexMod:DeviousBotling","vexMod:FluxCapacitor"],"picked":"Sozu"},{"not_picked":["vexMod:EndlessSickness","vexMod:TanglingVine"],"picked":"conspire:SeveredTorchhead"},{"not_picked":["Pandora\u0027s Box","SacredBark"],"picked":"vexMod:BigBerry"}],"items_purged_floors":[45],"is_endless":true,"potions_floor_spawned":[3,8,11,12,16,18,25,30,33,36,38,40,46,50,55,58,59],"killed_by":"Nightmare","ascension_level":0}}