{"host":"jrtaucq9moweewpn","time":1609913507,"event":{"mods":["BaseMod","Better Third Choice","Downfall","Duelist Mod","GifTheSpireLib","Minty Spire (QoL Compilation)","Replay The Spire","Shade Mod","StSLib","The Construct","The Cursed"],"gold_per_floor":[118,118,152,77,105,135,135,147,147,159,82,0,0,16,16,113,113,129,139,156,156,7,7,24,24,48,48,60,60,72,72,72,169,169,183,183,183,195,206,206,206,206,206],"floor_reached":42,"playtime":2611,"items_purged":["Amnesia"],"score":400,"play_id":"55cd134c-aa15-49a4-a98a-e8288b1d22c3","local_time":"20210106001147","is_ascension_mode":false,"campfire_choices":[{"floor":7,"key":"REST"},{"data":"Static Discharge","floor":13,"key":"SMITH"},{"floor":15,"key":"REST"},{"floor":23,"key":"REST"},{"floor":25,"key":"REST"},{"floor":27,"key":"REST"},{"floor":32,"key":"REST"},{"floor":40,"key":"REST"}],"circlet_count":0,"master_deck":["Strike_B","Strike_B","Strike_B","Strike_B","Defend_B","Defend_B","Defend_B","Defend_B","Zap","Static Discharge+1","Ball Lightning","Sweeping Beam","Self Repair","BootSequence","Machine Learning","Thunder Strike","Crystallizer","Panic Button","CurseOfTheBell"],"relics":["Cracked Core","Akabeko","ReplayTheSpireMod:Ring of Challenge","Carrot","Vajra","Busted Crown","Lantern","Centennial Puzzle","MutagenicStrength","Calling Bell","Regal Pillow","Singing Bowl","Ice Cream","InkBottle"],"acts_visited":["Exordium","TheCity","TheBeyond"],"potions_floor_usage":[16,16,19,20,33,33,39],"damage_taken":[{"damage":0,"enemies":"2 Louse","floor":1,"turns":2},{"damage":11,"enemies":"Jaw Worm","floor":3,"turns":4},{"damage":0,"enemies":"Small Slimes","floor":5,"turns":3},{"damage":26,"enemies":"Lagavulin","floor":6,"turns":5},{"damage":2,"enemies":"Blue Slaver","floor":8,"turns":2},{"damage":0,"enemies":"Large Slime","floor":10,"turns":3},{"damage":23,"enemies":"Exordium Thugs","floor":14,"turns":3},{"damage":19,"enemies":"Slime Boss","floor":16,"turns":6},{"damage":15,"enemies":"2 Thieves","floor":18,"turns":3},{"damage":14,"enemies":"3 Byrds","floor":19,"turns":2},{"damage":25,"enemies":"Snake Plant","floor":20,"turns":4},{"damage":21,"enemies":"Shelled Parasite and Fungi","floor":24,"turns":3},{"damage":16,"enemies":"Chosen and Byrds","floor":28,"turns":4},{"damage":22,"enemies":"Snake Plant","floor":30,"turns":2},{"damage":75,"enemies":"Automaton","floor":33,"turns":10},{"damage":22,"enemies":"3 Darklings","floor":35,"turns":2},{"damage":3,"enemies":"Orb Walker","floor":38,"turns":3},{"damage":27,"enemies":"Jaw Worm Horde","floor":39,"turns":4}],"seed_played":"-1846726705045444673","potions_obtained":[{"floor":6,"key":"LiquidMemories"},{"floor":8,"key":"Ancient Potion"},{"floor":14,"key":"EssenceOfSteel"},{"floor":16,"key":"Dexterity Potion"},{"floor":18,"key":"ColorlessPotion"},{"floor":24,"key":"SpeedPotion"},{"floor":28,"key":"SneckoOil"},{"floor":33,"key":"Dexterity Potion"},{"floor":38,"key":"LifebloodPotion"}],"is_trial":false,"path_per_floor":["M","?","M","$","M","E","R","M","T","M","$","?","R","M","R","B",null,"M","M","M","?","$","R","M","R","T","R","M","?","M","?","R","B",null,"M","?","?","M","M","R","?","E"],"character_chosen":"DEFECT","items_purchased":["Self Repair","Lantern"],"campfire_rested":7,"item_purchase_floors":[11,22],"current_hp_per_floor":[75,75,64,64,64,38,60,58,58,58,58,64,64,48,72,53,81,73,59,41,41,41,65,44,68,68,81,72,72,57,57,81,13,81,61,61,61,67,49,87,87,0,0],"gold":206,"neow_bonus":"RANDOM_COMMON_RELIC","is_daily":false,"chose_seed":false,"campfire_upgraded":1,"win_rate":0.0,"timestamp":1609913507,"path_taken":["M","?","M","$","M","E","R","M","T","M","$","?","R","M","R","BOSS","M","M","M","?","$","R","M","R","T","R","M","?","M","?","R","BOSS","M","?","?","?","M","R","?","E"],"items_purchased_type":["Card","Relic"],"build_version":"2020-12-22","purchased_purges":1,"victory":false,"max_hp_per_floor":[75,75,75,75,75,75,75,75,75,75,75,81,81,81,81,81,81,81,81,81,81,81,81,81,81,81,81,81,81,81,81,81,81,81,83,83,83,85,87,87,87,87,87],"card_choices":[{"not_picked":["Coolheaded","Conserve Battery"],"picked":"Static Discharge","floor":1},{"not_picked":["Chaos","Go for the Eyes"],"picked":"Ball Lightning","floor":3},{"not_picked":["Rip and Tear","Auto Shields"],"picked":"Sweeping Beam","floor":5},{"not_picked":["Conserve Battery","Hello World","Rebound"],"picked":"SKIP","floor":6},{"not_picked":["Recycle","Doom and Gloom","ReplaySort"],"picked":"SKIP","floor":8},{"not_picked":["Cold Snap","Undo","Fusion"],"picked":"SKIP","floor":10},{"not_picked":["Leap","Beam Cell"],"picked":"BootSequence","floor":14},{"not_picked":["ReplayTheSpireMod:Omega Cannon","Multi-Cast"],"picked":"Machine Learning","floor":16},{"not_picked":["Streamline+1"],"picked":"SKIP","floor":18},{"not_picked":[],"picked":"Thunder Strike","floor":19},{"not_picked":["Conserve Battery+1"],"picked":"SKIP","floor":20},{"not_picked":[],"picked":"Panic Button","floor":24},{"not_picked":["Crystallizer"],"picked":"SKIP","floor":28},{"not_picked":["Crystallizer"],"picked":"SKIP","floor":28},{"not_picked":["Conserve Battery"],"picked":"SKIP","floor":30},{"not_picked":["Redo"],"picked":"Singing Bowl","floor":35},{"not_picked":["Gash+1"],"picked":"Singing Bowl","floor":38},{"not_picked":["Hello World+1"],"picked":"Singing Bowl","floor":39}],"player_experience":510050,"relics_obtained":[{"floor":2,"key":"ReplayTheSpireMod:Ring of Challenge"},{"floor":6,"key":"Carrot"},{"floor":9,"key":"Vajra"},{"floor":26,"key":"Centennial Puzzle"},{"floor":34,"key":"Regal Pillow"},{"floor":34,"key":"Singing Bowl"},{"floor":34,"key":"Ice Cream"}],"event_choices":[{"damage_healed":0,"gold_gain":0,"player_choice":"RENOUNCE","damage_taken":82,"max_hp_gain":0,"max_hp_loss":0,"event_name":"betterThird:BetterSerpent","floor":12,"gold_loss":82,"cards_obtained":["Enlightenment"]},{"damage_healed":0,"gold_gain":0,"player_choice":"Read","damage_taken":0,"max_hp_gain":0,"max_hp_loss":0,"event_name":"The Library","floor":21,"gold_loss":0,"cards_obtained":["Crystallizer"]},{"damage_healed":0,"gold_gain":0,"player_choice":"Inject Mutagens","damage_taken":0,"relics_obtained":["MutagenicStrength"],"max_hp_gain":0,"max_hp_loss":0,"event_name":"Drug Dealer","floor":29,"gold_loss":0},{"damage_healed":0,"gold_gain":0,"player_choice":"Ignored","damage_taken":0,"max_hp_gain":0,"max_hp_loss":0,"event_name":"Ghosts","floor":31,"gold_loss":0},{"cards_removed":["Dualcast"],"damage_healed":0,"gold_gain":0,"player_choice":"Removed Skill","damage_taken":0,"max_hp_gain":0,"max_hp_loss":0,"event_name":"Falling","floor":36,"gold_loss":0},{"cards_removed":["Enlightenment"],"damage_healed":0,"gold_gain":0,"player_choice":"Gave Card","damage_taken":0,"relics_obtained":["InkBottle"],"max_hp_gain":0,"max_hp_loss":0,"event_name":"WeMeetAgain","floor":37,"gold_loss":0},{"damage_healed":0,"gold_gain":0,"player_choice":"Ignored","damage_taken":0,"max_hp_gain":0,"max_hp_loss":0,"event_name":"Tomb of Lord Red Mask","floor":41,"gold_loss":0}],"is_beta":false,"boss_relics":[{"not_picked":["SacredBark","Runic Pyramid"],"picked":"Busted Crown"},{"not_picked":["Kintsugi","construct:ClawGrip"],"picked":"Calling Bell"}],"items_purged_floors":[4],"is_endless":false,"potions_floor_spawned":[6,8,14,16,18,24,28,33,38],"killed_by":"R_Hoarder","ascension_level":0}}