{"host":"uc0x0d8zaap3n3zi","time":1609905474,"event":{"mods":["2.2 Compatiblity","AchievementEnabler","Act Like it!","Alarm Clock","BaseMod","Colored Powertips","Downfall","Minty Spire (QoL Compilation)","Pale of the Ancients","Rare Cards Sparkle","Relic Stats","StSLib","The Cursed","The Marked","The Servant 0.9.4","slay the spire mod where everything is the same but ironclad has a cowboy hat"],"gold_per_floor":[118,129,129,147,147,177,177,101,126,126,126,151,151,169,169,298,298,313,403,393,417,200,200,238,258,258,258,139,139,139,152,152,254,254,268,268,286,336,353,353,373,373,373,384,243,271,37,51,51,51,70,90,107,107,107,124,124,61,61,61],"floor_reached":61,"playtime":3926,"items_purged":["Strike_S","Strike_S","Defend_S"],"score":1375,"play_id":"41e6d3bc-7bb4-4cd9-bee2-b8c6cfa35fce","local_time":"20210106165754","is_ascension_mode":false,"campfire_choices":[{"floor":7,"key":"REST"},{"data":"Misdirection","floor":10,"key":"SMITH"},{"data":"Solidify","floor":13,"key":"SMITH"},{"data":"Barrier","floor":15,"key":"SMITH"},{"data":"Luminosity","floor":23,"key":"SMITH"},{"data":"FloweringNight","floor":29,"key":"SMITH"},{"data":"Embodiment","floor":32,"key":"SMITH"},{"data":"Misdirection","floor":40,"key":"SMITH"},{"data":"1","floor":42,"key":"LIFT"},{"data":"Sunlight","floor":49,"key":"SMITH"},{"floor":55,"key":"RECALL"},{"data":"2","floor":57,"key":"LIFT"}],"circlet_count":0,"master_deck":["Defend_S","Defend_S","Defend_S","KidneyShot+1","Exchange","FloweringNight+1","Misdirection+1","Rearm","Solidify+1","Barrier+1","Embodiment+1","Misdirection+1","Luminosity+1","Dilation","Sunlight+1","Ricochet","SurpressingFire+1","MurderousAura+1","Defy+1"],"relics":["Uniform","Lantern","Boot","Bloody Idol","Empty Cage","Membership Card","Girya","Frozen Egg 2","Bronze Scales","StoneMask","TungstenRod","Pear","Singing Bowl","Omamori","Torii","paleoftheancients:Timepiece","paleoftheancients:KeyRelic","Sozu","Letter Opener","paleoftheancients:SoulOfTheWatcher","paleoftheancients:BlurryLens","Blue Candle"],"acts_visited":["Exordium","TheCity","TheBeyond","paleoftheancients:PaleOfTheAncients"],"potions_floor_usage":[46,46,46,51],"damage_taken":[{"damage":0,"enemies":"Cultist","floor":1,"turns":5},{"damage":1,"enemies":"Small Slimes","floor":2,"turns":4},{"damage":3,"enemies":"2 Louse","floor":4,"turns":2},{"damage":37,"enemies":"Lagavulin","floor":6,"turns":11},{"damage":2,"enemies":"Exordium Thugs","floor":12,"turns":4},{"damage":2,"enemies":"3 Louse","floor":14,"turns":4},{"damage":4,"enemies":"The Guardian","floor":16,"turns":17},{"damage":0,"enemies":"Chosen","floor":18,"turns":8},{"damage":1,"enemies":"2 Thieves","floor":20,"turns":4},{"damage":14,"enemies":"Centurion and Healer","floor":21,"turns":10},{"damage":0,"enemies":"Book of Stabbing","floor":24,"turns":8},{"damage":0,"enemies":"Snecko","floor":25,"turns":9},{"damage":0,"enemies":"Sentry and Sphere","floor":31,"turns":8},{"damage":0,"enemies":"Automaton","floor":33,"turns":14},{"damage":0,"enemies":"Orb Walker","floor":35,"turns":6},{"damage":17,"enemies":"3 Shapes","floor":37,"turns":6},{"damage":0,"enemies":"Mind Bloom Boss Battle","floor":38,"turns":9},{"damage":0,"enemies":"Maw","floor":39,"turns":9},{"damage":5,"enemies":"Sphere and 2 Shapes","floor":41,"turns":13},{"damage":12,"enemies":"Jaw Worm Horde","floor":44,"turns":4},{"damage":15,"enemies":"Reptomancer","floor":46,"turns":8},{"damage":7,"enemies":"Transient","floor":48,"turns":5},{"damage":6,"enemies":"Donu and Deca","floor":50,"turns":10},{"damage":45,"enemies":"Donu and Deca","floor":51,"turns":8},{"damage":11,"enemies":"Donu and Deca","floor":52,"turns":12},{"damage":0,"enemies":"paleoftheancients:BASlime1","floor":53,"turns":1},{"damage":0,"enemies":"paleoftheancients:BASlime1","floor":56,"turns":6},{"damage":24,"enemies":"paleoftheancients:N","floor":60,"turns":11}],"seed_played":"4197809076546641402","potions_obtained":[{"floor":12,"key":"Ancient Potion"},{"floor":16,"key":"FearPotion"},{"floor":24,"key":"Block Potion"},{"floor":25,"key":"LiquidMemories"},{"floor":41,"key":"Fruit Juice"},{"floor":46,"key":"Fire Potion"}],"is_trial":false,"path_per_floor":["M","M","?","M","$","E","R","$","T","R","?","M","R","M","R","B",null,"M","?","M","M","$","R","E","M","T","?","$","R","?","M","R","B",null,"M","?","M","?","M","R","M","R","T","M","$","E","$","M","R","B","M","M","M","T","R","M","R","$","?","B",null],"character_chosen":"THE_SERVANT","items_purchased":["Solidify","Membership Card","Luminosity","Dilation","SurpressingFire+1","Singing Bowl","Torii","MurderousAura+1"],"campfire_rested":1,"item_purchase_floors":[8,22,22,28,45,45,47,47],"current_hp_per_floor":[65,64,64,61,61,24,43,43,43,43,43,41,41,39,39,35,60,60,48,47,33,33,33,33,33,33,33,33,33,33,38,38,43,60,61,61,54,62,66,66,69,69,79,80,80,80,80,83,83,95,84,95,103,103,103,106,106,106,106,96],"gold":61,"neow_bonus":"ONE_RANDOM_RARE_CARD","is_daily":false,"chose_seed":false,"campfire_upgraded":8,"win_rate":0.0,"timestamp":1609905474,"path_taken":["M","M","?","M","?","E","R","$","T","R","?","M","R","M","R","BOSS","M","?","?","M","$","R","E","M","T","?","$","R","?","M","R","BOSS","M","?","M","?","M","R","M","R","T","M","?","E","$","M","R","BOSS","M","M","?","T","R","M","R","$","?","BOSS"],"items_purchased_type":["Card","Relic","Card","Card","Card","Relic","Relic","Card"],"build_version":"2020-12-22","purchased_purges":3,"victory":true,"max_hp_per_floor":[65,65,65,65,65,65,65,65,65,65,60,60,60,60,60,60,60,60,60,60,60,60,60,60,60,60,60,60,60,60,60,60,60,60,61,61,64,65,66,66,69,69,79,82,82,90,90,93,93,95,99,102,103,103,103,106,106,106,106,107],"relic_stats":{"Sozu":2,"Singing Bowl":10,"Torii":17,"counters":[28,216],"Bloody Idol":49,"Bronze Scales":[363],"Blue Candle":[0],"Letter Opener":[290],"Boot":[57],"obtain_stats":[{"Girya":24,"Lantern":6,"paleoftheancients:KeyRelic":50,"Pear":43,"Singing Bowl":45,"Torii":47,"Golden Idol":11,"StoneMask":34,"paleoftheancients:BlurryLens":53,"Blue Candle":54,"Uniform":0,"Omamori":46,"Letter Opener":50,"Frozen Egg 2":26,"Boot":9,"Empty Cage":17,"paleoftheancients:Timepiece":50,"Sozu":50,"Bloody Idol":27,"Bronze Scales":30,"Membership Card":22,"paleoftheancients:SoulOfTheWatcher":52,"TungstenRod":38},{"Girya":11,"Lantern":4,"paleoftheancients:KeyRelic":23,"Pear":19,"Singing Bowl":20,"Torii":21,"Golden Idol":4,"StoneMask":14,"paleoftheancients:BlurryLens":26,"Blue Candle":26,"Uniform":0,"Omamori":21,"Letter Opener":23,"Frozen Egg 2":12,"Boot":4,"Empty Cage":7,"paleoftheancients:Timepiece":23,"Sozu":23,"Bloody Idol":12,"Bronze Scales":12,"Membership Card":10,"paleoftheancients:SoulOfTheWatcher":25,"TungstenRod":17},{"Girya":77,"Lantern":22,"paleoftheancients:KeyRelic":178,"Pear":151,"Singing Bowl":155,"Torii":163,"Golden Idol":22,"StoneMask":108,"paleoftheancients:BlurryLens":199,"Blue Candle":199,"Uniform":0,"Omamori":163,"Letter Opener":178,"Frozen Egg 2":86,"Boot":22,"Empty Cage":47,"paleoftheancients:Timepiece":178,"Sozu":178,"Bloody Idol":86,"Bronze Scales":86,"Membership Card":69,"paleoftheancients:SoulOfTheWatcher":198,"TungstenRod":129}],"TungstenRod":64},"card_choices":[{"not_picked":["Alleviate","Unruled"],"picked":"Misdirection","floor":1},{"not_picked":["Alleviate","Gouge","DoubleEdge"],"picked":"SKIP","floor":2},{"not_picked":["Moondial","Replace","Revamp"],"picked":"SKIP","floor":4},{"not_picked":["StarChef","Potential"],"picked":"Rearm","floor":6},{"not_picked":["DoubleEdge","Unruled"],"picked":"FastForward","floor":12},{"not_picked":["DualDimension","SpecialFormula"],"picked":"Barrier","floor":14},{"not_picked":["Duplication","PendulumOfEternity"],"picked":"Embodiment","floor":16},{"not_picked":["Potential","ReturningBlade+1"],"picked":"Misdirection","floor":18},{"not_picked":["Potential","Misdirection","Replace+1"],"picked":"SKIP","floor":20},{"not_picked":["Rewind","Spin","Potential+1"],"picked":"SKIP","floor":21},{"not_picked":["Barrier","BottledTime","Alleviate"],"picked":"SKIP","floor":24},{"not_picked":["TimeWarp+1","FastForward","Collapse"],"picked":"SKIP","floor":25},{"not_picked":["Ricochet+1","Reset","StarChef+1"],"picked":"SKIP","floor":31},{"not_picked":["Deny","FloweringNight+1"],"picked":"Sunlight","floor":33},{"not_picked":["Read+1","Spin","FastForward"],"picked":"SKIP","floor":35},{"not_picked":["TimeWarp+1","Replace+1","Potential"],"picked":"SKIP","floor":37},{"not_picked":["BottledTime","Rewind+1"],"picked":"Ricochet","floor":38},{"not_picked":["Rewind","Replace+1","Desolation"],"picked":"SKIP","floor":39},{"not_picked":["Deadline","Initiator","Snipe"],"picked":"SKIP","floor":41},{"not_picked":["Sabotage+1","Ricochet+1","SpecialFormula"],"picked":"SKIP","floor":44},{"not_picked":["BottledTime","Reset+1","Unruled+1"],"picked":"Singing Bowl","floor":46},{"not_picked":["Rearm","BottledTime","Snipe"],"picked":"Singing Bowl","floor":48},{"not_picked":["TimeWarp+1","Desolation+1","Alleviate+1"],"picked":"Singing Bowl","floor":51},{"not_picked":["Alleviate+1","Foresight+1","Revamp"],"picked":"Singing Bowl","floor":52},{"not_picked":["Moondial","FanOfKnives"],"picked":"Defy+1","floor":53},{"not_picked":["BottledTime","Foresight+1","Alleviate"],"picked":"Singing Bowl","floor":56}],"player_experience":273770,"relics_obtained":[{"floor":6,"key":"Lantern"},{"floor":9,"key":"Boot"},{"floor":24,"key":"Girya"},{"floor":26,"key":"Frozen Egg 2"},{"floor":38,"key":"TungstenRod"},{"floor":43,"key":"Pear"},{"floor":46,"key":"Omamori"},{"floor":52,"key":"paleoftheancients:SoulOfTheWatcher"},{"floor":53,"key":"paleoftheancients:BlurryLens"},{"floor":54,"key":"Blue Candle"}],"event_choices":[{"damage_healed":0,"gold_gain":0,"player_choice":"Forge","damage_taken":0,"max_hp_gain":0,"max_hp_loss":0,"event_name":"Accursed Blacksmith","floor":3,"gold_loss":0,"cards_upgraded":["KidneyShot"]},{"damage_healed":0,"gold_gain":0,"player_choice":"Lose Max HP","damage_taken":0,"relics_obtained":["Golden Idol"],"max_hp_gain":0,"max_hp_loss":5,"event_name":"Golden Idol","floor":11,"gold_loss":0},{"damage_healed":0,"gold_gain":90,"player_choice":"GOLD ","damage_taken":12,"max_hp_gain":0,"max_hp_loss":0,"event_name":"Knowing Skull","floor":19,"potions_obtained":[],"gold_loss":0,"cards_obtained":[]},{"damage_healed":0,"gold_gain":0,"player_choice":"Gave Idol","damage_taken":0,"relics_obtained":["Bloody Idol"],"max_hp_gain":0,"max_hp_loss":0,"event_name":"Forgotten Altar","floor":27,"relics_lost":["Golden Idol"],"gold_loss":0},{"damage_healed":0,"gold_gain":0,"player_choice":"Opened","damage_taken":0,"relics_obtained":["Bronze Scales"],"max_hp_gain":0,"max_hp_loss":0,"event_name":"The Mausoleum","floor":30,"gold_loss":0},{"cards_removed":["FastForward"],"damage_healed":0,"gold_gain":0,"player_choice":"Removed Skill","damage_taken":0,"max_hp_gain":0,"max_hp_loss":0,"event_name":"Falling","floor":36,"gold_loss":0},{"damage_healed":0,"gold_gain":0,"player_choice":"Fight","damage_taken":0,"max_hp_gain":0,"max_hp_loss":0,"event_name":"MindBloom","floor":38,"gold_loss":0}],"is_beta":false,"boss_relics":[{"not_picked":["Busted Crown","SacredBark"],"picked":"Empty Cage"},{"not_picked":["SlaversCollar","Philosopher\u0027s Stone"],"picked":"StoneMask"}],"items_purged_floors":[22,28,58],"is_endless":false,"potions_floor_spawned":[12,16,24,25,31,33,35,41,46,51,56],"ascension_level":0}}