{"host":"xurz8oye0j2lsa2k","time":1609918724,"event":{"mods":["AchievementEnabler","BaseMod","BetterRewards","Colored Map","Hubris","Marisa????????","Minty Spire (QoL Compilation)","Permanent Neow","Replay The Spire","Spicy Shops","StSLib","UnlockEverythingMod"],"gold_per_floor":[118,118,137,156,1,1,1,1],"floor_reached":7,"playtime":278,"items_purged":["Phantasmal Killer+1"],"score":41,"play_id":"74de1fe5-12d2-4652-96b6-4069664901f0","local_time":"20210106023844","is_ascension_mode":false,"campfire_choices":[{"data":"MysteriousBeam","floor":6,"key":"SMITH"}],"circlet_count":0,"master_deck":["Phantasmal Killer+1","Strike_MRS","Strike_MRS","Strike_MRS","Defend_MRS","Defend_MRS","Defend_MRS","Defend_MRS","MasterSpark","UpSweep","PowerUp","GrandCross","MysteriousBeam+1","hubris:Gluttony","PowerUp+1"],"relics":["MiniHakkero","Blue Doll","Ginger","Replay:Bronze Core","Blue Candle","Chemical X","ReplayTheSpireMod:CursedCoin","Replay:Wax Seal","Kunai"],"acts_visited":["Exordium"],"potions_floor_usage":[],"damage_taken":[{"damage":1,"enemies":"Jaw Worm","floor":1,"turns":3},{"damage":1,"enemies":"Cultist","floor":3,"turns":3},{"damage":0,"enemies":"Small Slimes","floor":4,"turns":2},{"damage":42,"enemies":"Lagavulin","floor":7,"turns":5}],"seed_played":"744163511019429303","potions_obtained":[],"is_trial":false,"path_per_floor":["M","?","M","M","$","R","E"],"character_chosen":"MARISA","items_purchased":["Blue Doll","Blue Candle","Chemical X","ReplayTheSpireMod:CursedCoin","Replay:Wax Seal","PowerUp+1","Kunai"],"campfire_rested":0,"item_purchase_floors":[0,0,0,5,5,5,5],"current_hp_per_floor":[39,39,38,38,38,38,0,0],"gold":1,"neow_bonus":"","is_daily":false,"chose_seed":false,"campfire_upgraded":1,"win_rate":0.0,"timestamp":1609918724,"path_taken":["M","?","M","?","$","R","E"],"items_purchased_type":["Relic","Relic","Relic","Relic","Relic","Card","Relic"],"build_version":"2020-12-22","purchased_purges":1,"victory":false,"max_hp_per_floor":[75,75,75,75,75,75,75,75],"card_choices":[{"not_picked":["WitchLeyline","GalacticHalo"],"picked":"PowerUp","floor":1},{"not_picked":["WitchLeyline","StarBarrage"],"picked":"GrandCross","floor":3},{"not_picked":["SporeBomb","PowerUp"],"picked":"MysteriousBeam","floor":4}],"player_experience":507309,"relics_obtained":[],"event_choices":[{"cards_removed":["Strike_MRS"],"damage_healed":0,"gold_gain":0,"player_choice":"Purged","damage_taken":0,"max_hp_gain":0,"max_hp_loss":0,"event_name":"Purifier","floor":2,"gold_loss":0}],"is_beta":false,"boss_relics":[],"items_purged_floors":[0],"is_endless":false,"potions_floor_spawned":[],"killed_by":"Lagavulin","ascension_level":0}}