{"host":"yiit85oc4oi3nqs8","time":1609934272,"event":{"mods":["AchievementEnabler","BaseMod","Better Third Choice","Block Reminder","DeckTracker","Highlight Path","Keyboard Shortcuts","Minty Spire (QoL Compilation)","MonsterHotkey","Quick Restart","Random Character Button","Relic Stats","StSLib"],"gold_per_floor":[210,8,8,8,23,42,60,76,76,76,101,112,112,112,188,213,263,263,263,276,276,276,293,319,319,319,319,393,693,710,163,176,126,126,126],"floor_reached":34,"playtime":1132,"items_purged":["Strike_B","Strike_B"],"score":494,"play_id":"42f38db8-859c-433a-84a0-cd1dad0c9d2c","local_time":"20210106205752","is_ascension_mode":true,"campfire_choices":[{"data":"Go for the Eyes","floor":9,"key":"SMITH"},{"data":"Zap","floor":10,"key":"SMITH"},{"data":"Dualcast","floor":18,"key":"SMITH"},{"data":"Chill","floor":19,"key":"SMITH"},{"floor":25,"key":"REST"},{"data":"Hologram","floor":26,"key":"SMITH"},{"data":"Capacitor","floor":27,"key":"SMITH"}],"circlet_count":0,"master_deck":["AscendersBane","Strike_B","Strike_B","Defend_B","Defend_B","Defend_B","Defend_B","Zap+1","Dualcast+1","Capacitor+1","Hologram+1","Go for the Eyes+1","Tempest","Chill+1","Conserve Battery","Machine Learning","Gash","Gash","FTL"],"relics":["Cracked Core","DataDisk","InkBottle","Blue Candle","Omamori","Vajra","Bottled Tornado","White Beast Statue","Smiling Mask","Calling Bell","Boot","HornCleat","Old Coin","Shuriken","DollysMirror"],"acts_visited":["Exordium","TheCity"],"potions_floor_usage":[7,11,12,24,28,30,32,34],"damage_taken":[{"damage":4,"enemies":"Small Slimes","floor":1,"turns":3},{"damage":2,"enemies":"Cultist","floor":5,"turns":4},{"damage":4,"enemies":"Jaw Worm","floor":6,"turns":3},{"damage":10,"enemies":"Gremlin Gang","floor":7,"turns":3},{"damage":3,"enemies":"Large Slime","floor":8,"turns":3},{"damage":17,"enemies":"3 Sentries","floor":11,"turns":6},{"damage":0,"enemies":"3 Louse","floor":12,"turns":3},{"damage":3,"enemies":"Looter","floor":20,"turns":3},{"damage":0,"enemies":"Blue Slaver","floor":23,"turns":3},{"damage":7,"enemies":"Lagavulin","floor":24,"turns":5},{"damage":19,"enemies":"Slime Boss","floor":28,"turns":8},{"damage":9,"enemies":"Shell Parasite","floor":30,"turns":7},{"damage":21,"enemies":"Chosen","floor":32,"turns":4},{"damage":28,"enemies":"Snake Plant","floor":34,"turns":3}],"seed_played":"-5911563357627173432","potions_obtained":[{"floor":4,"key":"FocusPotion"},{"floor":4,"key":"Swift Potion"},{"floor":6,"key":"Explosive Potion"},{"floor":11,"key":"Energy Potion"},{"floor":20,"key":"Fire Potion"},{"floor":23,"key":"Dexterity Potion"},{"floor":24,"key":"Strength Potion"},{"floor":28,"key":"BlessingOfTheForge"},{"floor":30,"key":"FearPotion"},{"floor":32,"key":"Strength Potion"}],"is_trial":false,"path_per_floor":["M","$","$","?","M","M","M","M","R","R","E","M","$","$","T","T","T","R","R","M","T","?","M","E","R","R","R","B",null,"M","$","M","$","M"],"character_chosen":"DEFECT","items_purchased":["Capacitor","DataDisk","Gash","Shuriken","DollysMirror"],"campfire_rested":1,"item_purchase_floors":[2,2,31,31,31],"current_hp_per_floor":[60,60,60,60,58,54,44,41,41,41,24,24,24,24,24,24,24,24,24,21,21,21,21,14,35,35,35,16,57,48,48,27,27,0,0],"gold":126,"neow_bonus":"HUNDRED_GOLD","is_daily":false,"chose_seed":false,"campfire_upgraded":6,"win_rate":0.0,"timestamp":1609934272,"path_taken":["M","$","$","?","M","?","M","M","R","R","E","M","$","$","T","T","T","R","R","M","?","?","M","E","R","R","R","BOSS","M","$","M","$","M"],"items_purchased_type":["Card","Relic","Card","Relic","Relic"],"build_version":"2020-12-22","purchased_purges":2,"victory":false,"max_hp_per_floor":[71,71,71,71,71,71,71,71,71,71,71,71,71,71,71,71,71,71,71,71,71,71,71,71,71,71,71,71,71,71,71,71,71,71,71],"relic_stats":{"counters":[14,58],"Shuriken":[0],"Blue Candle":[0],"Smiling Mask":75,"Boot":[11],"obtain_stats":[{"Blue Candle":15,"Vajra":17,"Omamori":16,"Bottled Tornado":21,"Smiling Mask":24,"Boot":29,"White Beast Statue":22,"Old Coin":29,"Calling Bell":29,"DataDisk":2,"HornCleat":29,"Shuriken":31,"DollysMirror":31,"Cracked Core":0,"InkBottle":11},{"Blue Candle":7,"Vajra":7,"Omamori":7,"Bottled Tornado":8,"Smiling Mask":10,"Boot":11,"White Beast Statue":8,"Old Coin":11,"Calling Bell":11,"DataDisk":1,"HornCleat":11,"Shuriken":12,"DollysMirror":12,"Cracked Core":0,"InkBottle":6},{"Blue Candle":25,"Vajra":25,"Omamori":25,"Bottled Tornado":28,"Smiling Mask":36,"Boot":44,"White Beast Statue":28,"Old Coin":44,"Calling Bell":44,"DataDisk":3,"HornCleat":44,"Shuriken":51,"DollysMirror":51,"Cracked Core":0,"InkBottle":22}],"InkBottle":[15]},"card_choices":[{"not_picked":["Leap","Steam","Turbo"],"picked":"SKIP","floor":1},{"not_picked":["Hologram","Coolheaded","Biased Cognition"],"picked":"SKIP","floor":5},{"not_picked":["Barrage","Recycle"],"picked":"Hologram","floor":6},{"not_picked":["Doom and Gloom","Redo"],"picked":"Go for the Eyes","floor":7},{"not_picked":["Cold Snap","Go for the Eyes","Rebound"],"picked":"SKIP","floor":8},{"not_picked":["Darkness","Rip and Tear"],"picked":"Tempest","floor":11},{"not_picked":["Lockon","Compile Driver"],"picked":"Chill","floor":12},{"not_picked":["Reboot","Consume"],"picked":"Conserve Battery","floor":20},{"not_picked":["Redo","Stack","Leap"],"picked":"SKIP","floor":23},{"not_picked":["Redo","Steam","Fusion"],"picked":"SKIP","floor":24},{"not_picked":["All For One","Multi-Cast"],"picked":"Machine Learning","floor":28},{"not_picked":["Tempest","Redo","Conserve Battery"],"picked":"SKIP","floor":30},{"not_picked":["Heatsinks","Sweeping Beam"],"picked":"FTL","floor":32}],"player_experience":484364,"relics_obtained":[{"floor":11,"key":"InkBottle"},{"floor":15,"key":"Blue Candle"},{"floor":16,"key":"Omamori"},{"floor":17,"key":"Vajra"},{"floor":21,"key":"Bottled Tornado"},{"floor":22,"key":"White Beast Statue"},{"floor":24,"key":"Smiling Mask"},{"floor":29,"key":"Boot"},{"floor":29,"key":"HornCleat"},{"floor":29,"key":"Old Coin"}],"event_choices":[{"damage_healed":0,"gold_gain":0,"player_choice":"Got Potions","damage_taken":0,"max_hp_gain":0,"max_hp_loss":0,"event_name":"Lab","floor":4,"gold_loss":0}],"is_beta":false,"boss_relics":[{"not_picked":["Runic Dome","Cursed Key"],"picked":"Calling Bell"}],"items_purged_floors":[31,33],"is_endless":false,"potions_floor_spawned":[5,6,11,20,23,24,28,30,32],"killed_by":"Snake Plant","ascension_level":18}}