{"host":"n900smz9wr3yo27a","time":1609939233,"event":{"mods":["Arknights The Spire","BaseMod","CapriCore","GungeonMod","Hermit","Koishi","Lobotomy","Marisa£¨Ùöéë¡¡Øª×âÞÞ£©","Minty Spire (QoL Compilation)","Prisma Mod","Replay The Spire","StSLib","Td1madao Mod","The Animator","The Bug Knight","The Cursed","The Dragon Tamer","The Gatherer","The Hierophant","The Immortal","The Jungle","The Necromancer","The Poker Player","The Runesmith","WarShipGirlsR/??á´Ò³R mod"],"gold_per_floor":[115,129,149,149,224,224,253,279,279,306,336,336,366,383,383,485,485,503,503,189,159,175,205,205,233,260,278,278,303,342,371,371,481,481,508,508,552,406,406,449,449,479,557,613,613,659,659,703,703,721],"floor_reached":51,"playtime":3175,"items_purged":["DTMod:FlameSlash"],"score":1237,"play_id":"0320f309-3954-4d66-9e95-b9cab8ba292d","local_time":"20210106222033","daily_mods":["Draft","Vintage","DeadlyEvents","Elite Swarm"],"is_ascension_mode":false,"metric_token":1631,"campfire_choices":[{"data":"DTMod:BurningForce","floor":6,"key":"SMITH"},{"data":"DTMod:ShadowImage","floor":12,"key":"SMITH"},{"data":"DTMod:MagiciansMark","floor":15,"key":"SMITH"},{"data":"DTMod:SealedStrike","floor":28,"key":"SMITH"},{"data":"DTMod:SealedStrike+1","floor":32,"key":"SMITH"},{"data":"DTMod:SealedStrike+2","floor":41,"key":"SMITH"},{"data":"DTMod:SealedStrike+3","floor":45,"key":"SMITH"},{"data":"DTMod:SealedStrike+4","floor":47,"key":"SMITH"},{"data":"1","floor":49,"key":"LIFT"}],"dtmod_dragon_data":[0,64,0,0,10,0],"circlet_count":0,"master_deck":["DTMod:QuickFly+1","DTMod:ForkedFire+1","DTMod:MagiciansMark+1","DTMod:BurningEnergy+1","DTMod:HeatWave+1","DTMod:QuickFly+1","DTMod:HeatWave+1","DTMod:BreakAttack+1","DTMod:BreakAttack+1","DTMod:Training+1","DTMod:BurningForce+1","DTMod:BalancedStrike+1","DTMod:MagicField+1","DTMod:Training+1","DTMod:HeadStart+1","DTMod:OpeningTactic+1","DTMod:ShadowImage+1","DTMod:GearUp+1","DTMod:HeadStart+1","DTMod:SealedStrike+5","DTMod:Feint+1","DTMod:TauntingStrike+1","DTMod:GearUp+1","DTMod:TriAttack+1","DTMod:Safeguard+1","DTMod:ShieldDrain+1","DTMod:HeadStart"],"relics":["DTMod:PactStone","replay:Trail_Library","Matryoshka","Oddly Smooth Stone","Runesmith:Nanobots","DemoMod:ClearGuonStone","Art of War","Gremlin Food","Blood Vial","Bottled Flame","DTMod:BindingString","DemoMod:DecoyRelic","DemoMod:WhiteGuonStone","DemoMod:RiddleOfLead","Replay:Baseball","MutagenicStrength","Ornamental Fan","Replay:Mystery Machine","Letter Opener","DemoMod:ChaffGrenade","Replay:Wax Seal","Tiny Chest","Replay:Bandana","InkBottle","ReplayTheSpireMod:Lightbulb","BranchBurnRelic","Runesmith:UraniumAnvil","Girya","Durian","Blue Doll","HandDrill","Replay:Accelerometer","Gremlin Horn","Quantum Egg","Replay:Bottled Flurry","War Paint","Bag of Preparation","StoneCalendar"],"acts_visited":["Exordium","TheCity","TheBeyond"],"potions_floor_usage":[16,33,37,46,51],"damage_taken":[{"damage":0,"enemies":"2 Louse","floor":1,"turns":2},{"damage":0,"enemies":"Cultist","floor":2,"turns":2},{"damage":0,"enemies":"Small Slimes","floor":3,"turns":2},{"damage":0,"enemies":"Gremlin Nob","floor":7,"turns":4},{"damage":0,"enemies":"Lagavulin","floor":8,"turns":3},{"damage":0,"enemies":"3 Sentries","floor":10,"turns":3},{"damage":0,"enemies":"Lagavulin","floor":11,"turns":2},{"damage":0,"enemies":"HollowMod:MossKnight","floor":13,"turns":5},{"damage":0,"enemies":"Looter","floor":14,"turns":1},{"damage":0,"enemies":"The Guardian","floor":16,"turns":5},{"damage":0,"enemies":"2 Thieves","floor":18,"turns":2},{"damage":0,"enemies":"Shell Parasite","floor":22,"turns":1},{"damage":0,"enemies":"Gremlin Leader","floor":23,"turns":4},{"damage":0,"enemies":"Slavers","floor":25,"turns":3},{"damage":0,"enemies":"Cultist and Chosen","floor":27,"turns":3},{"damage":0,"enemies":"Snake Plant","floor":29,"turns":1},{"damage":0,"enemies":"Book of Stabbing","floor":30,"turns":2},{"damage":0,"enemies":"Centurion and Healer","floor":31,"turns":2},{"damage":0,"enemies":"Pondfish","floor":33,"turns":8},{"damage":0,"enemies":"3 Shapes","floor":35,"turns":2},{"damage":0,"enemies":"Giant Head","floor":37,"turns":6},{"damage":0,"enemies":"Reptomancer","floor":40,"turns":3},{"damage":0,"enemies":"3 Darklings","floor":42,"turns":2},{"damage":0,"enemies":"Giant Head","floor":44,"turns":5},{"damage":0,"enemies":"R_Hoarder","floor":46,"turns":3},{"damage":0,"enemies":"HollowMod:StalkingDevout","floor":48,"turns":1},{"damage":0,"enemies":"Replay:Hell Engine","floor":50,"turns":3},{"damage":5,"enemies":"Malkuth","floor":51,"turns":7},{"damage":0,"enemies":"Netzach","floor":51,"turns":7},{"damage":7,"enemies":"Chesed","floor":51,"turns":7}],"seed_played":"7772434581410004658","potions_obtained":[{"floor":1,"key":"SkillPotion"},{"floor":2,"key":"PowerPotion"},{"floor":11,"key":"Toxic Potion"},{"floor":16,"key":"LifebloodPotion"},{"floor":42,"key":"Energy Potion"}],"is_trial":true,"path_per_floor":["M","M","M","$","?","R","E","E","T","E","E","R","E","M","R","B",null,"M","?","$","?","M","E","$","E","T","M","R","M","E","M","R","B",null,"M","?","E","$","T","E","R","M","T","E","R","E","R","E","R","B",null],"character_chosen":"THE_DT","items_purchased":["Ornamental Fan","HandDrill"],"campfire_rested":0,"item_purchase_floors":[20,38],"current_hp_per_floor":[45,45,45,45,41,41,41,41,41,43,45,45,45,45,45,45,55,55,55,55,55,55,55,55,55,55,55,55,55,55,55,55,55,55,55,60,60,60,60,60,60,60,60,60,60,60,60,60,60,60],"gold":787,"neow_bonus":"","is_daily":false,"chose_seed":false,"campfire_upgraded":8,"win_rate":0.0,"timestamp":1609939233,"path_taken":["M","M","M","$","?","R","E","?","T","E","?","R","E","M","R","BOSS","M","?","$","?","M","E","?","E","T","M","R","M","?","M","R","BOSS","M","?","?","$","?","E","R","?","T","E","R","E","R","E","R","BOSS"],"items_purchased_type":["Relic","Relic"],"build_version":"2020-12-22","purchased_purges":1,"victory":true,"max_hp_per_floor":[45,45,45,45,45,45,45,45,45,45,45,45,45,45,45,45,55,55,55,55,55,55,55,55,55,55,55,55,55,55,55,55,55,55,55,60,60,60,60,60,60,60,60,60,60,60,60,60,60,60],"card_choices":[{"not_picked":["DTMod:Adaptation","DTMod:CleansingStrike"],"picked":"DTMod:QuickFly","floor":0},{"not_picked":["DTMod:SneakAttack","DTMod:Cover"],"picked":"DTMod:ForkedFire","floor":0},{"not_picked":["DTMod:LastStand","DTMod:BizarreTactic"],"picked":"DTMod:MagiciansMark","floor":0},{"not_picked":["DTMod:Astonish","DTMod:GhostSkin"],"picked":"DTMod:BurningEnergy","floor":0},{"not_picked":["DTMod:BlazingStrike","DTMod:Astonish"],"picked":"DTMod:HeatWave","floor":0},{"not_picked":["DTMod:SneakAttack","DTMod:Threaten"],"picked":"DTMod:QuickFly","floor":0},{"not_picked":["DTMod:Punisher","DTMod:Haste"],"picked":"DTMod:HeatWave","floor":0},{"not_picked":["DTMod:HeatWave","DTMod:LastStand"],"picked":"DTMod:BreakAttack","floor":0},{"not_picked":["DTMod:BuildUp","DTMod:Haste"],"picked":"DTMod:BreakAttack","floor":0},{"not_picked":["DTMod:HeatWave","DTMod:DragonDance"],"picked":"DTMod:Training","floor":0},{"not_picked":["DTMod:BurningEnergy","DTMod:GhostSkin"],"picked":"DTMod:BurningForce","floor":0},{"not_picked":["DTMod:MasterPlan","DTMod:Observe"],"picked":"DTMod:BalancedStrike","floor":0},{"not_picked":["DTMod:BuildUp","DTMod:Feint"],"picked":"DTMod:MagicField","floor":0},{"not_picked":["DTMod:Weaken","DTMod:QuickFly"],"picked":"DTMod:FlameSlash","floor":0},{"not_picked":["DTMod:Dissolve","DTMod:CleansingStrike"],"picked":"DTMod:Training","floor":0},{"not_picked":["DTMod:Outburst","DTMod:Harmonize"],"picked":"DTMod:HeadStart","floor":7},{"not_picked":["DTMod:Prediction","DTMod:SealedStrike"],"picked":"DTMod:OpeningTactic","floor":8},{"not_picked":["DTMod:EchoTactic","DTMod:OpeningTactic"],"picked":"DTMod:ShadowImage","floor":10},{"not_picked":["DTMod:RepeatStrike","DTMod:Outburst"],"picked":"DTMod:GearUp","floor":11},{"not_picked":["DTMod:Prediction","DTMod:Outburst"],"picked":"DTMod:HeadStart","floor":13},{"not_picked":["DTMod:StunTrap","DTMod:Prediction"],"picked":"DTMod:SealedStrike","floor":16},{"not_picked":[],"picked":"DTMod:Feint","floor":21},{"not_picked":["DTMod:Outburst","DTMod:StunTrap","DTMod:FierySynthesis"],"picked":"SKIP","floor":23},{"not_picked":["DTMod:Outburst","DTMod:Multitask","DTMod:EchoTactic"],"picked":"SKIP","floor":25},{"not_picked":["DTMod:EchoTactic","DTMod:RepeatStrike"],"picked":"DTMod:GearUp","floor":30},{"not_picked":["DTMod:Multitask","DTMod:Harmonize"],"picked":"DTMod:TriAttack","floor":33},{"not_picked":["DTMod:SealedStrike","DTMod:OpeningTactic"],"picked":"DTMod:Safeguard","floor":37},{"not_picked":["DTMod:EchoTactic","DTMod:SealedStrike","DTMod:Inferno"],"picked":"SKIP","floor":40},{"not_picked":["DTMod:Safeguard","DTMod:ResonanceForm","DTMod:FierySynthesis"],"picked":"SKIP","floor":44},{"not_picked":["DTMod:StunTrap","DTMod:ExcessFootwork","DTMod:Inferno"],"picked":"SKIP","floor":46},{"not_picked":["DTMod:TriAttack","DTMod:RepeatStrike"],"picked":"DTMod:HeadStart","floor":48}],"player_experience":800300,"relics_obtained":[{"floor":1,"key":"Matryoshka"},{"floor":2,"key":"Oddly Smooth Stone"},{"floor":3,"key":"Runesmith:Nanobots"},{"floor":7,"key":"DemoMod:ClearGuonStone"},{"floor":8,"key":"Art of War"},{"floor":9,"key":"Gremlin Food"},{"floor":9,"key":"Blood Vial"},{"floor":10,"key":"Bottled Flame"},{"floor":11,"key":"DTMod:BindingString"},{"floor":13,"key":"DemoMod:DecoyRelic"},{"floor":14,"key":"DemoMod:WhiteGuonStone"},{"floor":18,"key":"Replay:Baseball"},{"floor":22,"key":"Replay:Mystery Machine"},{"floor":23,"key":"Letter Opener"},{"floor":25,"key":"DemoMod:ChaffGrenade"},{"floor":26,"key":"Replay:Wax Seal"},{"floor":26,"key":"Tiny Chest"},{"floor":27,"key":"Replay:Bandana"},{"floor":29,"key":"InkBottle"},{"floor":30,"key":"Dead Branch"},{"floor":31,"key":"ReplayTheSpireMod:Lightbulb"},{"floor":35,"key":"Girya"},{"floor":36,"key":"Durian"},{"floor":37,"key":"Blue Doll"},{"floor":39,"key":"Replay:Accelerometer"},{"floor":40,"key":"Gremlin Horn"},{"floor":42,"key":"Quantum Egg"},{"floor":43,"key":"Replay:Bottled Flurry"},{"floor":44,"key":"War Paint"},{"floor":46,"key":"Bag of Preparation"},{"floor":48,"key":"StoneCalendar"}],"event_choices":[{"damage_healed":0,"gold_gain":75,"player_choice":"Touch","damage_taken":4,"max_hp_gain":0,"max_hp_loss":0,"event_name":"FaceTrader","floor":5,"gold_loss":0},{"damage_healed":0,"gold_gain":0,"player_choice":"Inject Mutagens","damage_taken":0,"relics_obtained":["MutagenicStrength"],"max_hp_gain":0,"max_hp_loss":0,"event_name":"Drug Dealer","floor":19,"gold_loss":0},{"damage_healed":0,"gold_gain":0,"player_choice":"Relic","damage_taken":0,"max_hp_gain":0,"max_hp_loss":0,"event_name":"Wheel of Change","floor":36,"gold_loss":0}],"is_beta":false,"boss_relics":[{"not_picked":["Runic Dome","Astrolabe"],"picked":"DemoMod:RiddleOfLead"},{"not_picked":["Replay:Wanted Poster","Ring of Chaos"],"picked":"Runesmith:UraniumAnvil"}],"items_purged_floors":[20],"is_endless":false,"potions_floor_spawned":[1,2,11,14,16,27,29,31,33,42,44,46],"ascension_level":0}}