{"host":"bf9sa99gaumonoeu","time":1609970690,"event":{"mods":["AchievementEnabler","Act Like it!","BaseMod","Better Sensory Stone","Colored Map","Colored Powertips","Downfall","Friendly Minions","Gensokyo","GifTheSpireLib","Hallownest","Hermit","Hubris","Jorbs\u0027s Wanderer Trilogy","KinomotoSakuraMod(????)","Koishi","Lobotomy","Marisa????????","Minty Spire (QoL Compilation)","Rare Cards Sparkle","Reimu??????","Remilia??????","Replay The Spire","Shop Mod","StSLib","The Administrix","The Animator","The Blue Laboratory","The Bug Knight","The Construct","The Cursed","The Disciple","The Hierophant","The Mystic","The Necromancer","The Poker Player","The Runesmith","The Senshi","The Servant 0.9.4"],"gold_per_floor":[109,127,138,166,121,121,153,3,3,3,16,16,16],"floor_reached":12,"playtime":860,"items_purged":[],"score":112,"play_id":"407ca9ca-629f-4750-9022-3df0af976a9a","local_time":"20210106200450","is_ascension_mode":true,"campfire_choices":[{"data":"animator:Shalltear","floor":6,"key":"SMITH"},{"floor":10,"key":"REST"}],"circlet_count":0,"master_deck":["animator:Strike_Overlord","animator:Defend_Overlord","animator:Strike","animator:Strike","animator:Defend","animator:Defend","animator:Defend","animator:Cocytus","animator:Demiurge","animator:LizardPriest","animator:MumenRider","animator:Demiurge","animator:Priestess","animator:Shalltear+1","animator:Sebas"],"relics":["animator:LivingPicture","animator:TheMissingPiece","hubris:ToyBattleship","Membership Card","animator:ShionDessert"],"acts_visited":["Exordium"],"potions_floor_usage":[4,12],"damage_taken":[{"damage":3,"enemies":"Cultist","floor":1,"turns":4},{"damage":1,"enemies":"2 Louse","floor":2,"turns":3},{"damage":1,"enemies":"Small Slimes","floor":3,"turns":5},{"damage":24,"enemies":"Gremlin Gang","floor":4,"turns":6},{"damage":25,"enemies":"Lagavulin","floor":7,"turns":12},{"damage":0,"enemies":"Exordium Thugs","floor":11,"turns":4},{"damage":26,"enemies":"Gremlin Nob","floor":12,"turns":3}],"seed_played":"6478099252237490180","potions_obtained":[{"floor":3,"key":"BlessingOfTheForge"},{"floor":11,"key":"FearPotion"}],"is_trial":false,"path_per_floor":["M","M","M","M","?","R","E","$","T","R","M","E"],"character_chosen":"THE_ANIMATOR","items_purchased":["Membership Card"],"campfire_rested":1,"item_purchase_floors":[8],"current_hp_per_floor":[56,55,54,30,30,30,6,6,6,26,26,0,0],"gold":16,"neow_bonus":"TRANSFORM_CARD","is_daily":false,"chose_seed":false,"campfire_upgraded":1,"win_rate":0.0,"timestamp":1609970690,"path_taken":["M","M","M","M","?","R","E","$","T","R","M","E"],"items_purchased_type":["Relic"],"build_version":"2020-12-22","purchased_purges":0,"victory":false,"max_hp_per_floor":[66,66,66,66,66,66,67,67,67,67,67,67,67],"card_choices":[{"not_picked":["animator:Demiurge","animator:Sonic"],"picked":"animator:MumenRider","floor":1},{"not_picked":["animator:Vesta","animator:Hakurou"],"picked":"animator:Demiurge","floor":2},{"not_picked":["animator:Shuna","animator:DolaSchwi"],"picked":"animator:Priestess","floor":3},{"not_picked":["animator:Evileye","animator:Demiurge"],"picked":"animator:Shalltear","floor":4},{"not_picked":["animator:DolaRiku","animator:Fredrika"],"picked":"animator:Sebas","floor":7},{"not_picked":["animator:Sonic","animator:GazelDwargon","animator:Demiurge"],"picked":"SKIP","floor":11}],"player_experience":814883,"relics_obtained":[{"floor":7,"key":"hubris:ToyBattleship"},{"floor":9,"key":"animator:ShionDessert"}],"event_choices":[{"damage_healed":0,"gold_gain":0,"player_choice":"Left Gold","damage_taken":0,"max_hp_gain":0,"max_hp_loss":0,"event_name":"World of Goop","floor":5,"gold_loss":45}],"is_beta":false,"boss_relics":[],"items_purged_floors":[],"is_endless":false,"potions_floor_spawned":[3,11],"killed_by":"Gremlin Nob","ascension_level":8}}