{"host":"kw4o7b3ro2ktmmbe","time":1609974800,"event":{"mods":["100% Spire Juice","BaseMod","Evolution","Minty Spire (QoL Compilation)","StSLib"],"gold_per_floor":[119,119,119,10,28,28,38,38,38,38,63,63,63,81,81,186,66,76,76,93,93,104,104,114,114,114,114,132,47,82,95,95,191,191,211,211,144,144,194,194,228,228,280,314,363,62,93,105,105,105],"floor_reached":51,"playtime":6202,"items_purged":[],"score":743,"play_id":"032a7bd6-e2b1-46e4-9936-094d5c9237b6","local_time":"20210107121320","is_ascension_mode":false,"campfire_choices":[{"data":"Moonworks:HolyNight","floor":6.0,"key":"SMITH"},{"data":"Moonworks:SakisCookie","floor":8.0,"key":"SMITH"},{"data":"Moonworks:LongDistanceShot","floor":10.0,"key":"SMITH"},{"floor":15.0,"key":"REST"},{"data":"Moonworks:OutOfAmmo","floor":23.0,"key":"SMITH"},{"data":"Moonworks:SakisCookie","floor":27.0,"key":"SMITH"},{"data":"1","floor":32.0,"key":"LIFT"},{"data":"2","floor":40,"key":"LIFT"},{"data":"3","floor":42,"key":"LIFT"},{"data":"Panache","floor":49,"key":"SMITH"}],"circlet_count":0,"master_deck":["Moonworks:Assault+1","Moonworks:Assault","Moonworks:Strike+1","Moonworks:Strike+1","Moonworks:Defend+1","Moonworks:Defend+1","Moonworks:Defend+1","Moonworks:Defend+1","Moonworks:Ambush","Moonworks:LongDistanceShot+1","Moonworks:JonathanRush","Moonworks:HolyNight+1","Moonworks:SakisCookie+1","Moonworks:SakisCookie+1","Moonworks:OutOfAmmo+1","Moonworks:IndiscriminateFireSupport+1","Moonworks:Bloodlust","Moonworks:JonathanRush","Moonworks:SakisCookie+1","Moonworks:MiracleWalker","Moonworks:WeAreWaruda","Moonworks:SakisCookie+1","Moonworks:CompletionReward+1","Dramatic Entrance","Panache+1","Blind","Moonworks:Flamethrower+1","Moonworks:UnluckyCharm","Moonworks:Blazing","Moonworks:CloudOfSeagulls+1","Moonworks:Flamethrower+1"],"relics":["Moonworks:Homemark","EVO:Axolotl","Philosopher\u0027s Stone","Pocketwatch","Odd Mushroom","Coffee Dripper","Nilry\u0027s Codex","Moonworks:LittleGull","Girya","Omamori","SlaversCollar","StoneCalendar","Incense Burner","Happy Flower","Orichalcum","Mango","Boot","OrangePellets","Akabeko","Unceasing Top"],"acts_visited":["Exordium","TheCity","TheBeyond"],"potions_floor_usage":[41,50],"damage_taken":[{"damage":1.0,"enemies":"Small Slimes","floor":1.0,"turns":3.0},{"damage":0.0,"enemies":"Jaw Worm","floor":4.0,"turns":2.0},{"damage":0.0,"enemies":"2 Louse","floor":5.0,"turns":2.0},{"damage":1.0,"enemies":"2 Fungi Beasts","floor":7.0,"turns":3.0},{"damage":29.0,"enemies":"The Mushroom Lair","floor":11.0,"turns":2.0},{"damage":0.0,"enemies":"Large Slime","floor":12.0,"turns":1.0},{"damage":7.0,"enemies":"Exordium Thugs","floor":14.0,"turns":3.0},{"damage":37.0,"enemies":"The Guardian","floor":16.0,"turns":10.0},{"damage":6.0,"enemies":"Chosen","floor":18.0,"turns":4.0},{"damage":10.0,"enemies":"2 Thieves","floor":20.0,"turns":2.0},{"damage":0.0,"enemies":"Snake Plant","floor":22.0,"turns":1.0},{"damage":3.0,"enemies":"3 Cultists","floor":24.0,"turns":2.0},{"damage":12.0,"enemies":"Cultist and Chosen","floor":28.0,"turns":3.0},{"damage":59.0,"enemies":"Slavers","floor":30.0,"turns":4.0},{"damage":13.0,"enemies":"Centurion and Healer","floor":31.0,"turns":2.0},{"damage":9.0,"enemies":"Automaton","floor":33.0,"turns":6.0},{"damage":3.0,"enemies":"3 Shapes","floor":35.0,"turns":2.0},{"damage":29,"enemies":"2 Orb Walkers","floor":37,"turns":3},{"damage":19,"enemies":"Mind Bloom Boss Battle","floor":39,"turns":4},{"damage":37,"enemies":"Reptomancer","floor":41,"turns":4},{"damage":15,"enemies":"Giant Head","floor":44,"turns":5},{"damage":31,"enemies":"Nemesis","floor":47,"turns":5},{"damage":10,"enemies":"Orb Walker","floor":48,"turns":2},{"damage":20,"enemies":"Awakened One","floor":50,"turns":5}],"seed_played":"-117445516506496622","potions_obtained":[{"floor":1.0,"key":"Moonworks:OneHundredPercentOrangeJuicePotion"},{"floor":4.0,"key":"SmokeBomb"},{"floor":5.0,"key":"Dexterity Potion"},{"floor":11.0,"key":"Dexterity Potion"},{"floor":22.0,"key":"LiquidMemories"},{"floor":24.0,"key":"Explosive Potion"},{"floor":28.0,"key":"EssenceOfSteel"},{"floor":31.0,"key":"Explosive Potion"},{"floor":37,"key":"Explosive Potion"},{"floor":39,"key":"Energy Potion"},{"floor":41,"key":"SteroidPotion"},{"floor":48,"key":"Fire Potion"}],"is_trial":false,"path_per_floor":["M","?","?","M","M","R","M","R","T","R","?","M","?","M","R","B",null,"M","?","M","?","M","R","M","?","T","R","M","?","E","M","R","B",null,"M","$","?","?","?","R","E","R","T","E","T","$","E","M","R","B",null],"character_chosen":"THE_STARBREAKER","items_purchased":["OrangePellets","Akabeko"],"campfire_rested":1,"item_purchase_floors":[46,46],"current_hp_per_floor":[59,47,47,47,47,47,46,46,46,46,23,23,23,20,38,7,60,60,44,40,40,40,40,47,47,47,47,60,60,33,38,38,56,60,59,59,60,50,60,60,44,44,44,74,74,74,74,64,64,74],"gold":105,"neow_bonus":"BOSS_RELIC","is_daily":false,"chose_seed":false,"campfire_upgraded":6,"win_rate":0.0,"timestamp":1609974800,"path_taken":["M","?","?","?","M","R","M","R","T","R","?","M","?","M","R","BOSS","M","?","M","?","?","R","M","?","T","R","M","?","E","M","R","BOSS","M","$","?","?","?","R","E","R","T","E","?","$","E","M","R","BOSS"],"items_purchased_type":["Relic","Relic"],"build_version":"2020-12-22","purchased_purges":0,"victory":true,"max_hp_per_floor":[60,60,60,60,60,60,60,60,60,60,60,60,60,60,60,60,60,60,60,60,60,60,60,60,60,60,60,60,60,60,60,60,60,60,60,60,60,60,60,60,60,60,60,74,74,74,74,74,74,74],"card_choices":[{"not_picked":["Moonworks:SelfDestruct","Moonworks:ImOnFire","Moonworks:WindyEnchantment"],"picked":"SKIP","floor":1.0},{"not_picked":["Moonworks:WindyEnchantment","Moonworks:ImOnFire"],"picked":"Moonworks:JonathanRush","floor":4.0},{"not_picked":["Moonworks:JonathanRush","Moonworks:BindingChains"],"picked":"Moonworks:HolyNight","floor":5.0},{"not_picked":["Moonworks:ReproductionOfRecords","Moonworks:CookingTime"],"picked":"Moonworks:SakisCookie","floor":7.0},{"not_picked":["Moonworks:JonathanRush","Moonworks:DeployBits"],"picked":"Moonworks:SakisCookie","floor":14.0},{"not_picked":["Moonworks:PlushieMaster","Moonworks:Accelerator"],"picked":"Moonworks:OutOfAmmo","floor":16.0},{"not_picked":["Moonworks:NicePresent","Moonworks:DeployBits"],"picked":"Moonworks:IndiscriminateFireSupport+1","floor":18.0},{"not_picked":["Moonworks:LulusLuckyEgg+1","Moonworks:FinalSurgery+1"],"picked":"Moonworks:Bloodlust","floor":20.0},{"not_picked":["Moonworks:EvilSpyWorkPreparation","Moonworks:ImOnFire+1"],"picked":"Moonworks:JonathanRush","floor":22.0},{"not_picked":["Moonworks:RagingMadness","Moonworks:Assault+1"],"picked":"Moonworks:SakisCookie+1","floor":24.0},{"not_picked":["Moonworks:LulusLuckyEgg","Moonworks:DeployBits","Moonworks:MeltingMemories"],"picked":"SKIP","floor":28.0},{"not_picked":["Moonworks:BeyondHell","Moonworks:Assault","Moonworks:DeployBits"],"picked":"SKIP","floor":30.0},{"not_picked":["Moonworks:RedAndBlue","Moonworks:NicePresent"],"picked":"Moonworks:MiracleWalker","floor":31.0},{"not_picked":["Moonworks:PlushieMaster","Moonworks:FinalBattle"],"picked":"Moonworks:WeAreWaruda","floor":33.0},{"not_picked":["Moonworks:EvilSpyWorkPreparation+1","Moonworks:CloudOfSeagulls"],"picked":"Moonworks:SakisCookie+1","floor":35},{"not_picked":["Moonworks:CastOff","Moonworks:LulusLuckyEgg+1"],"picked":"Moonworks:CompletionReward+1","floor":37},{"not_picked":["Mind Blast","Discovery"],"picked":"Dramatic Entrance","floor":38},{"not_picked":["Panacea","Purity"],"picked":"Panache","floor":38},{"not_picked":["Finesse","Deep Breath"],"picked":"Blind","floor":38},{"not_picked":["Moonworks:TacticalRetreat","Moonworks:EvilSpyWorkPreparation+1"],"picked":"Moonworks:Flamethrower+1","floor":39},{"not_picked":["Moonworks:ForcedRevival+1","Moonworks:EvilMastermind"],"picked":"Moonworks:UnluckyCharm","floor":41},{"not_picked":["Moonworks:SakisCookie+1","Moonworks:BigMagnum"],"picked":"Moonworks:Blazing","floor":44},{"not_picked":["Moonworks:JonathanRush","Moonworks:EvilSpyWorkPreparation"],"picked":"Moonworks:CloudOfSeagulls+1","floor":47},{"not_picked":["Moonworks:RagingMadness","Moonworks:BackdoorTrade"],"picked":"Moonworks:Flamethrower+1","floor":48}],"player_experience":1797428,"relics_obtained":[{"floor":9.0,"key":"Pocketwatch"},{"floor":11.0,"key":"Odd Mushroom"},{"floor":19.0,"key":"Nilry\u0027s Codex"},{"floor":26.0,"key":"Moonworks:LittleGull"},{"floor":30.0,"key":"Omamori"},{"floor":37,"key":"StoneCalendar"},{"floor":39,"key":"Incense Burner"},{"floor":41,"key":"Happy Flower"},{"floor":43,"key":"Orichalcum"},{"floor":44,"key":"Mango"},{"floor":45,"key":"Boot"},{"floor":47,"key":"Unceasing Top"}],"event_choices":[{"damage_healed":0.0,"max_hp_gain":0.0,"max_hp_loss":0.0,"gold_gain":0.0,"event_name":"Shining Light","player_choice":"Entered Light","floor":2.0,"gold_loss":0.0,"damage_taken":12.0,"cards_upgraded":["Moonworks:Assault","Moonworks:Strike"]},{"damage_healed":0.0,"max_hp_gain":0.0,"max_hp_loss":0.0,"gold_gain":0.0,"event_name":"The Cleric","player_choice":"Leave","floor":3.0,"gold_loss":0.0,"damage_taken":0.0},{"damage_healed":0.0,"max_hp_gain":0.0,"max_hp_loss":0.0,"gold_gain":0.0,"event_name":"Mushrooms","player_choice":"Fought Mushrooms","floor":11.0,"gold_loss":0.0,"damage_taken":0.0},{"damage_healed":0.0,"max_hp_gain":0.0,"max_hp_loss":0.0,"gold_gain":0.0,"event_name":"Dead Adventurer","player_choice":"Searched \u00270\u0027 times","floor":13.0,"gold_loss":0.0,"damage_taken":0.0},{"damage_healed":0.0,"max_hp_gain":0.0,"max_hp_loss":0.0,"gold_gain":0.0,"event_name":"Cursed Tome","player_choice":"Obtained Book","floor":19.0,"gold_loss":0.0,"damage_taken":16.0},{"damage_healed":0.0,"max_hp_gain":0.0,"max_hp_loss":0.0,"gold_gain":0.0,"event_name":"Transmorgrifier","player_choice":"Ignored","floor":21.0,"gold_loss":0.0,"damage_taken":0.0},{"damage_healed":0.0,"max_hp_gain":0.0,"max_hp_loss":0.0,"gold_gain":0.0,"event_name":"Back to Basics","player_choice":"Simplicity","floor":25.0,"gold_loss":0.0,"damage_taken":0.0,"cards_upgraded":["Moonworks:Strike","Moonworks:Defend","Moonworks:Defend","Moonworks:Defend","Moonworks:Defend"]},{"damage_healed":0.0,"max_hp_gain":0.0,"max_hp_loss":0.0,"gold_gain":0.0,"event_name":"Addict","player_choice":"Obtained Relic","floor":29.0,"gold_loss":85.0,"damage_taken":0.0,"relics_obtained":["Girya"]},{"damage_healed":0,"gold_gain":0,"player_choice":"Fight","damage_taken":0,"max_hp_gain":0,"max_hp_loss":0,"event_name":"Mysterious Sphere","floor":37,"gold_loss":0},{"damage_healed":0,"gold_gain":0,"player_choice":"Memory 3","damage_taken":10,"max_hp_gain":0,"max_hp_loss":0,"event_name":"SensoryStone","floor":38,"gold_loss":0},{"damage_healed":0,"gold_gain":0,"player_choice":"Fight","damage_taken":0,"max_hp_gain":0,"max_hp_loss":0,"event_name":"MindBloom","floor":39,"gold_loss":0}],"is_beta":false,"boss_relics":[{"not_picked":["Empty Cage","Runic Pyramid"],"picked":"Coffee Dripper"},{"not_picked":["Snecko Eye","Calling Bell"],"picked":"SlaversCollar"}],"items_purged_floors":[],"is_endless":false,"potions_floor_spawned":[1,4,5,11,12,22,24,28,31,37,39,41,48],"ascension_level":0}}