{"host":"do2zfhcirec6ipe7","time":1609915379,"event":{"mods":["BaseMod","Better Third Choice","Better Vampires","Colored Map","Curses Come First","Downfall","GifTheSpireLib","Minty Spire (QoL Compilation)","Relic Stats","Replay The Spire","Robot Space Explorer","StSLib","The Servant 0.9.4"],"gold_per_floor":[116,116,130,142,158,158,193,193,244,194,214,177,193,193,193,289,289,304,219,249,264,339,365,379,409,409,409,423,423,38,54,54,153,153,166,218,235,235,253,279,145,180,227,244,257,257,277,499,576,576,576,576,225,258,258],"floor_reached":56,"playtime":10204,"items_purged":["Strike_R","Strike_R","Strike_R"],"score":1099,"play_id":"12fbe277-5de3-4b63-8d3c-d8c6692c5c10","local_time":"20210106174259","is_ascension_mode":false,"campfire_choices":[{"data":"Armaments","floor":6.0,"key":"SMITH"},{"data":"Evolve","floor":8.0,"key":"SMITH"},{"data":"ReplayReversal","floor":15.0,"key":"SMITH"},{"floor":27.0,"key":"RECALL"},{"floor":29.0,"key":"REST"},{"data":"Defend_R","floor":32.0,"key":"PURGE"},{"floor":52.0,"key":"REST"}],"circlet_count":0,"master_deck":["Strike_R","Defend_R","Defend_R","Defend_R","Bash","Power Through","Armaments+1","Uppercut","Warcry","Evolve+1","ReplayReversal+1","Pommel Strike","Parasite","Offering","Entrench+1","Cleave+1","Flex","ReplayTheSpireMod:Muscle Training+1","Swift Strike","Body Slam+1","Anger+1","Defy Death+1","ReplayReversal+1","Seeing Red","expansioncontent:DefensiveStance+1","Replay:BasicMightCard+1"],"relics":["Burning Blood","Snack Pack","Oddly Smooth Stone","betterThird:SlimedRelic","Fusion Hammer","Centennial Puzzle","Red Mask","White Beast Statue","Frozen Egg 2","Frozen Eye","Busted Crown","Incense Burner","CaptainsWheel","Gremlin Food","Anchor","Pen Nib","Replay:Bottled Snecko"],"acts_visited":["Exordium","TheCity","TheBeyond","TheEnding"],"potions_floor_usage":[55,55,55],"damage_taken":[{"damage":1.0,"enemies":"Jaw Worm","floor":1.0,"turns":5.0},{"damage":17.0,"enemies":"Cultist","floor":3.0,"turns":6.0},{"damage":5.0,"enemies":"2 Louse","floor":4.0,"turns":3.0},{"damage":9.0,"enemies":"Large Slime","floor":5.0,"turns":7.0},{"damage":11.0,"enemies":"Replay:BlueRogue","floor":7.0,"turns":9.0},{"damage":5.0,"enemies":"Exordium Wildlife","floor":11.0,"turns":7.0},{"damage":4.0,"enemies":"Looter","floor":13.0,"turns":4.0},{"damage":13.0,"enemies":"Fading Forest","floor":16.0,"turns":11.0},{"damage":14.0,"enemies":"Spheric Guardian","floor":18.0,"turns":6.0},{"damage":6.0,"enemies":"Masked Bandits","floor":20.0,"turns":4.0},{"damage":8.0,"enemies":"2 Thieves","floor":21.0,"turns":4.0},{"damage":6.0,"enemies":"Gremlin Leader","floor":23.0,"turns":9.0},{"damage":6.0,"enemies":"Snake Plant","floor":24.0,"turns":4.0},{"damage":6.0,"enemies":"Book of Stabbing","floor":25.0,"turns":6.0},{"damage":12.0,"enemies":"3 Cultists","floor":28.0,"turns":4.0},{"damage":7.0,"enemies":"Sentry and Sphere","floor":31.0,"turns":7.0},{"damage":30.0,"enemies":"Collector","floor":33.0,"turns":10.0},{"damage":7.0,"enemies":"3 Darklings","floor":35.0,"turns":5.0},{"damage":24.0,"enemies":"2 Orb Walkers","floor":36.0,"turns":6.0},{"damage":0.0,"enemies":"3 Shapes","floor":37.0,"turns":5.0},{"damage":2.0,"enemies":"Sphere and 2 Shapes","floor":39.0,"turns":5.0},{"damage":6.0,"enemies":"Reptomancer","floor":40.0,"turns":5.0},{"damage":6.0,"enemies":"Nemesis","floor":42.0,"turns":5.0},{"damage":2.0,"enemies":"Transient","floor":44.0,"turns":5.0},{"damage":7.0,"enemies":"3 Darklings","floor":45.0,"turns":4.0},{"damage":7.0,"enemies":"Maw","floor":47.0,"turns":4.0},{"damage":24.0,"enemies":"Replay:Hell Engine","floor":50.0,"turns":11.0},{"damage":52.0,"enemies":"Shield and Spear","floor":54.0,"turns":9.0},{"damage":28,"enemies":"The Heart","floor":55,"turns":11}],"seed_played":"8361762604518340751","potions_obtained":[{"floor":4.0,"key":"Dexterity Potion"},{"floor":7.0,"key":"Flashbang"},{"floor":11.0,"key":"Energy Potion"},{"floor":16.0,"key":"Weak Potion"},{"floor":18.0,"key":"DuplicationPotion"},{"floor":20.0,"key":"Regen Potion"},{"floor":23.0,"key":"Ancient Potion"},{"floor":24.0,"key":"DuplicationPotion"},{"floor":25.0,"key":"DuplicationPotion"},{"floor":33.0,"key":"BloodPotion"},{"floor":45.0,"key":"BloodPotion"}],"is_trial":false,"path_per_floor":["M","?","M","M","M","R","E","R","T","?","M","?","M","?","R","B",null,"M","?","?","M","?","E","M","E","T","R","M","R","$","M","R_BF","B",null,"M","?","M","?","M","E","$","E","T","M","M","?","M","?","R_BF","B",null,"R","$","E","B",null],"character_chosen":"IRONCLAD","items_purchased":["Frozen Eye","Swift Strike","Regen Potion","Seeing Red","Pen Nib","Replay:BasicMightCard+1"],"campfire_rested":2,"item_purchase_floors":[30,30,30,41,53,53],"current_hp_per_floor":[80,80,69,70,67,67,62,62,62,62,63,52,54,74,74,80,80,72,72,74,76,68,68,70,70,70,70,68,80,80,80,80,76,80,80,66,74,74,80,80,80,80,80,80,80,80,80,80,80,72,80,80,80,36,50],"gold":258,"neow_bonus":"REMOVE_CARD","is_daily":false,"chose_seed":false,"campfire_upgraded":3,"win_rate":0.0,"timestamp":1609915379,"path_taken":["M","?","M","?","M","R","E","R","T","?","M","?","M","?","R","BOSS","M","?","?","M","?","E","M","E","T","R","?","R","$","M","R_BF","BOSS","M","?","M","?","?","E","$","E","T","M","M","?","M","?","R_BF","BOSS","R","$","E","BOSS"],"items_purchased_type":["Relic","Card","Potion","Card","Relic","Card"],"build_version":"2020-12-22","purchased_purges":3,"victory":true,"max_hp_per_floor":[80,80,80,80,80,80,80,80,80,80,80,80,80,80,80,80,80,80,80,80,80,80,80,80,80,80,80,80,80,80,80,80,80,80,80,80,80,80,80,80,80,80,80,80,80,80,80,80,80,80,80,80,80,80,80],"relic_stats":{"Centennial Puzzle":[57],"Busted Crown":22,"counters":[29,181],"Pen Nib":[3],"obtain_stats":[{"Gremlin Food":42,"Oddly Smooth Stone":9,"Pen Nib":53,"Incense Burner":36,"Frozen Egg 2":25,"Burning Blood":0,"White Beast Statue":23,"Frozen Eye":30,"Centennial Puzzle":19,"CaptainsWheel":40,"Anchor":43,"Busted Crown":34,"betterThird:SlimedRelic":12,"Fusion Hammer":17,"Snack Pack":7,"Red Mask":20,"Replay:Bottled Snecko":54},{"Gremlin Food":23,"Oddly Smooth Stone":5,"Pen Nib":27,"Incense Burner":19,"Frozen Egg 2":14,"Burning Blood":0,"White Beast Statue":12,"Frozen Eye":15,"Centennial Puzzle":9,"CaptainsWheel":22,"Anchor":23,"Busted Crown":17,"betterThird:SlimedRelic":6,"Fusion Hammer":8,"Snack Pack":5,"Red Mask":10,"Replay:Bottled Snecko":28},{"Gremlin Food":137,"Oddly Smooth Stone":30,"Pen Nib":161,"Incense Burner":117,"Frozen Egg 2":85,"Burning Blood":0,"White Beast Statue":75,"Frozen Eye":89,"Centennial Puzzle":58,"CaptainsWheel":132,"Anchor":137,"Busted Crown":106,"betterThird:SlimedRelic":37,"Fusion Hammer":52,"Snack Pack":30,"Red Mask":62,"Replay:Bottled Snecko":170}],"Burning Blood":145},"card_choices":[{"not_picked":["ReplayTheSpireMod:Strike From Hell","Clash"],"picked":"Power Through","floor":1.0},{"not_picked":["Ghostly Armor","Reckless Charge"],"picked":"Armaments","floor":3.0},{"not_picked":["ReplayReversal","Whirlwind"],"picked":"Uppercut","floor":4.0},{"not_picked":["Massacre","Wild Strike"],"picked":"Warcry","floor":5.0},{"not_picked":["Sentinel","Clash"],"picked":"Evolve","floor":7.0},{"not_picked":["Abandon","Intimidate"],"picked":"ReplayReversal","floor":11.0},{"not_picked":["Anger","Heavy Blade"],"picked":"Pommel Strike","floor":13.0},{"not_picked":["Hemogenesis","Replay:Many Hands"],"picked":"Offering","floor":16.0},{"not_picked":["Ghostly Armor","Havoc"],"picked":"Entrench+1","floor":18.0},{"not_picked":["Sword Boomerang","Battle Trance"],"picked":"Cleave+1","floor":21.0},{"not_picked":["ReplayTheSpireMod:Limb From Limb","Twin Strike","Pummel"],"picked":"SKIP","floor":23.0},{"not_picked":["Replay:Undeath\u0027s Touch","Thunderclap"],"picked":"Flex","floor":24.0},{"not_picked":["Perfected Strike","Massacre+1"],"picked":"ReplayTheSpireMod:Muscle Training","floor":25.0},{"not_picked":["Fiend Fire","Sword Boomerang","Thunderclap"],"picked":"SKIP","floor":28.0},{"not_picked":["Thunderclap","Wild Strike"],"picked":"Body Slam+1","floor":31.0},{"not_picked":[],"picked":"Anger+1","floor":35.0},{"not_picked":[],"picked":"Defy Death+1","floor":37.0},{"not_picked":["Wild Strike+1"],"picked":"SKIP","floor":39.0},{"not_picked":["ReplayTheSpireMod:Limb From Limb+1"],"picked":"SKIP","floor":40.0},{"not_picked":["Clothesline+1"],"picked":"SKIP","floor":42.0},{"not_picked":["ReplayReversal"],"picked":"SKIP","floor":44.0},{"not_picked":["Iron Wave"],"picked":"SKIP","floor":45.0},{"not_picked":[],"picked":"expansioncontent:DefensiveStance+1","floor":46.0},{"not_picked":["Flame Barrier+1"],"picked":"SKIP","floor":47.0},{"not_picked":["ReplayTheSpireMod:LeadingStrike+1"],"picked":"SKIP","floor":54.0}],"player_experience":497992,"relics_obtained":[{"floor":7.0,"key":"Snack Pack"},{"floor":9.0,"key":"Oddly Smooth Stone"},{"floor":20.0,"key":"Red Mask"},{"floor":23.0,"key":"White Beast Statue"},{"floor":25.0,"key":"Frozen Egg 2"},{"floor":36.0,"key":"Incense Burner"},{"floor":40.0,"key":"CaptainsWheel"},{"floor":42.0,"key":"Gremlin Food"},{"floor":43.0,"key":"Anchor"},{"floor":54.0,"key":"Replay:Bottled Snecko"}],"event_choices":[{"damage_healed":0.0,"max_hp_gain":0.0,"max_hp_loss":0.0,"gold_gain":0.0,"event_name":"Wheel of Change","player_choice":"Cursed","floor":2.0,"gold_loss":0.0,"damage_taken":0.0,"cards_obtained":["Decay"]},{"cards_removed":["Decay"],"damage_healed":0.0,"max_hp_gain":0.0,"max_hp_loss":0.0,"gold_gain":0.0,"event_name":"The Cleric","player_choice":"Card Removal","floor":10.0,"gold_loss":50.0,"damage_taken":0.0},{"damage_healed":0.0,"max_hp_gain":0.0,"max_hp_loss":0.0,"gold_gain":0.0,"event_name":"betterThird:BetterGoop","player_choice":"Slimed","floor":12.0,"gold_loss":37.0,"damage_taken":11.0},{"damage_healed":20.0,"max_hp_gain":0.0,"max_hp_loss":0.0,"gold_gain":0.0,"event_name":"Mushrooms","player_choice":"Healed and dodged fight","floor":14.0,"gold_loss":0.0,"damage_taken":0.0,"cards_obtained":["Parasite"]},{"damage_healed":0.0,"max_hp_gain":0.0,"max_hp_loss":0.0,"gold_gain":0.0,"event_name":"Addict","player_choice":"Obtained Relic","floor":19.0,"gold_loss":85.0,"damage_taken":0.0,"relics_obtained":["Centennial Puzzle"]},{"damage_healed":0.0,"max_hp_gain":0.0,"max_hp_loss":0.0,"gold_gain":0.0,"event_name":"Masked Bandits","player_choice":"Fought Bandits","floor":20.0,"gold_loss":0.0,"damage_taken":0.0},{"damage_healed":0.0,"max_hp_gain":0.0,"max_hp_loss":0.0,"gold_gain":75.0,"event_name":"FaceTrader","player_choice":"Touch","floor":22.0,"gold_loss":0.0,"damage_taken":8.0},{"damage_healed":0.0,"max_hp_gain":0.0,"max_hp_loss":0.0,"gold_gain":0.0,"event_name":"Mysterious Sphere","player_choice":"Fight","floor":36.0,"gold_loss":0.0,"damage_taken":0.0},{"damage_healed":0.0,"max_hp_gain":0.0,"max_hp_loss":0.0,"gold_gain":0.0,"event_name":"Duplicator","player_choice":"Copied","floor":38.0,"gold_loss":0.0,"damage_taken":0.0,"cards_obtained":["ReplayReversal"]},{"damage_healed":0.0,"max_hp_gain":0.0,"max_hp_loss":0.0,"gold_gain":0.0,"event_name":"SensoryStone","player_choice":"Memory 1","floor":46.0,"gold_loss":0.0,"damage_taken":0.0},{"damage_healed":0.0,"max_hp_gain":0.0,"max_hp_loss":0.0,"gold_gain":222.0,"event_name":"Tomb of Lord Red Mask","player_choice":"Wore Mask","floor":48.0,"gold_loss":0.0,"damage_taken":0.0}],"is_beta":false,"boss_relics":[{"not_picked":["Coffee Dripper","Honey Jar"],"picked":"Fusion Hammer"},{"not_picked":["ReplayTheSpireMod:DimensionalGlitch","Painkiller Herb"],"picked":"Busted Crown"}],"items_purged_floors":[30,41,53],"is_endless":false,"potions_floor_spawned":[4,7,11,16,18,20,23,24,25,28,31,33,35,36,37,39,40,42,44,45,47,54],"ascension_level":0}}