{"host":"dmdprxj8bosbz96f","time":1609946426,"event":{"mods":["AchievementEnabler","BaseMod","Colored Map","DeckTracker","Minty Spire (QoL Compilation)","Quick Restart","SuperFastMode","everything is the same but u backflip on backflip"],"gold_per_floor":[116,66,85,160,176,176,193,368,368,368,368,385,385,385],"floor_reached":13,"playtime":217,"items_purged":[],"score":94,"play_id":"3fb2425e-4ff1-4de8-9cd5-5e33ed866308","local_time":"20210107002026","is_ascension_mode":true,"campfire_choices":[{"data":"Tactician","floor":6,"key":"SMITH"},{"data":"Eviscerate","floor":11,"key":"SMITH"}],"circlet_count":0,"master_deck":["Strike_G","Strike_G","Strike_G","Strike_G","Strike_G","Defend_G","Defend_G","Defend_G","Survivor","Neutralize","Footwork","Skewer","Tactician+1","Eviscerate+1","Doubt","Dagger Throw"],"relics":["Ring of the Snake","NeowsBlessing","Pantograph"],"acts_visited":["Exordium"],"potions_floor_usage":[3,7,7],"damage_taken":[{"damage":0,"enemies":"Jaw Worm","floor":1,"turns":1},{"damage":0,"enemies":"2 Louse","floor":3,"turns":1},{"damage":0,"enemies":"Small Slimes","floor":5,"turns":1},{"damage":5,"enemies":"Gremlin Gang","floor":7,"turns":4},{"damage":26,"enemies":"3 Louse","floor":12,"turns":5},{"damage":21,"enemies":"Lagavulin","floor":13,"turns":7}],"seed_played":"-6249144984823400413","potions_obtained":[{"floor":1,"key":"Fruit Juice"},{"floor":3,"key":"Fire Potion"},{"floor":5,"key":"DistilledChaos"}],"is_trial":false,"path_per_floor":["M","?","M","?","M","R","M","?","T","?","R","M","E"],"character_chosen":"THE_SILENT","items_purchased":[],"campfire_rested":0,"item_purchase_floors":[],"current_hp_per_floor":[70,70,75,64,64,64,59,59,59,59,59,33,12,12],"gold":385,"neow_bonus":"THREE_ENEMY_KILL","is_daily":false,"chose_seed":false,"campfire_upgraded":2,"win_rate":0.0,"timestamp":1609946426,"path_taken":["M","?","M","?","M","R","M","?","T","?","R","M","E"],"items_purchased_type":[],"build_version":"2020-12-22","purchased_purges":0,"victory":false,"max_hp_per_floor":[70,70,75,75,75,75,75,75,75,75,75,75,75,75],"card_choices":[{"not_picked":["Reflex","Leg Sweep"],"picked":"Footwork","floor":1},{"not_picked":["Cloak And Dagger","Poisoned Stab"],"picked":"Skewer","floor":3},{"not_picked":["Backflip","Unload"],"picked":"Tactician","floor":5},{"not_picked":["Outmaneuver","Finisher"],"picked":"Eviscerate","floor":7},{"not_picked":["Sucker Punch","Quick Slash"],"picked":"Dagger Throw","floor":12}],"player_experience":173044,"relics_obtained":[{"floor":9,"key":"Pantograph"}],"event_choices":[{"cards_removed":["Defend_G"],"damage_healed":0,"gold_gain":0,"player_choice":"Card Removal","damage_taken":0,"max_hp_gain":0,"max_hp_loss":0,"event_name":"The Cleric","floor":2,"gold_loss":50},{"damage_healed":0,"gold_gain":75,"player_choice":"Gather Gold","damage_taken":11,"max_hp_gain":0,"max_hp_loss":0,"event_name":"World of Goop","floor":4,"gold_loss":0},{"damage_healed":0,"gold_gain":175,"player_choice":"AGREE","damage_taken":0,"max_hp_gain":0,"max_hp_loss":0,"event_name":"Liars Game","floor":8,"gold_loss":0,"cards_obtained":["Doubt"]},{"cards_removed":["Defend_G"],"damage_healed":0,"gold_gain":0,"player_choice":"Purged","damage_taken":0,"max_hp_gain":0,"max_hp_loss":0,"event_name":"Purifier","floor":10,"gold_loss":0}],"is_beta":false,"boss_relics":[],"items_purged_floors":[],"is_endless":false,"potions_floor_spawned":[1,3,5],"killed_by":"Lagavulin","ascension_level":5}}