{"host":"f5y45f7z7ziu0smp","time":1609935723,"event":{"mods":["AchievementEnabler","BaseMod","Koishi","Marisa£¨Ùöéë¡¡Øª×âÞÞ£©","Minty Spire (QoL Compilation)","StSLib","SuperFastMode","The Hierophant"],"gold_per_floor":[117,192,155,80,133,133,133,133,160,172,197,242,254,99,99,170,170,170,170,170,170,170,170,170,170,170,170,170,170,170,2,2,2,2,2,2,2,2,2,2,2,2,2,2,2,2,2,2,2,2,2],"floor_reached":52,"playtime":1604,"items_purged":[],"score":2211,"play_id":"8ca6627b-a37a-4322-a54f-525d1631581c","local_time":"20210106212203","daily_mods":["SealedDeck","Shiny","Vintage","Heirloom","Time Dilation","Flight"],"is_ascension_mode":true,"campfire_choices":[{"data":"Fission","floor":6,"key":"SMITH"},{"data":"Seek","floor":7,"key":"SMITH"},{"data":"Storm","floor":13,"key":"SMITH"},{"data":"Meteor Strike","floor":15,"key":"SMITH"},{"data":"Amplify","floor":23,"key":"SMITH"},{"data":"Capacitor","floor":24,"key":"SMITH"},{"data":"Storm","floor":32,"key":"SMITH"},{"data":"1","floor":40,"key":"LIFT"},{"data":"2","floor":46,"key":"LIFT"},{"data":"3","floor":49,"key":"LIFT"}],"circlet_count":0,"master_deck":["AscendersBane","Hyperbeam+1","Machine Learning+1","Buffer+1","Seek+1","Echo Form+1","All For One+1","Reboot+1","Fission+1","Thunder Strike+1","Biased Cognition+1","Electrodynamics+1","Rainbow+1","Meteor Strike+1","Amplify+1","Creative AI+1","Ball Lightning+1","Ball Lightning+1","Hello World+1","Coolheaded+1","Stack+1","Force Field+1","Turbo+1","Coolheaded+1","Coolheaded+1","Beam Cell+1","Capacitor+1","Storm+1","Turbo+1","Storm+1","Heatsinks+1","Thunder Strike+1"],"relics":["Snecko Eye","Girya","Oddly Smooth Stone","MawBank","Vajra","Akabeko","Bag of Marbles","Ectoplasm","Boot","Red Mask","Potion Belt","Eternal Feather","Toy Ornithopter","Gambling Chip","CaptainsWheel","The Courier","Orrery","Runic Dome","Nunchaku","CatCart","Mark of the Bloom","Torii","Regal Pillow","Cables","Peace Pipe","Anchor","Bronze Scales"],"acts_visited":["Exordium","TheCity","TheBeyond"],"potions_floor_usage":[22,22,30,33,33,50,51,51],"damage_taken":[{"damage":6,"enemies":"Small Slimes","floor":1,"turns":2},{"damage":11,"enemies":"2 Louse","floor":11,"turns":2},{"damage":0,"enemies":"3 Sentries","floor":12,"turns":2},{"damage":0,"enemies":"Hexaghost","floor":16,"turns":1},{"damage":0,"enemies":"Chosen","floor":18,"turns":2},{"damage":0,"enemies":"Masked Bandits","floor":19,"turns":1},{"damage":0,"enemies":"Spheric Guardian","floor":21,"turns":3},{"damage":3,"enemies":"Shelled Parasite and Fungi","floor":22,"turns":2},{"damage":0,"enemies":"Snake Plant","floor":27,"turns":1},{"damage":14,"enemies":"Book of Stabbing","floor":29,"turns":3},{"damage":1,"enemies":"Colosseum Slavers","floor":30,"turns":2},{"damage":0,"enemies":"Colosseum Nobs","floor":30,"turns":2},{"damage":7,"enemies":"Automaton","floor":33,"turns":4},{"damage":0,"enemies":"3 Shapes","floor":35,"turns":1},{"damage":0,"enemies":"Orin","floor":36,"turns":3},{"damage":0,"enemies":"Orb Walker","floor":39,"turns":2},{"damage":0,"enemies":"Spire Growth","floor":42,"turns":3},{"damage":0,"enemies":"Giant Head","floor":44,"turns":3},{"damage":0,"enemies":"Reptomancer","floor":48,"turns":2},{"damage":0,"enemies":"Time Eater","floor":50,"turns":1},{"damage":16,"enemies":"Donu and Deca","floor":51,"turns":3}],"seed_played":"-1306118049846454180","potions_obtained":[{"floor":11,"key":"EntropicBrew"},{"floor":12,"key":"Block Potion"},{"floor":44,"key":"LiquidMemories"},{"floor":48,"key":"ColorlessPotion"}],"is_trial":true,"path_per_floor":["M","?","$","?","?","R","R","$","T","?","M","E","R","$","R","B",null,"M","?","?","M","M","R","R","$","T","M","$","E","?","$","R","B",null,"M","?","?","?","M","R","$","M","T","E","?","R","T","E","R","B","B",null],"character_chosen":"DEFECT","items_purchased":["Capacitor","Bag of Marbles","Storm","Orrery"],"campfire_rested":0,"item_purchase_floors":[3,14,31,31],"current_hp_per_floor":[58,47,47,47,47,47,47,47,47,47,36,36,36,36,36,36,62,62,62,62,62,59,71,71,71,71,71,71,57,61,61,71,69,71,71,71,71,61,61,61,61,61,61,61,61,61,61,61,61,61,45],"gold":2,"neow_bonus":"","is_daily":false,"chose_seed":false,"campfire_upgraded":7,"win_rate":0.0,"timestamp":1609935723,"path_taken":["M","?","$","?","?","R","R","$","T","?","?","E","R","$","R","BOSS","M","?","?","M","?","R","R","?","T","M","$","E","?","$","R","BOSS","M","?","?","?","?","R","?","M","T","E","?","R","?","E","R","BOSS","BOSS"],"items_purchased_type":["Card","Relic","Card","Relic"],"build_version":"2020-12-22","purchased_purges":0,"victory":true,"max_hp_per_floor":[71,71,71,71,71,71,71,71,71,71,71,71,71,71,71,71,71,71,71,71,71,71,71,71,71,71,71,71,71,71,71,71,71,71,71,71,71,71,71,71,71,71,71,71,67,67,67,67,67,67,67],"card_choices":[{"not_picked":["Gash","Conserve Battery"],"picked":"Storm","floor":12},{"not_picked":["Gash","Steam"],"picked":"Turbo","floor":19},{"not_picked":["Go for the Eyes+1","Darkness","Cold Snap"],"picked":"SKIP","floor":29},{"not_picked":["Fusion","Redo"],"picked":"Heatsinks","floor":31},{"not_picked":["Reboot","Core Surge"],"picked":"Thunder Strike","floor":33},{"not_picked":["Darkness","Steam","Reboot"],"picked":"SKIP","floor":44},{"not_picked":["Cold Snap","Leap","Go for the Eyes"],"picked":"SKIP","floor":48}],"player_experience":77124,"relics_obtained":[{"floor":1,"key":"Oddly Smooth Stone"},{"floor":9,"key":"MawBank"},{"floor":11,"key":"Vajra"},{"floor":12,"key":"Akabeko"},{"floor":18,"key":"Boot"},{"floor":19,"key":"Red Mask"},{"floor":21,"key":"Potion Belt"},{"floor":22,"key":"Eternal Feather"},{"floor":26,"key":"Toy Ornithopter"},{"floor":27,"key":"Gambling Chip"},{"floor":29,"key":"CaptainsWheel"},{"floor":30,"key":"The Courier"},{"floor":35,"key":"Nunchaku"},{"floor":36,"key":"CatCart"},{"floor":39,"key":"Torii"},{"floor":42,"key":"Regal Pillow"},{"floor":43,"key":"Cables"},{"floor":44,"key":"Peace Pipe"},{"floor":47,"key":"Anchor"},{"floor":48,"key":"Bronze Scales"}],"event_choices":[{"damage_healed":0,"gold_gain":75,"player_choice":"Gather Gold","damage_taken":11,"max_hp_gain":0,"max_hp_loss":0,"event_name":"World of Goop","floor":2,"gold_loss":0},{"cards_removed":["Core Surge"],"damage_healed":0,"gold_gain":0,"player_choice":"Card Removal","damage_taken":0,"max_hp_gain":0,"max_hp_loss":0,"event_name":"The Cleric","floor":4,"gold_loss":75},{"damage_healed":0,"gold_gain":53,"player_choice":"Gained Gold","damage_taken":0,"max_hp_gain":0,"max_hp_loss":0,"event_name":"Golden Wing","floor":5,"gold_loss":0},{"cards_removed":["Multi-Cast"],"damage_healed":0,"gold_gain":0,"player_choice":"Purged","damage_taken":0,"max_hp_gain":0,"max_hp_loss":0,"event_name":"Purifier","floor":10,"gold_loss":0},{"damage_healed":0,"gold_gain":0,"player_choice":"Fought Bandits","damage_taken":0,"max_hp_gain":0,"max_hp_loss":0,"event_name":"Masked Bandits","floor":19,"gold_loss":0},{"damage_healed":0,"gold_gain":0,"player_choice":"Forge","damage_taken":0,"max_hp_gain":0,"max_hp_loss":0,"event_name":"Accursed Blacksmith","floor":20,"gold_loss":0,"cards_upgraded":["Thunder Strike"]},{"damage_healed":0,"gold_gain":0,"player_choice":"Fight","damage_taken":0,"max_hp_gain":0,"max_hp_loss":0,"event_name":"Colosseum","floor":30,"gold_loss":0},{"damage_healed":0,"gold_gain":0,"player_choice":"Fought Nobs","damage_taken":0,"max_hp_gain":0,"max_hp_loss":0,"event_name":"Colosseum","floor":30,"gold_loss":0},{"damage_healed":0,"gold_gain":0,"player_choice":"Fight","damage_taken":0,"max_hp_gain":0,"max_hp_loss":0,"event_name":"OrinTheCat","floor":36,"gold_loss":0},{"damage_healed":0,"gold_gain":0,"player_choice":"Upgrade","damage_taken":0,"relics_obtained":["Mark of the Bloom"],"max_hp_gain":0,"max_hp_loss":0,"event_name":"MindBloom","floor":37,"gold_loss":0,"cards_upgraded":["Hyperbeam","Machine Learning","Buffer","Echo Form","All For One","Reboot","Biased Cognition","Electrodynamics","Rainbow","Creative AI","Ball Lightning","Ball Lightning","Hello World","Coolheaded","Stack","Force Field","Turbo","Coolheaded","Coolheaded","Beam Cell","Turbo","Heatsinks","Thunder Strike"]},{"damage_healed":0,"gold_gain":0,"player_choice":"Damaged","damage_taken":10,"max_hp_gain":0,"max_hp_loss":0,"event_name":"Wheel of Change","floor":38,"gold_loss":0},{"damage_healed":0,"gold_gain":0,"player_choice":"Max HP","damage_taken":0,"max_hp_gain":0,"max_hp_loss":4,"event_name":"Winding Halls","floor":45,"gold_loss":0}],"is_beta":false,"boss_relics":[{"not_picked":["Calling Bell","Fusion Hammer"],"picked":"Ectoplasm"},{"not_picked":["Inserter","Busted Crown"],"picked":"Runic Dome"}],"items_purged_floors":[],"is_endless":false,"potions_floor_spawned":[11,12,18,22,30,44,48],"ascension_level":20}}