{"host":"s794kqxf2n1qz2yr","time":1609920264,"event":{"mods":["100% Spire Juice","2.2 Compatiblity","A Magickal Journey","AchievementEnabler","Aspiration","BaseMod","Downfall","Friendly Minions","Hermit","Minty Spire (QoL Compilation)","Permanent Neow","StSLib","The Disciple","The Marked"],"gold_per_floor":[114,132,145,162,176,211,211,229,229,246,262,288,288,288],"floor_reached":13,"playtime":519,"items_purged":[],"score":91,"play_id":"dfdc5078-592b-4d54-b69f-cca86bdf583c","local_time":"20210106080424","is_ascension_mode":false,"campfire_choices":[{"data":"hermit:Headshot","floor":7,"key":"SMITH"}],"circlet_count":0,"master_deck":["hermit:Strike_Hermit","hermit:Strike_Hermit","hermit:Defend_Hermit","hermit:Defend_Hermit","hermit:Defend_Hermit","hermit:Defend_Hermit","hermit:Snapshot","hermit:Covet","hermit:Desperado","hermit:Headshot+1","hermit:TrackingShot","hermit:Headshot","hermit:EyeOfTheStorm","hermit:Deadeye"],"relics":["Empty Cage","aspiration:AnachronicSnailShell","Shuriken","aspiration:Lifesprig"],"acts_visited":["Exordium"],"potions_floor_usage":[4,6,8],"damage_taken":[{"damage":0,"enemies":"Cultist","floor":1,"turns":3},{"damage":0,"enemies":"Small Slimes","floor":2,"turns":2},{"damage":0,"enemies":"2 Louse","floor":3,"turns":3},{"damage":0,"enemies":"2 Fungi Beasts","floor":4,"turns":2},{"damage":9,"enemies":"Red Slaver","floor":5,"turns":3},{"damage":35,"enemies":"Gremlin Nob","floor":6,"turns":4},{"damage":11,"enemies":"Large Slime","floor":8,"turns":3},{"damage":17,"enemies":"Exordium Thugs","floor":10,"turns":3},{"damage":0,"enemies":"Blue Slaver","floor":11,"turns":2},{"damage":5,"enemies":"3 Sentries","floor":13,"turns":1}],"seed_played":"-4061351606177311685","potions_obtained":[{"floor":2,"key":"LiquidMemories"},{"floor":5,"key":"Fire Potion"},{"floor":6,"key":"hexamod:EctoCoolerPotion"},{"floor":11,"key":"DuplicationPotion"}],"is_trial":false,"path_per_floor":["M","M","M","M","M","E","R","M","T","M","M","T","E"],"character_chosen":"HERMIT","items_purchased":[],"campfire_rested":0,"item_purchase_floors":[],"current_hp_per_floor":[75,75,75,75,66,31,31,20,20,3,3,3,0,0],"gold":288,"neow_bonus":"BOSS_RELIC","is_daily":false,"chose_seed":false,"campfire_upgraded":1,"win_rate":0.0,"timestamp":1609920264,"path_taken":["M","?","M","M","M","E","R","M","T","M","M","?","E"],"items_purchased_type":[],"build_version":"2020-12-22","purchased_purges":0,"victory":false,"max_hp_per_floor":[75,75,75,75,75,75,75,75,75,75,75,75,75,75],"card_choices":[{"not_picked":["hermit:Vantage","hermit:Feint"],"picked":"hermit:Desperado","floor":1},{"not_picked":["hermit:ShadowCloak","hermit:FullyLoaded","hermit:SprayPray"],"picked":"SKIP","floor":2},{"not_picked":["hermit:Feint","hermit:ShadowCloak","hermit:Misfire"],"picked":"SKIP","floor":3},{"not_picked":["hermit:NoHoldsBarred","hermit:Glare","hermit:HoleUp"],"picked":"SKIP","floor":4},{"not_picked":["hermit:CalledShot","hermit:Feint"],"picked":"hermit:Headshot","floor":5},{"not_picked":["hermit:FlashPowder","hermit:Desperado"],"picked":"hermit:TrackingShot","floor":6},{"not_picked":["hermit:Manifest","hermit:Quickdraw"],"picked":"hermit:Headshot","floor":8},{"not_picked":["hermit:TrackingShot","hermit:HighNoon"],"picked":"hermit:EyeOfTheStorm","floor":10},{"not_picked":["hermit:Snipe","hermit:Coalescence"],"picked":"hermit:Deadeye","floor":11}],"player_experience":298028,"relics_obtained":[{"floor":6,"key":"aspiration:AnachronicSnailShell"},{"floor":9,"key":"Shuriken"},{"floor":12,"key":"aspiration:Lifesprig"}],"event_choices":[],"is_beta":false,"boss_relics":[],"items_purged_floors":[],"is_endless":false,"potions_floor_spawned":[2,5,6,11],"killed_by":"3 Sentries","ascension_level":0}}