{"host":"n7mxhpjy89lltbhc","time":1609957900,"event":{"mods":["2.2 Compatiblity","Act Like it!","Bard","BaseMod","Better Match","Better Sensory Stone","Better Synergies","Better Third Choice","Better Vampires","BetterRewards","Challenge The Spire","Colored Map","Colored Powertips","Downfall","Gensokyo","Hubris","Infinite Spire","Jedi Mod","Marisa????????","Marked Mod","Minty Spire (QoL Compilation)","Permanent Neow","Rare Cards Sparkle","Relic Sorter","Relic Stats","Replay The Spire","Shop Mod","Small Relic Pack","Spicy Shops","StSLib","Strawberry Spire","The Blue Laboratory","The Disciple","The Marked","The Servant 0.9.4","Uncapped","Waifu the Spire","Wandering Minibosses","vexMod"],"gold_per_floor":[114,132,132,132,142,177,177,205,278,278,296,311,341,341,341,417,417,433,433,444,463,202,202,234,234,234,234,247,277,288,288,288,364,364,376,376,393,502,502,534,534,559,559,592,612,612,612,627,627,627],"floor_reached":51,"playtime":2120,"items_purged":["Strike_S","Strike_S","Strike_S"],"score":1484,"play_id":"a3812b85-cbf1-4329-9b7b-5d7ef2db1165","local_time":"25640107013140","is_ascension_mode":true,"campfire_choices":[{"floor":7.0,"key":"REST"},{"data":"Potential","floor":10.0,"key":"SMITH"},{"floor":15.0,"key":"REST"},{"data":"Foresight","floor":23.0,"key":"SMITH"},{"data":"jedi:forcepull","floor":25.0,"key":"SMITH"},{"floor":32.0,"key":"REST"},{"data":"Foresight","floor":41,"key":"SMITH"},{"floor":49,"key":"REST"}],"circlet_count":0,"master_deck":["AscendersBane","Defend_S","Defend_S+1","Defend_S+1","Defend_S","KidneyShot","Exchange","jedi:forcepull+1","Spin","Potential+1","ShiftingGears","Foresight+1","Defy+1","TimeTheft","ShatteredReality","Potential","SoulSculpture+1","Potential+1","SoulSculpture+1","LightFlow+1","hubris:DuctTapeCard","TimeWarp+1","wanderingMiniBosses:FinaleOfPromise","Foresight+1","Alleviate","ShatteredReality+1"],"relics":["Uniform","Strawberry","War Paint","Vajra","jedi:heavyjacket","Molten Egg 2","hubris:Backtick","Tough Bandages","strawberrySpire:KineticCharger","hubris:DuctTape","Strawberry","ChewingGum","hubris:Towel","wanderingMiniBosses:Blackblade","infinitespire:Lucky Rock","jedi:archwizardhat","hubris:ToyBattleship","ReplayFunnel","jedi:purplefairy","ReplayTheSpireMod:Ninjato"],"acts_visited":["Gensokyo:Gensokyo","Gensokyo:Gensokyoer","Gensokyo:Gensokyoest"],"potions_floor_usage":[40],"damage_taken":[{"damage":4.0,"enemies":"Gensokyo:Python","floor":1.0,"turns":3.0},{"damage":5.0,"enemies":"Gensokyo:Gryphon","floor":2.0,"turns":3.0},{"damage":5.0,"enemies":"Gensokyo:3_Fairies","floor":4.0,"turns":6.0},{"damage":9.0,"enemies":"Gensokyo:Python_and_Kodama","floor":5.0,"turns":4.0},{"damage":18.0,"enemies":"Gensokyo:Cirno","floor":6.0,"turns":5.0},{"damage":10.0,"enemies":"Gensokyo:Aya","floor":8.0,"turns":9.0},{"damage":0.0,"enemies":"Gensokyo:LivingMonolith","floor":11.0,"turns":3.0},{"damage":3.0,"enemies":"Gensokyo:5_Fairies","floor":12.0,"turns":3.0},{"damage":7.0,"enemies":"Gensokyo:Cirno","floor":13.0,"turns":5.0},{"damage":3.0,"enemies":"Gensokyo:Yukari","floor":16.0,"turns":9.0},{"damage":0.0,"enemies":"Gensokyo:2_Gloops","floor":18.0,"turns":3.0},{"damage":20.0,"enemies":"Gensokyo:3_Dogs","floor":20.0,"turns":5.0},{"damage":3.0,"enemies":"Gensokyo:Slime_Group","floor":21.0,"turns":7.0},{"damage":10.0,"enemies":"Gensokyo:Tenshi","floor":24.0,"turns":4.0},{"damage":0.0,"enemies":"Gensokyo:Wraith","floor":28.0,"turns":4.0},{"damage":11.0,"enemies":"Gensokyo:Reisen","floor":29.0,"turns":5.0},{"damage":0.0,"enemies":"Gensokyo:Swordslinger","floor":30.0,"turns":4.0},{"damage":41.0,"enemies":"Gensokyo:Eiki","floor":33.0,"turns":5.0},{"damage":0,"enemies":"Gensokyo:3_Bats","floor":35,"turns":3},{"damage":0,"enemies":"Gensokyo:AncientGuardian","floor":37,"turns":3},{"damage":0,"enemies":"Gensokyo:Doremy","floor":40,"turns":3},{"damage":11,"enemies":"Gensokyo:Marisa","floor":42,"turns":4},{"damage":0,"enemies":"Gensokyo:Doremy","floor":44,"turns":4},{"damage":12,"enemies":"Gensokyo:Rafflesia","floor":45,"turns":3},{"damage":0,"enemies":"Gensokyo:4_Bats","floor":48,"turns":1},{"damage":0,"enemies":"Gensokyo:Scarlet_Devils","floor":50,"turns":5}],"seed_played":"577498510382961748","potions_obtained":[{"floor":2.0,"key":"blueLaboratory:HorrorPotion"},{"floor":6.0,"key":"Swift Potion"},{"floor":8.0,"key":"jedi:hoardpotion"},{"floor":12.0,"key":"ColorlessPotion"},{"floor":21.0,"key":"SkillPotion"},{"floor":29.0,"key":"blueLaboratory:RecallPotion"},{"floor":33.0,"key":"AttackPotion"},{"floor":35,"key":"Fire Potion"},{"floor":40,"key":"FairyPotion"}],"is_trial":false,"path_per_floor":["M","M","?","M","M","E","R","E","T","R","M","M","E","?","R","B",null,"M","?","M","M","$","R","E","R","T","?","M","E","M","?","R","B",null,"M","?","M","?","?","E","R","E","T","E","M","AVR","T","M","R","B",null],"character_chosen":"THE_SERVANT","items_purchased":["Potential+1"],"campfire_rested":4,"item_purchase_floors":[22],"current_hp_per_floor":[50,45,38,33,24,6,26,16,16,16,16,13,6,6,26,23,56,56,56,36,33,33,33,23,23,23,29,29,25,25,25,47,6,57,57,57,57,57,57,57,57,46,46,46,34,34,34,34,56,56],"gold":627,"neow_bonus":"RANDOM_COLORLESS","is_daily":false,"chose_seed":false,"campfire_upgraded":4,"win_rate":0.0,"timestamp":1609957900,"path_taken":["M","?","?","M","M","E","R","E","T","R","M","M","E","?","R","BOSS","M","?","M","M","$","R","E","R","T","?","M","E","M","?","R","BOSS","M","?","M","?","?","E","R","E","T","E","M","AVR","?","?","R","BOSS"],"items_purchased_type":["Card"],"build_version":"2020-12-22","purchased_purges":3,"victory":true,"max_hp_per_floor":[60,60,67,67,67,67,67,67,67,67,67,67,67,67,67,67,67,67,67,67,67,67,67,67,67,67,67,67,74,74,74,74,74,74,74,74,74,74,74,74,74,74,74,74,74,74,74,74,74,74],"relic_stats":{"Tough Bandages":[285],"counters":[26,113],"War Paint":["Defend_S","Defend_S"],"obtain_stats":[{"ReplayFunnel":44,"ReplayTheSpireMod:Ninjato":47,"hubris:DuctTape":26,"Vajra":8,"jedi:purplefairy":46,"Uniform":0,"infinitespire:Lucky Rock":40,"War Paint":6,"hubris:Towel":36,"jedi:archwizardhat":42,"jedi:heavyjacket":9,"Tough Bandages":17,"hubris:Backtick":17,"strawberrySpire:KineticCharger":24,"wanderingMiniBosses:Blackblade":37,"Strawberry":3,"Molten Egg 2":13,"ChewingGum":34,"hubris:ToyBattleship":43},{"ReplayFunnel":23,"ReplayTheSpireMod:Ninjato":24,"hubris:DuctTape":14,"Vajra":6,"jedi:purplefairy":24,"Uniform":0,"infinitespire:Lucky Rock":21,"War Paint":5,"hubris:Towel":19,"jedi:archwizardhat":22,"jedi:heavyjacket":6,"Tough Bandages":10,"hubris:Backtick":10,"strawberrySpire:KineticCharger":14,"wanderingMiniBosses:Blackblade":20,"Strawberry":2,"Molten Egg 2":9,"ChewingGum":18,"hubris:ToyBattleship":22},{"ReplayFunnel":104,"ReplayTheSpireMod:Ninjato":107,"hubris:DuctTape":69,"Vajra":30,"jedi:purplefairy":107,"Uniform":0,"infinitespire:Lucky Rock":96,"War Paint":21,"hubris:Towel":90,"jedi:archwizardhat":100,"jedi:heavyjacket":30,"Tough Bandages":50,"hubris:Backtick":50,"strawberrySpire:KineticCharger":69,"wanderingMiniBosses:Blackblade":93,"Strawberry":6,"Molten Egg 2":41,"ChewingGum":87,"hubris:ToyBattleship":100}]},"card_choices":[{"not_picked":["Deep Breath","Replay:Bootleg Shield Generator"],"picked":"jedi:forcepull","floor":0.0},{"not_picked":["Misdirection","FastForward"],"picked":"Spin","floor":1.0},{"not_picked":["Spin","TimeWarp"],"picked":"Potential","floor":2.0},{"not_picked":["DoubleEdge","Rearm"],"picked":"ShiftingGears","floor":4.0},{"not_picked":["Desolation","Unruled"],"picked":"Foresight","floor":5.0},{"not_picked":["Deadline","Orbit"],"picked":"Defy","floor":6.0},{"not_picked":["SurpressingFire","DancingSilver"],"picked":"ShatteredReality","floor":11.0},{"not_picked":["RealityMarble","StarChef","Barrier"],"picked":"SKIP","floor":12.0},{"not_picked":["Replace","FastForward","Contraction"],"picked":"SKIP","floor":13.0},{"not_picked":["Solidify","KillingDoll+1"],"picked":"SoulSculpture+1","floor":16.0},{"not_picked":["Spin+1","Replace","Rewind"],"picked":"SKIP","floor":18.0},{"not_picked":["Unruled+1","Luminosity","Starlight+1"],"picked":"SKIP","floor":20.0},{"not_picked":["Snipe+1","Revamp"],"picked":"ShatteredReality+1","floor":21.0},{"not_picked":["WasteNot","Rewind"],"picked":"SoulSculpture+1","floor":24.0},{"not_picked":["Potential+1","Spin+1","Revamp+1"],"picked":"SKIP","floor":28.0},{"not_picked":["ShiftingGears+1","Sunlight+1"],"picked":"BottledTime","floor":29.0},{"not_picked":["StarChef","MoonPhase+1","FastForward"],"picked":"SKIP","floor":30.0},{"not_picked":["Initiator+1","ForgedInTime"],"picked":"LightFlow+1","floor":33.0},{"not_picked":["Moondial","Replace","Rewind"],"picked":"SKIP","floor":35},{"not_picked":["Starlight+1","ShatteredReality+1"],"picked":"TimeWarp+1","floor":37},{"not_picked":[],"picked":"wanderingMiniBosses:FinaleOfPromise","floor":37},{"not_picked":["Potential+1","FastForward"],"picked":"Foresight","floor":38},{"not_picked":["Potential+1","FastForward"],"picked":"Alleviate","floor":38},{"not_picked":["Reset","Dilation"],"picked":"ShatteredReality+1","floor":38},{"not_picked":["Rewind","FloweringNight","Spin+1"],"picked":"SKIP","floor":40},{"not_picked":["TimeTheft","Alleviate","Revamp"],"picked":"SKIP","floor":42},{"not_picked":["Solidify","BottledTime","RealityMarble+1"],"picked":"SKIP","floor":44},{"not_picked":["BottledTime","Gouge+1","Revamp"],"picked":"SKIP","floor":45},{"not_picked":["DoubleEdge+1","Defy+1","Rewind"],"picked":"SKIP","floor":48}],"player_experience":1048459,"relics_obtained":[{"floor":6.0,"key":"War Paint"},{"floor":8.0,"key":"Vajra"},{"floor":9.0,"key":"jedi:heavyjacket"},{"floor":13.0,"key":"Molten Egg 2"},{"floor":24.0,"key":"strawberrySpire:KineticCharger"},{"floor":26.0,"key":"hubris:DuctTape"},{"floor":29.0,"key":"Strawberry"},{"floor":37,"key":"wanderingMiniBosses:Blackblade"},{"floor":40,"key":"infinitespire:Lucky Rock"},{"floor":42,"key":"jedi:archwizardhat"},{"floor":43,"key":"hubris:ToyBattleship"},{"floor":44,"key":"ReplayFunnel"},{"floor":47,"key":"ReplayTheSpireMod:Ninjato"}],"event_choices":[],"is_beta":false,"boss_relics":[{"not_picked":["Replay:Ancient Bell","Painkiller Herb"],"picked":"hubris:Backtick"},{"not_picked":["jedi:paperlyon","jedi:battlestandard"],"picked":"ChewingGum"}],"items_purged_floors":[22,22,46],"is_endless":false,"potions_floor_spawned":[2,6,8,12,16,21,24,28,29,33,35,40,45,48],"ascension_level":16}}