{"host":"kev6uqotw4tlyx8l","time":1609940432,"event":{"mods":["Act Like it!","Aspiration","BaseMod","Colored Powertips","Dota2Spire","Downfall","Hallownest","Infinite Spire","Marisa????????","Minty Spire (QoL Compilation)","Quick Restart","Remilia??????","Replay The Spire","StSLib","The Cursed","The Jungle","The Marked","The Mystic","The Servant 0.9.4"],"gold_per_floor":[119,139,239,253,273,273,285,285,285,37,37,37,58,76,76,195,195,214,229,229,229],"floor_reached":20,"playtime":627,"items_purged":[],"score":185,"play_id":"b8971379-dea8-4b37-8eb4-3721eb494463","local_time":"20210106204032","is_ascension_mode":true,"campfire_choices":[{"data":"Finisher","floor":6,"key":"SMITH"},{"floor":12,"key":"REST"},{"floor":15,"key":"REST"}],"circlet_count":0,"master_deck":["Strike_G","Strike_G","Strike_G","Strike_G","Strike_G","Defend_G","Defend_G","Defend_G","Defend_G","Defend_G","Survivor","Neutralize","Prepared","Dagger Spray","Blade Dance","Finisher+1","Hidden Blade","Cloak And Dagger","Injury","Atom Bomb","Prepared","A Thousand Cuts","Injury","Slimebound:CorrosiveSpit","Jack Of All Trades","infinitespire:FinalStrike","Hidden Blade+1","Blade Dance"],"relics":["Ring of the Snake","Golden Idol","aspiration:HiddenCompartment","infinitespire:EmpoweringShard","CultistMask","ReplayTheSpireMod:SealedPack"],"acts_visited":["Exordium","TheCity"],"potions_floor_usage":[5,16,16,19,20],"damage_taken":[{"damage":5,"enemies":"Cultist","floor":1,"turns":4},{"damage":4,"enemies":"2 Louse","floor":2,"turns":2},{"damage":8,"enemies":"Jaw Worm","floor":4,"turns":4},{"damage":17,"enemies":"Exordium Thugs","floor":5,"turns":4},{"damage":12,"enemies":"Blue Slaver","floor":7,"turns":3},{"damage":17,"enemies":"Gremlin Gang","floor":13,"turns":3},{"damage":0,"enemies":"Large Slime","floor":14,"turns":2},{"damage":37,"enemies":"Hexaghost","floor":16,"turns":8},{"damage":15,"enemies":"Shell Parasite","floor":18,"turns":4},{"damage":18,"enemies":"3 Byrds","floor":19,"turns":4},{"damage":39,"enemies":"Centurion and Healer","floor":20,"turns":3}],"seed_played":"7484264980523666279","potions_obtained":[{"floor":4,"key":"Explosive Potion"},{"floor":5,"key":"Elixir"},{"floor":13,"key":"CultistPotion"},{"floor":16,"key":"Dota2Spire:Clarity"},{"floor":18,"key":"Dexterity Potion"}],"is_trial":false,"path_per_floor":["M","M","?","M","M","R","M","?","T","$","?","R","M","M","R","B",null,"M","M","M"],"character_chosen":"THE_SILENT","items_purchased":["infinitespire:EmpoweringShard"],"campfire_rested":2,"item_purchase_floors":[10],"current_hp_per_floor":[65,61,61,53,36,36,24,24,24,24,24,45,28,28,49,12,70,55,37,0,0],"gold":229,"neow_bonus":"THREE_CARDS","is_daily":false,"chose_seed":false,"campfire_upgraded":1,"win_rate":0.0,"timestamp":1609940432,"path_taken":["M","?","?","M","?","R","M","?","T","?","?","R","M","M","R","BOSS","M","?","M"],"items_purchased_type":["Relic"],"build_version":"2020-12-22","purchased_purges":0,"victory":false,"max_hp_per_floor":[70,70,70,70,70,70,70,70,70,70,70,70,70,70,70,70,70,70,70,70,70],"card_choices":[{"not_picked":["Flying Knee","Masterful Stab"],"picked":"Prepared","floor":0},{"not_picked":["Backflip","Bane"],"picked":"Dagger Spray","floor":1},{"not_picked":["Skewer","Sucker Punch"],"picked":"Blade Dance","floor":2},{"not_picked":["Bane","Backflip"],"picked":"Finisher","floor":4},{"not_picked":["Outmaneuver","ReplayTheSpireMod:Tripwire"],"picked":"Hidden Blade","floor":5},{"not_picked":["Eviscerate","Heel Hook"],"picked":"Cloak And Dagger","floor":7},{"not_picked":["Flying Knee","Skewer"],"picked":"Atom Bomb","floor":13},{"not_picked":["Flying Knee","Dodge and Roll"],"picked":"Prepared","floor":14},{"not_picked":["ReplayTheSpireMod:Necrosis","Malaise"],"picked":"A Thousand Cuts","floor":16},{"not_picked":["TheCursedMod:CleanUpWorkshop","Exchange"],"picked":"Slimebound:CorrosiveSpit","floor":17},{"not_picked":["Forethought","Survey Options"],"picked":"Jack Of All Trades","floor":17},{"not_picked":["infinitespire:UltimateForm","ReplayTheSpireMod:Chaos Vortex"],"picked":"infinitespire:FinalStrike","floor":17},{"not_picked":["PiercingWail+1","Deflect"],"picked":"Hidden Blade+1","floor":18},{"not_picked":["Flying Knee+1","Underhanded Strike"],"picked":"Blade Dance","floor":19}],"player_experience":97555,"relics_obtained":[{"floor":9,"key":"aspiration:HiddenCompartment"}],"event_choices":[{"damage_healed":0,"gold_gain":100,"player_choice":"Pray","damage_taken":0,"max_hp_gain":0,"max_hp_loss":0,"event_name":"Golden Shrine","floor":3,"gold_loss":0},{"damage_healed":0,"gold_gain":0,"player_choice":"Take Wound","damage_taken":0,"relics_obtained":["Golden Idol"],"max_hp_gain":0,"max_hp_loss":0,"event_name":"Golden Idol","floor":8,"gold_loss":0,"cards_obtained":["Injury"]},{"damage_healed":0,"gold_gain":0,"player_choice":"Trade","damage_taken":0,"relics_obtained":["CultistMask"],"max_hp_gain":0,"max_hp_loss":0,"event_name":"FaceTrader","floor":11,"gold_loss":0}],"is_beta":false,"boss_relics":[{"not_picked":["Runic Dome","aspiration:RunicSpoon"],"picked":"ReplayTheSpireMod:SealedPack"}],"items_purged_floors":[],"is_endless":false,"potions_floor_spawned":[4,5,13,16,18],"killed_by":"Centurion and Healer","ascension_level":2}}