{"host":"61r95uy0hn86b9iu","time":1609900500,"event":{"mods":["AchievementEnabler","BaseMod","Better Vampires","BetterRewards","Colored Powertips","Hubris","Minty Spire (QoL Compilation)","Shop Mod","StSLib"],"gold_per_floor":[132,183,26,62,73,73,73,92,92,152,152,172,207,242,242,342,342,352,352,384,402,457,457,467,467,467,467,74,74,74,93,93,171,171,191,45,117,142,154,154,171,171,223,235,235,235,254,264,264,264,264,264,168,200,200,200],"floor_reached":55,"playtime":1898,"items_purged":["Defend_R","Writhe"],"score":1502,"play_id":"80fafb3a-eb2f-4f7c-85e0-cdcce7d152e6","local_time":"20210105203500","is_ascension_mode":true,"campfire_choices":[{"floor":7.0,"key":"REST"},{"data":"Armaments","floor":15.0,"key":"SMITH"},{"floor":23.0,"key":"REST"},{"data":"Seeing Red","floor":29.0,"key":"SMITH"},{"data":"Limit Break","floor":32.0,"key":"SMITH"},{"floor":40.0,"key":"REST"},{"data":"Whirlwind","floor":46.0,"key":"SMITH"},{"floor":49.0,"key":"RECALL"},{"data":"Exhume","floor":52.0,"key":"SMITH"}],"circlet_count":0,"master_deck":["AscendersBane","Strike_R","Defend_R","Defend_R","Defend_R","Bash","Armaments+1","Inflame+1","HandOfGreed","Whirlwind+1","Clothesline","Ghostly Armor","Feed","Shockwave","Demon Form+1","Entrench+1","Whirlwind+1","Reaper","Seeing Red+1","Whirlwind+1","Limit Break+1","Metallicize+1","Exhume+1","Shrug It Off+1","Heavy Blade+1","Metallicize+1","Shrug It Off+1"],"relics":["Burning Blood","Frozen Egg 2","Vajra","Bronze Scales","Nunchaku","Meat on the Bone","Prayer Wheel","hubris:Towel","hubris:GlazedTorus","hubris:RunicObelisk","hubris:ChampionShield","Mercury Hourglass","SacredBark","Chemical X","Ginger","Thread and Needle","Red Skull","Letter Opener"],"acts_visited":["Exordium","TheCity","TheBeyond","TheEnding"],"potions_floor_usage":[55,55,55,55],"damage_taken":[{"damage":6.0,"enemies":"Cultist","floor":1.0,"turns":3.0},{"damage":0.0,"enemies":"2 Louse","floor":2.0,"turns":4.0},{"damage":5.0,"enemies":"Small Slimes","floor":4.0,"turns":3.0},{"damage":16.0,"enemies":"Blue Slaver","floor":5.0,"turns":2.0},{"damage":11.0,"enemies":"Looter","floor":8.0,"turns":3.0},{"damage":41.0,"enemies":"Lagavulin","floor":10.0,"turns":8.0},{"damage":0.0,"enemies":"Exordium Thugs","floor":12.0,"turns":3.0},{"damage":12.0,"enemies":"Gremlin Nob","floor":13.0,"turns":4.0},{"damage":20.0,"enemies":"Large Slime","floor":14.0,"turns":5.0},{"damage":38.0,"enemies":"Slime Boss","floor":16.0,"turns":9.0},{"damage":7.0,"enemies":"3 Byrds","floor":18.0,"turns":3.0},{"damage":11.0,"enemies":"2 Thieves","floor":20.0,"turns":4.0},{"damage":24.0,"enemies":"Snake Plant","floor":21.0,"turns":3.0},{"damage":15.0,"enemies":"Centurion and Healer","floor":22.0,"turns":5.0},{"damage":4.0,"enemies":"Cultist and Chosen","floor":24.0,"turns":4.0},{"damage":17.0,"enemies":"Sentry and Sphere","floor":31.0,"turns":4.0},{"damage":53.0,"enemies":"Collector","floor":33.0,"turns":7.0},{"damage":53.0,"enemies":"3 Darklings","floor":35.0,"turns":4.0},{"damage":39.0,"enemies":"2 Orb Walkers","floor":37.0,"turns":4.0},{"damage":13.0,"enemies":"Mind Bloom Boss Battle","floor":38.0,"turns":4.0},{"damage":7.0,"enemies":"Orb Walker","floor":39.0,"turns":2.0},{"damage":15.0,"enemies":"Sphere and 2 Shapes","floor":41.0,"turns":3.0},{"damage":0.0,"enemies":"Jaw Worm Horde","floor":44.0,"turns":1.0},{"damage":0.0,"enemies":"Transient","floor":47.0,"turns":5.0},{"damage":0.0,"enemies":"4 Shapes","floor":48.0,"turns":1.0},{"damage":74.0,"enemies":"Awakened One","floor":50.0,"turns":6.0},{"damage":47.0,"enemies":"Shield and Spear","floor":54.0,"turns":4.0},{"damage":107,"enemies":"The Heart","floor":55,"turns":6}],"seed_played":"-7408604724586326029","potions_obtained":[{"floor":2.0,"key":"SpeedPotion"},{"floor":10.0,"key":"ElixirPotion"},{"floor":12.0,"key":"PowerPotion"},{"floor":13.0,"key":"BloodPotion"},{"floor":18.0,"key":"SpeedPotion"},{"floor":19.0,"key":"Strength Potion"},{"floor":24.0,"key":"BloodPotion"},{"floor":31.0,"key":"Ancient Potion"},{"floor":37.0,"key":"Energy Potion"},{"floor":39.0,"key":"Explosive Potion"},{"floor":44.0,"key":"PowerPotion"},{"floor":54.0,"key":"EssenceOfSteel"}],"is_trial":false,"path_per_floor":["M","M","$","M","M","T","R","M","T","E","?","M","E","M","R","B",null,"M","?","M","M","M","R","M","?","T","?","$","R","$","M","R","B",null,"M","$","?","?","M","R","M","?","T","M","?","R","M","M","R","B",null,"R","$","E","B"],"character_chosen":"IRONCLAD","items_purchased":["Frozen Egg 2","Inflame+1","HandOfGreed","Vajra","BloodPotion","Bronze Scales","Metallicize+1","Mercury Hourglass","Chemical X","EntropicBrew"],"campfire_rested":3,"item_purchase_floors":[0,0,0,0,0,3,28,28,36,53],"current_hp_per_floor":[44,50,50,51,41,41,63,58,58,50,50,59,53,51,51,35,70,72,72,67,66,57,82,88,88,88,88,88,88,88,86,86,51,79,61,61,40,45,59,86,91,91,91,91,91,91,91,91,91,46,80,80,80,83,0,0],"gold":200,"neow_bonus":"","is_daily":false,"chose_seed":false,"campfire_upgraded":5,"win_rate":0.0,"timestamp":1609900500,"path_taken":["M","?","$","M","M","?","R","M","T","E","?","M","E","M","R","BOSS","M","?","?","M","M","R","M","?","T","?","$","R","$","M","R","BOSS","M","$","?","?","M","R","?","?","T","M","?","R","M","M","R","BOSS","R","$","E","BOSS"],"items_purchased_type":["Relic","Card","Card","Relic","Potion","Relic","Card","Relic","Relic","Potion"],"build_version":"2020-12-22","purchased_purges":2,"victory":false,"max_hp_per_floor":[75,75,75,75,75,75,75,75,75,75,75,78,78,78,78,82,82,85,85,85,85,85,85,88,88,88,88,88,88,88,88,88,88,88,88,88,88,88,91,91,91,91,91,91,91,91,91,91,91,91,91,91,91,91,91,91],"card_choices":[{"not_picked":["Hemokinesis","Havoc","Warcry"],"picked":"SKIP","floor":1.0},{"not_picked":["Hemokinesis","Dark Embrace+1","Infernal Blade"],"picked":"SKIP","floor":2.0},{"not_picked":["Sever Soul","hubris:ReadiedAction"],"picked":"Whirlwind","floor":4.0},{"not_picked":["Entrench","True Grit"],"picked":"Clothesline","floor":5.0},{"not_picked":["Blood for Blood","Cleave"],"picked":"Ghostly Armor","floor":8.0},{"not_picked":["Dual Wield","Bludgeon"],"picked":"Feed","floor":10.0},{"not_picked":["Blood for Blood","Rage","Second Wind"],"picked":"SKIP","floor":12.0},{"not_picked":["Whirlwind","Clothesline","Wild Strike"],"picked":"SKIP","floor":12.0},{"not_picked":["Power Through","Body Slam","Shockwave"],"picked":"SKIP","floor":13.0},{"not_picked":["Havoc","hubris:ReadiedAction"],"picked":"Shockwave","floor":14.0},{"not_picked":["Warcry","Clash","Pummel"],"picked":"SKIP","floor":14.0},{"not_picked":["Limit Break","Brutality+1"],"picked":"Demon Form+1","floor":16.0},{"not_picked":["Wild Strike","Reckless Charge"],"picked":"Entrench+1","floor":18.0},{"not_picked":["Searing Blow","Power Through+1","Clash"],"picked":"SKIP","floor":18.0},{"not_picked":["Exhume","Reckless Charge+1"],"picked":"Whirlwind+1","floor":20.0},{"not_picked":["Perfected Strike","Headbutt","Flex"],"picked":"SKIP","floor":20.0},{"not_picked":["Whirlwind","Headbutt"],"picked":"Reaper","floor":21.0},{"not_picked":["Power Through","Infernal Blade+1","Wild Strike"],"picked":"SKIP","floor":21.0},{"not_picked":["hubris:ReadiedAction","Twin Strike+1","Searing Blow"],"picked":"SKIP","floor":22.0},{"not_picked":["Pummel","Hemokinesis","Heavy Blade"],"picked":"SKIP","floor":22.0},{"not_picked":["Sword Boomerang","Clothesline"],"picked":"Seeing Red","floor":24.0},{"not_picked":["True Grit","Havoc","Uppercut"],"picked":"SKIP","floor":24.0},{"not_picked":["Clothesline","Anger","Dark Embrace+1"],"picked":"SKIP","floor":31.0},{"not_picked":["Ghostly Armor","Blood for Blood","Pommel Strike"],"picked":"SKIP","floor":31.0},{"not_picked":["Brutality+1","Impervious"],"picked":"Exhume","floor":33.0},{"not_picked":["Warcry+1","Body Slam","Battle Trance+1"],"picked":"SKIP","floor":35.0},{"not_picked":["Corruption+1","Carnage","Havoc"],"picked":"SKIP","floor":35.0},{"not_picked":["Inflame+1","Ghostly Armor"],"picked":"Shrug It Off+1","floor":38.0},{"not_picked":["Intimidate","Rampage","hubris:ReadiedAction"],"picked":"SKIP","floor":39.0},{"not_picked":["Bloodletting","Armaments","Perfected Strike"],"picked":"SKIP","floor":39.0},{"not_picked":["Disarm","Havoc","Wild Strike"],"picked":"SKIP","floor":41.0},{"not_picked":["Spot Weakness","Sever Soul","Dropkick+1"],"picked":"SKIP","floor":41.0},{"not_picked":["Pommel Strike","Headbutt","Perfected Strike"],"picked":"SKIP","floor":44.0},{"not_picked":["Dual Wield","Intimidate","Cleave"],"picked":"SKIP","floor":44.0},{"not_picked":["Havoc","Flex+1"],"picked":"Heavy Blade+1","floor":47.0},{"not_picked":["Limit Break","Dual Wield","True Grit"],"picked":"SKIP","floor":47.0},{"not_picked":["Sword Boomerang+1","Wild Strike"],"picked":"Metallicize+1","floor":48.0},{"not_picked":["Sword Boomerang+1","Clothesline","Shrug It Off+1"],"picked":"SKIP","floor":48.0},{"not_picked":["Ghostly Armor","Clash"],"picked":"Shrug It Off+1","floor":54.0}],"player_experience":3237026,"relics_obtained":[{"floor":6.0,"key":"Nunchaku"},{"floor":9.0,"key":"Meat on the Bone"},{"floor":10.0,"key":"Prayer Wheel"},{"floor":13.0,"key":"hubris:GlazedTorus"},{"floor":37.0,"key":"Ginger"},{"floor":38.0,"key":"Thread and Needle"},{"floor":43.0,"key":"Red Skull"},{"floor":54.0,"key":"Letter Opener"}],"event_choices":[{"damage_healed":0.0,"max_hp_gain":0.0,"max_hp_loss":0.0,"gold_gain":0.0,"event_name":"Lab","player_choice":"Got Potions","floor":19.0,"gold_loss":0.0,"damage_taken":0.0},{"damage_healed":0.0,"max_hp_gain":0.0,"max_hp_loss":0.0,"gold_gain":0.0,"event_name":"The Mausoleum","player_choice":"Opened","floor":25.0,"gold_loss":0.0,"damage_taken":0.0,"relics_obtained":["hubris:ChampionShield"],"cards_obtained":["Writhe"]},{"damage_healed":0.0,"max_hp_gain":0.0,"max_hp_loss":0.0,"gold_gain":0.0,"cards_transformed":["Strike_R","Strike_R"],"event_name":"Drug Dealer","player_choice":"Became Test Subject","floor":27.0,"gold_loss":0.0,"damage_taken":0.0,"cards_obtained":["Whirlwind","Limit Break"]},{"damage_healed":0.0,"max_hp_gain":0.0,"max_hp_loss":0.0,"gold_gain":0.0,"event_name":"Mysterious Sphere","player_choice":"Fight","floor":37.0,"gold_loss":0.0,"damage_taken":0.0},{"damage_healed":0.0,"max_hp_gain":0.0,"max_hp_loss":0.0,"gold_gain":0.0,"event_name":"MindBloom","player_choice":"Fight","floor":38.0,"gold_loss":0.0,"damage_taken":0.0},{"cards_removed":["Strike_R"],"damage_healed":0.0,"max_hp_gain":0.0,"max_hp_loss":0.0,"gold_gain":0.0,"event_name":"Falling","player_choice":"Removed Attack","floor":42.0,"gold_loss":0.0,"damage_taken":0.0},{"damage_healed":0.0,"max_hp_gain":0.0,"max_hp_loss":0.0,"gold_gain":0.0,"event_name":"Upgrade Shrine","player_choice":"Upgraded","floor":45.0,"gold_loss":0.0,"damage_taken":0.0,"cards_upgraded":["Whirlwind"]}],"is_beta":false,"boss_relics":[{"not_picked":["Mark of Pain","Tiny House"],"picked":"hubris:RunicObelisk"},{"not_picked":["Runic Pyramid","Philosopher\u0027s Stone"],"picked":"SacredBark"}],"items_purged_floors":[0,28],"is_endless":false,"potions_floor_spawned":[2,10,12,13,18,24,31,33,37,39,44,54],"killed_by":"The Heart","ascension_level":15}}