{"host":"udyc8f81k2jocuhg","time":1609946876,"event":{"mods":["2.2 Compatiblity","BaseMod","Better Third Choice","Colored Powertips","Conspire","Custom Start","GifTheSpireLib","Hermit","Minty Spire (QoL Compilation)","Permanent Neow","Quick Restart","Relic Filter","Relic Stats","Replay The Spire","Shop Mod","Spikes Relics","StSLib","Stuff the Spire"],"gold_per_floor":[115,133,146,165,184,184,197,235,261,279,279,279,279],"floor_reached":12,"playtime":370,"items_purged":[],"score":147,"play_id":"bd2543d6-8e42-49ac-a19b-d7cf5dac5768","local_time":"20210106162756","is_ascension_mode":true,"campfire_choices":[{"data":"A Thousand Cuts","floor":6.0,"key":"SMITH"},{"floor":11.0,"key":"REST"}],"circlet_count":0,"master_deck":["AscendersBane","Strike_G","Strike_G","Strike_G","Strike_G","Strike_G","Defend_G","Defend_G","Defend_G","Defend_G","Defend_G","Survivor","Neutralize","All Out Attack","Crippling Poison","A Thousand Cuts+1","All Out Attack"],"relics":["WristBlade","CeramicFish"],"acts_visited":["Exordium"],"potions_floor_usage":[],"damage_taken":[{"damage":8.0,"enemies":"Cultist","floor":1.0,"turns":6.0},{"damage":0.0,"enemies":"2 Louse","floor":2.0,"turns":3.0},{"damage":2.0,"enemies":"Jaw Worm","floor":3.0,"turns":4.0},{"damage":1.0,"enemies":"2 Fungi Beasts","floor":4.0,"turns":3.0},{"damage":5.0,"enemies":"3 Louse","floor":5.0,"turns":3.0},{"damage":15.0,"enemies":"Exordium Thugs","floor":7.0,"turns":5.0},{"damage":15.0,"enemies":"3 Sentries","floor":8.0,"turns":6.0},{"damage":3.0,"enemies":"2 Fungi Beasts","floor":10.0,"turns":4.0},{"damage":40,"enemies":"Gremlin Nob","floor":12,"turns":4}],"seed_played":"6228180623415891986","potions_obtained":[{"floor":2.0,"key":"Weak Potion"},{"floor":4.0,"key":"Fire Potion"},{"floor":5.0,"key":"Adrenaline Potion"}],"is_trial":false,"path_per_floor":["M","M","M","M","M","R","M","E","T","M","R","E"],"character_chosen":"THE_SILENT","items_purchased":[],"campfire_rested":1,"item_purchase_floors":[],"current_hp_per_floor":[51,51,49,48,43,43,28,13,13,10,29,0,0],"gold":279,"neow_bonus":"BOSS_RELIC","is_daily":false,"chose_seed":false,"campfire_upgraded":1,"win_rate":0.0,"timestamp":1609946876,"path_taken":["M","M","M","M","M","R","M","E","T","M","R","E"],"items_purchased_type":[],"build_version":"2020-12-22","purchased_purges":0,"victory":false,"max_hp_per_floor":[66,66,66,66,66,66,66,66,66,66,66,66,66],"relic_stats":{"counters":[9,38],"CeramicFish":9,"obtain_stats":[{"WristBlade":0,"CeramicFish":8,"Ring of the Snake":0},{"WristBlade":0,"CeramicFish":7,"Ring of the Snake":0},{"WristBlade":0,"CeramicFish":30,"Ring of the Snake":0}]},"card_choices":[{"not_picked":["Flying Knee","Underhanded Strike","Acrobatics"],"picked":"SKIP","floor":1.0},{"not_picked":["Skewer","Backflip"],"picked":"All Out Attack","floor":2.0},{"not_picked":["Dagger Throw","StuffTheSpire:BumpUp"],"picked":"Crippling Poison","floor":3.0},{"not_picked":["Hidden Blade","Prepared","Poisoned Stab"],"picked":"SKIP","floor":4.0},{"not_picked":["InfectiousVector","Dodge and Roll"],"picked":"A Thousand Cuts","floor":5.0},{"not_picked":["StuffTheSpire:BumpUp","Deadly Poison","Endless Agony"],"picked":"SKIP","floor":7.0},{"not_picked":["PiercingWail","Poison Darts"],"picked":"All Out Attack","floor":8.0},{"not_picked":["StuffTheSpire:Fury","StuffTheSpire:BumpUp","Sneak Up"],"picked":"SKIP","floor":10.0}],"player_experience":1946944,"relics_obtained":[{"floor":8.0,"key":"CeramicFish"}],"event_choices":[],"is_beta":false,"boss_relics":[],"items_purged_floors":[],"is_endless":false,"potions_floor_spawned":[2,4,5],"killed_by":"Gremlin Nob","ascension_level":15}}