{"host":"7pe9xwx78c6nlay8","time":1609926379,"event":{"mods":["BaseMod","Minty Spire (QoL Compilation)"],"gold_per_floor":[113,263,363,378,54,82,82,99,154,183,149,172,186,216,216,216,216],"floor_reached":16,"playtime":730,"items_purged":[],"score":243,"play_id":"4fdde970-edeb-442c-be27-048e63b15e37","local_time":"20210106174619","is_ascension_mode":true,"campfire_choices":[{"data":"Eruption","floor":7.0,"key":"SMITH"},{"floor":15,"key":"REST"}],"circlet_count":0,"master_deck":["AscendersBane","Strike_P","Strike_P","Strike_P","Strike_P","Defend_P","Defend_P+1","Defend_P","Defend_P","Eruption+1","Vigilance","DeceiveReality","Doubt","PathToVictory","WaveOfTheHand+1","ThirdEye","SandsOfTime","Weave"],"relics":["PureWater","NeowsBlessing","Blood Vial","Strange Spoon","Akabeko","Lantern","Bag of Marbles","Juzu Bracelet","War Paint"],"acts_visited":["Exordium"],"potions_floor_usage":[10,16],"damage_taken":[{"damage":0.0,"enemies":"2 Louse","floor":1.0,"turns":1.0},{"damage":0.0,"enemies":"Cultist","floor":4.0,"turns":1.0},{"damage":0.0,"enemies":"Gremlin Nob","floor":6.0,"turns":1.0},{"damage":1.0,"enemies":"Jaw Worm","floor":8.0,"turns":3.0},{"damage":47,"enemies":"3 Sentries","floor":10,"turns":18},{"damage":11,"enemies":"Exordium Thugs","floor":11,"turns":7},{"damage":0,"enemies":"2 Fungi Beasts","floor":13,"turns":4},{"damage":61,"enemies":"Hexaghost","floor":16,"turns":16}],"seed_played":"-5671644833189602210","potions_obtained":[{"floor":4.0,"key":"ColorlessPotion"},{"floor":6.0,"key":"Ancient Potion"},{"floor":8.0,"key":"FairyPotion"},{"floor":11,"key":"StancePotion"}],"is_trial":false,"path_per_floor":["M","?","?","M","$","E","R","M","T","E","M","T","M","?","R","B"],"character_chosen":"WATCHER","items_purchased":["Blood Vial","Strange Spoon"],"campfire_rested":1,"item_purchase_floors":[5,5],"current_hp_per_floor":[61,61,61,61,61,63,63,64,64,19,10,10,12,12,32,0,0],"gold":216,"neow_bonus":"THREE_ENEMY_KILL","is_daily":false,"chose_seed":false,"campfire_upgraded":1,"win_rate":0.0,"timestamp":1609926379,"path_taken":["M","?","?","?","$","E","R","?","T","E","M","?","M","?","R","BOSS"],"items_purchased_type":["Relic","Relic"],"build_version":"2020-12-22","purchased_purges":0,"victory":false,"max_hp_per_floor":[68,68,68,68,68,68,68,68,68,68,68,68,68,68,68,68,68],"card_choices":[{"not_picked":["CrushJoints","FlurryOfBlows"],"picked":"DeceiveReality","floor":1.0},{"not_picked":["Vengeance","CrushJoints"],"picked":"PathToVictory","floor":4.0},{"not_picked":["Halt","JustLucky"],"picked":"WaveOfTheHand","floor":6.0},{"not_picked":["Crescendo","BowlingBash"],"picked":"ThirdEye","floor":8.0},{"not_picked":["BattleHymn","Indignation","Fasting2"],"picked":"SKIP","floor":10},{"not_picked":["CutThroughFate","Prostrate"],"picked":"SandsOfTime","floor":11},{"not_picked":["ThirdEye","Conclude"],"picked":"Weave","floor":13}],"player_experience":1607001,"relics_obtained":[{"floor":6.0,"key":"Akabeko"},{"floor":9.0,"key":"Lantern"},{"floor":10,"key":"Bag of Marbles"},{"floor":12,"key":"Juzu Bracelet"}],"event_choices":[{"damage_healed":0.0,"max_hp_gain":0.0,"max_hp_loss":0.0,"gold_gain":150.0,"event_name":"Liars Game","player_choice":"AGREE","floor":2.0,"gold_loss":0.0,"damage_taken":0.0,"cards_obtained":["Doubt"]},{"damage_healed":0.0,"max_hp_gain":0.0,"max_hp_loss":0.0,"gold_gain":100.0,"event_name":"Wheel of Change","player_choice":"Gold","floor":3.0,"gold_loss":0.0,"damage_taken":0.0},{"damage_healed":0,"gold_gain":30,"player_choice":"Searched \u00273\u0027 times","damage_taken":0,"relics_obtained":["War Paint"],"max_hp_gain":0,"max_hp_loss":0,"event_name":"Dead Adventurer","floor":14,"gold_loss":0}],"is_beta":false,"boss_relics":[],"items_purged_floors":[],"is_endless":false,"potions_floor_spawned":[4,6,8,11],"killed_by":"Hexaghost","ascension_level":16}}