{"host":"haq22x9zdvtvc76a","time":1609906745,"event":{"mods":["100% Spire Juice","Arknights The Spire","BaseMod","Minty Spire (QoL Compilation)","StSLib"],"gold_per_floor":[114,133,147,166,180,60,70,101,101,101,38,38,38,53,53,152,32,42,60,70,90,100,100,125,125,151,151,162,162,162,162,162,265,265,265],"floor_reached":34,"playtime":2281,"items_purged":[],"score":451,"play_id":"06ab7948-9a42-4bfa-afed-b297c5f94ee6","local_time":"20210105231905","is_ascension_mode":false,"campfire_choices":[{"data":"Moonworks:MiracleWalker","floor":6,"key":"SMITH"},{"floor":10,"key":"REST"},{"data":"Moonworks:Ambush","floor":13,"key":"SMITH"},{"data":"Moonworks:DevilHand","floor":15,"key":"SMITH"},{"data":"Moonworks:TacticalRetreat","floor":23,"key":"SMITH"},{"data":"Moonworks:PlushieMaster","floor":27,"key":"SMITH"},{"data":"Moonworks:MetallicMonocoque","floor":32,"key":"SMITH"}],"circlet_count":0,"master_deck":["Moonworks:Defend+1","Moonworks:Defend+1","Moonworks:Defend+1","Moonworks:Ambush+1","Moonworks:LongDistanceShot","Moonworks:MiracleWalker+1","Moonworks:SakisCookie","Moonworks:DevilHand+1","Moonworks:EvilSpyWorkPreparation","Moonworks:WindyEnchantment","Moonworks:TacticalRetreat+1","Moonworks:PlushieMaster+1","Moonworks:SealedMemories+1","Moonworks:DeployBits+1","Moonworks:IndiscriminateFireSupport+1","Moonworks:AngelHand","Moonworks:LuckyCharm+1","Moonworks:MetallicMonocoque+1","Moonworks:Wanted"],"relics":["Moonworks:BrokenBomb","Moonworks:Homemark","Ginger","Moonworks:LittleGull","Astrolabe","Letter Opener","MealTicket","Empty Cage"],"acts_visited":["Exordium","TheCity","TheBeyond"],"potions_floor_usage":[7,33,33],"damage_taken":[{"damage":6,"enemies":"2 Louse","floor":1,"turns":3},{"damage":4,"enemies":"Jaw Worm","floor":2,"turns":4},{"damage":5,"enemies":"Small Slimes","floor":3,"turns":2},{"damage":14,"enemies":"Blue Slaver","floor":4,"turns":4},{"damage":14,"enemies":"3 Louse","floor":5,"turns":3},{"damage":10,"enemies":"Large Slime","floor":7,"turns":7},{"damage":18,"enemies":"Gremlin Nob","floor":8,"turns":4},{"damage":11,"enemies":"Exordium Wildlife","floor":14,"turns":2},{"damage":9,"enemies":"Hexaghost","floor":16,"turns":9},{"damage":4,"enemies":"2 Thieves","floor":18,"turns":3},{"damage":0,"enemies":"Spheric Guardian","floor":19,"turns":2},{"damage":2,"enemies":"Snake Plant","floor":20,"turns":4},{"damage":0,"enemies":"Cultist and Chosen","floor":21,"turns":3},{"damage":6,"enemies":"Centurion and Healer","floor":22,"turns":2},{"damage":0,"enemies":"Gremlin Leader","floor":24,"turns":5},{"damage":10,"enemies":"Snake Plant","floor":28,"turns":4},{"damage":0,"enemies":"Champ","floor":33,"turns":6}],"seed_played":"2473468093622949388","potions_obtained":[{"floor":2,"key":"SkillPotion"},{"floor":4,"key":"SneckoOil"},{"floor":14,"key":"SteroidPotion"},{"floor":19,"key":"EntropicBrew"},{"floor":33,"key":"Weak Potion"}],"is_trial":false,"path_per_floor":["M","M","M","M","M","R","M","E","T","R","?","$","R","M","R","B",null,"M","M","M","M","M","R","E","?","T","R","M","?","?","?","R","B",null],"character_chosen":"THE_STARBREAKER","items_purchased":[],"campfire_rested":1,"item_purchase_floors":[],"current_hp_per_floor":[60,56,54,42,30,30,18,2,2,21,21,21,21,14,14,9,66,66,66,66,66,64,64,66,66,66,66,60,60,60,60,60,64,66,66],"gold":265,"neow_bonus":"TEN_PERCENT_HP_BONUS","is_daily":false,"chose_seed":false,"campfire_upgraded":6,"win_rate":0.0,"timestamp":1609906745,"path_taken":["M","M","M","M","M","R","M","E","T","R","?","?","R","M","R","BOSS","M","M","M","M","M","R","E","?","T","R","M","?","?","?","R","BOSS"],"items_purchased_type":[],"build_version":"2020-12-22","purchased_purges":0,"victory":false,"max_hp_per_floor":[66,66,66,66,66,66,66,66,66,66,66,66,66,66,66,66,66,66,66,66,66,66,66,66,66,66,66,66,66,66,66,66,66,66,66],"card_choices":[{"not_picked":["Moonworks:NicePresent","Moonworks:TacticalRetreat"],"picked":"Moonworks:MiracleWalker","floor":1},{"not_picked":["Moonworks:IndiscriminateFireSupport","Moonworks:DeployBits"],"picked":"Moonworks:SakisCookie","floor":2},{"not_picked":["Moonworks:CloudOfSeagulls","Moonworks:SakisCookie"],"picked":"Moonworks:DevilHand","floor":3},{"not_picked":["Moonworks:DeployBits","Moonworks:NicePresent","Moonworks:Assault"],"picked":"SKIP","floor":4},{"not_picked":["Moonworks:JonathanRush","Moonworks:Heat300Percent","Moonworks:Accelerator"],"picked":"SKIP","floor":5},{"not_picked":["Moonworks:DeployBits","Moonworks:Assault"],"picked":"Moonworks:EvilSpyWorkPreparation","floor":7},{"not_picked":["Moonworks:MiracleWalker","Moonworks:BigMagnum"],"picked":"Moonworks:WindyEnchantment","floor":8},{"not_picked":["Moonworks:LulusLuckyEgg","Moonworks:MeltingMemories"],"picked":"Moonworks:TacticalRetreat","floor":14},{"not_picked":["Moonworks:RocketCannon","Moonworks:ReflectiveShell"],"picked":"Moonworks:PlushieMaster","floor":16},{"not_picked":["Moonworks:Assault","Moonworks:JonathanRush","Moonworks:BigMagnum"],"picked":"SKIP","floor":18},{"not_picked":["Moonworks:UnpaidWork","Moonworks:RagingMadness","Moonworks:SakisCookie"],"picked":"SKIP","floor":19},{"not_picked":["Moonworks:IndiscriminateFireSupport","Moonworks:ImOnFire","Moonworks:Assault"],"picked":"SKIP","floor":20},{"not_picked":["Moonworks:AngelHand","Moonworks:BigMagnum","Moonworks:DeployBits"],"picked":"SKIP","floor":21},{"not_picked":["Moonworks:BigMagnum","Moonworks:DeployBits"],"picked":"Moonworks:AngelHand","floor":21},{"not_picked":["Moonworks:EvilSpyWorkPreparation","Moonworks:BigMagnum","Moonworks:ExtendedPhotonRifle"],"picked":"SKIP","floor":22},{"not_picked":["Moonworks:Heat300Percent+1","Moonworks:EvilSpyWorkPreparation"],"picked":"Moonworks:LuckyCharm+1","floor":24},{"not_picked":["Moonworks:EvilSpyWorkPreparation","Moonworks:ImOnFire+1","Moonworks:Assault"],"picked":"SKIP","floor":28},{"not_picked":["Moonworks:MetallicMonocoque","Moonworks:WeAreWaruda"],"picked":"Moonworks:Wanted","floor":33}],"player_experience":1294917,"relics_obtained":[{"floor":8,"key":"Ginger"},{"floor":9,"key":"Moonworks:LittleGull"},{"floor":24,"key":"Letter Opener"},{"floor":26,"key":"MealTicket"}],"event_choices":[{"damage_healed":0,"gold_gain":57,"player_choice":"Gained Gold","damage_taken":0,"max_hp_gain":0,"max_hp_loss":0,"event_name":"Golden Wing","floor":11,"gold_loss":0},{"damage_healed":0,"gold_gain":0,"player_choice":"Simplicity","damage_taken":0,"max_hp_gain":0,"max_hp_loss":0,"event_name":"Back to Basics","floor":25,"gold_loss":0,"cards_upgraded":["Moonworks:Strike","Moonworks:Defend","Moonworks:Defend","Moonworks:Defend","Moonworks:Defend"]},{"damage_healed":0,"gold_gain":0,"player_choice":"Read","damage_taken":0,"max_hp_gain":0,"max_hp_loss":0,"event_name":"The Library","floor":29,"gold_loss":0,"cards_obtained":["Moonworks:MetallicMonocoque"]},{"damage_healed":0,"gold_gain":0,"player_choice":"Ignored","damage_taken":0,"max_hp_gain":0,"max_hp_loss":0,"event_name":"Ghosts","floor":30,"gold_loss":0},{"damage_healed":0,"gold_gain":0,"player_choice":"Ignored","damage_taken":0,"max_hp_gain":0,"max_hp_loss":0,"event_name":"Vampires","floor":31,"gold_loss":0}],"is_beta":false,"boss_relics":[{"not_picked":["Velvet Choker","Cursed Key"],"picked":"Astrolabe"},{"not_picked":["Sozu","Black Star"],"picked":"Empty Cage"}],"items_purged_floors":[],"is_endless":false,"potions_floor_spawned":[2,4,14,19,22,33],"ascension_level":0}}