{"host":"dgf4n6lo35jtjz0c","time":1609896144,"event":{"mods":["AchievementEnabler","BaseMod","Bestiary","Colored Powertips","Minty Spire (QoL Compilation)"],"gold_per_floor":[118,133,133,145,22,22,40,58,58,58,71,71,94,94,94,225,225,241,241,7,7,7],"floor_reached":21,"playtime":1174,"items_purged":["Strike_B","Strike_B"],"score":169,"play_id":"b3abb4ff-e6d1-4fb0-bfe2-bd03b40fe82b","local_time":"20210106122224","is_ascension_mode":false,"campfire_choices":[{"data":"Zap","floor":6.0,"key":"SMITH"},{"data":"Hologram","floor":10.0,"key":"SMITH"},{"floor":12.0,"key":"REST"},{"data":"Consume","floor":15.0,"key":"SMITH"}],"circlet_count":0,"master_deck":["Strike_B","Defend_B","Defend_B","Defend_B","Defend_B","Zap+1","Dualcast","Fission+1","Stack","Tempest","Self Repair","Ball Lightning","Aggregate","Hologram+1","Aggregate","Consume+1","All For One","Conserve Battery","Streamline","Heatsinks","Stack"],"relics":["Cracked Core","Bottled Tornado","Odd Mushroom","Golden Idol","Philosopher\u0027s Stone"],"acts_visited":["Exordium","TheCity"],"potions_floor_usage":[18,18],"damage_taken":[{"damage":5.0,"enemies":"Jaw Worm","floor":1.0,"turns":5.0},{"damage":10.0,"enemies":"Cultist","floor":2.0,"turns":5.0},{"damage":0.0,"enemies":"2 Louse","floor":4.0,"turns":2.0},{"damage":13.0,"enemies":"Large Slime","floor":7.0,"turns":5.0},{"damage":4.0,"enemies":"Blue Slaver","floor":8.0,"turns":3.0},{"damage":11.0,"enemies":"Exordium Wildlife","floor":11.0,"turns":4.0},{"damage":7.0,"enemies":"The Mushroom Lair","floor":13.0,"turns":3.0},{"damage":51.0,"enemies":"The Guardian","floor":16.0,"turns":11.0},{"damage":30,"enemies":"2 Thieves","floor":18,"turns":4},{"damage":63,"enemies":"Masked Bandits","floor":21,"turns":3}],"seed_played":"3770763529262870746","potions_obtained":[{"floor":2.0,"key":"Dexterity Potion"},{"floor":7.0,"key":"Dexterity Potion"},{"floor":8.0,"key":"DistilledChaos"},{"floor":18,"key":"Energy Potion"}],"is_trial":false,"path_per_floor":["M","M","?","M","$","R","M","M","T","R","M","R","?","?","R","B",null,"M","?","$","?"],"character_chosen":"DEFECT","items_purchased":["Ball Lightning","Streamline","Heatsinks","Stack"],"campfire_rested":1,"item_purchase_floors":[5,20,20,20],"current_hp_per_floor":[70,60,60,60,60,60,54,57,57,57,53,75,75,57,57,13,75,52,52,52,0,0],"gold":7,"neow_bonus":"ONE_RANDOM_RARE_CARD","is_daily":false,"chose_seed":false,"campfire_upgraded":3,"win_rate":0.0,"timestamp":1609896144,"path_taken":["M","M","?","?","?","R","M","?","T","R","M","R","?","?","R","BOSS","M","?","$","?"],"items_purchased_type":["Card","Card","Card","Card"],"build_version":"2020-12-22","purchased_purges":2,"victory":false,"max_hp_per_floor":[75,75,75,75,75,75,75,75,75,75,75,75,75,75,75,75,75,75,75,75,75,75],"card_choices":[{"not_picked":["Leap","Compile Driver"],"picked":"Stack","floor":1.0},{"not_picked":["Hologram","Beam Cell"],"picked":"Tempest","floor":2.0},{"not_picked":["Leap","Compile Driver"],"picked":"Self Repair","floor":4.0},{"not_picked":["Rebound","Ball Lightning"],"picked":"Aggregate","floor":7.0},{"not_picked":["Reprogram","Go for the Eyes"],"picked":"Hologram","floor":8.0},{"not_picked":["Barrage","Multi-Cast"],"picked":"Aggregate","floor":11.0},{"not_picked":["Auto Shields","Redo"],"picked":"Consume","floor":13.0},{"not_picked":["Buffer","Core Surge"],"picked":"All For One","floor":16.0},{"not_picked":["Barrage","Coolheaded"],"picked":"Conserve Battery","floor":18}],"player_experience":87658,"relics_obtained":[{"floor":9.0,"key":"Bottled Tornado"},{"floor":13.0,"key":"Odd Mushroom"}],"event_choices":[{"damage_healed":0.0,"max_hp_gain":0.0,"max_hp_loss":0.0,"gold_gain":0.0,"event_name":"Upgrade Shrine","player_choice":"Upgraded","floor":3.0,"gold_loss":0.0,"damage_taken":0.0,"cards_upgraded":["Fission"]},{"damage_healed":0.0,"max_hp_gain":0.0,"max_hp_loss":0.0,"gold_gain":0.0,"event_name":"Mushrooms","player_choice":"Fought Mushrooms","floor":13.0,"gold_loss":0.0,"damage_taken":0.0},{"damage_healed":0.0,"max_hp_gain":0.0,"max_hp_loss":0.0,"gold_gain":0.0,"event_name":"Golden Idol","player_choice":"Take Damage","floor":14.0,"gold_loss":0.0,"damage_taken":18.0,"relics_obtained":["Golden Idol"]},{"cards_removed":["Strike_B"],"damage_healed":0,"gold_gain":0,"player_choice":"Elegance","damage_taken":0,"max_hp_gain":0,"max_hp_loss":0,"event_name":"Back to Basics","floor":19,"gold_loss":0},{"damage_healed":0,"gold_gain":0,"player_choice":"Fought Bandits","damage_taken":0,"max_hp_gain":0,"max_hp_loss":0,"event_name":"Masked Bandits","floor":21,"gold_loss":0}],"is_beta":false,"boss_relics":[{"not_picked":["Black Star","Snecko Eye"],"picked":"Philosopher\u0027s Stone"}],"items_purged_floors":[5,20],"is_endless":false,"potions_floor_spawned":[2,7,8,18],"killed_by":"Masked Bandits","ascension_level":0}}