{"host":"sbgxqx7mo4t572vt","time":1609967849,"event":{"mods":["AchievementEnabler","BaseMod","Googly Eyes","Minty Spire (QoL Compilation)","Replay The Spire","StSLib"],"gold_per_floor":[110,124,143,143,143,169,8,8,8],"floor_reached":8,"playtime":159,"items_purged":["Strike_R"],"score":112,"play_id":"6bef51d8-59ba-43f6-a262-a99b00ad8c7a","local_time":"20210106231729","is_ascension_mode":true,"campfire_choices":[],"circlet_count":0,"master_deck":["AscendersBane","Strike_R","Strike_R","Strike_R","Strike_R","Defend_R","Defend_R","Defend_R","Bash","Shrug It Off","Carnage","Headbutt","ReplayTheSpireMod:Muscle Training","Eclipse"],"relics":["Burning Blood","NeowsBlessing","ReplayTheSpireMod:Spearhead","PreservedInsect"],"acts_visited":["Exordium"],"potions_floor_usage":[],"damage_taken":[{"damage":0,"enemies":"Small Slimes","floor":1,"turns":1},{"damage":0,"enemies":"Jaw Worm","floor":2,"turns":1},{"damage":0,"enemies":"2 Louse","floor":3,"turns":1},{"damage":40,"enemies":"Lagavulin","floor":6,"turns":5},{"damage":25,"enemies":"3 Sentries","floor":8,"turns":4}],"seed_played":"-2028470159179950966","potions_obtained":[{"floor":2,"key":"Venom Potion"},{"floor":3,"key":"Dexterity Potion"}],"is_trial":false,"path_per_floor":["M","M","M","?","?","E","$","E"],"character_chosen":"IRONCLAD","items_purchased":["Eclipse"],"campfire_rested":0,"item_purchase_floors":[7],"current_hp_per_floor":[74,75,75,75,57,23,23,0,0],"gold":8,"neow_bonus":"THREE_ENEMY_KILL","is_daily":false,"chose_seed":false,"campfire_upgraded":0,"win_rate":0.0,"timestamp":1609967849,"path_taken":["M","M","M","?","?","E","$","E"],"items_purchased_type":["Card"],"build_version":"2020-12-22","purchased_purges":1,"victory":false,"max_hp_per_floor":[75,75,75,75,75,75,75,75,75],"card_choices":[{"not_picked":["Clash","Flex"],"picked":"Shrug It Off","floor":1},{"not_picked":["Metallicize","Shrug It Off"],"picked":"Carnage","floor":2},{"not_picked":["Infernal Blade","Iron Wave"],"picked":"Headbutt","floor":3},{"not_picked":["Clothesline","Hemokinesis"],"picked":"ReplayTheSpireMod:Muscle Training","floor":6}],"player_experience":293608,"relics_obtained":[{"floor":6,"key":"PreservedInsect"}],"event_choices":[{"damage_healed":0,"gold_gain":0,"player_choice":"Success","damage_taken":18,"relics_obtained":["ReplayTheSpireMod:Spearhead"],"max_hp_gain":0,"max_hp_loss":0,"event_name":"Scrap Ooze","floor":5,"gold_loss":0}],"is_beta":false,"boss_relics":[],"items_purged_floors":[7],"is_endless":false,"potions_floor_spawned":[2,3],"killed_by":"3 Sentries","ascension_level":20}}