{"host":"3xramekeme16g407","time":1609959901,"event":{"mods":["2.2 Compatiblity","AchievementEnabler","BaseMod","Bestiary","Minty Spire (QoL Compilation)","Relic Stats","StSLib"],"gold_per_floor":[119,119,138,157,157,157,175,200,226,226,258,130,130,146,146,242,242,258,275,100,117,131,131,131],"floor_reached":23,"playtime":1819,"items_purged":["Strike_B"],"score":228,"play_id":"d37d14e4-3383-46a2-9c2a-a6d8267261ee","local_time":"20210106110501","is_ascension_mode":false,"campfire_choices":[{"data":"Tempest","floor":6.0,"key":"SMITH"},{"floor":13.0,"key":"REST"},{"data":"Blizzard","floor":15.0,"key":"SMITH"}],"circlet_count":0,"master_deck":["Strike_B","Strike_B","Strike_B","Defend_B","Defend_B","Defend_B","Zap","Dualcast","Leap","Reinforced Body+1","Doom and Gloom","Tempest+1","Electrodynamics+1","Glacier","Blizzard+1","Cold Snap","Multi-Cast","White Noise","Redo","Seek","Double Energy"],"relics":["FrozenCore","Centennial Puzzle","Art of War","Bronze Scales","Tiny Chest"],"acts_visited":["Exordium","TheCity"],"potions_floor_usage":[23],"damage_taken":[{"damage":0.0,"enemies":"Small Slimes","floor":1.0,"turns":4.0},{"damage":1.0,"enemies":"Cultist","floor":3.0,"turns":3.0},{"damage":0.0,"enemies":"Jaw Worm","floor":4.0,"turns":3.0},{"damage":2.0,"enemies":"Exordium Wildlife","floor":7.0,"turns":2.0},{"damage":16.0,"enemies":"Gremlin Nob","floor":8.0,"turns":3.0},{"damage":0.0,"enemies":"Lagavulin","floor":11.0,"turns":5.0},{"damage":0.0,"enemies":"Exordium Thugs","floor":14.0,"turns":3.0},{"damage":25.0,"enemies":"The Guardian","floor":16.0,"turns":12.0},{"damage":8,"enemies":"Chosen","floor":18,"turns":8},{"damage":11,"enemies":"Shell Parasite","floor":19,"turns":6},{"damage":23,"enemies":"Centurion and Healer","floor":21,"turns":3},{"damage":20,"enemies":"Snake Plant","floor":22,"turns":4},{"damage":20,"enemies":"Gremlin Leader","floor":23,"turns":3}],"seed_played":"427664760893866786","potions_obtained":[{"floor":3.0,"key":"Strength Potion"},{"floor":7.0,"key":"SkillPotion"},{"floor":11.0,"key":"BlessingOfTheForge"},{"floor":18,"key":"FocusPotion"}],"is_trial":false,"path_per_floor":["M","?","M","M","?","R","M","E","T","?","E","$","R","M","R","B",null,"M","M","$","M","M","E"],"character_chosen":"DEFECT","items_purchased":["Cold Snap","Redo","FocusPotion","GamblersBrew"],"campfire_rested":1,"item_purchase_floors":[12,20,20,20],"current_hp_per_floor":[75,72,71,71,71,71,69,53,53,38,38,38,60,60,60,35,75,67,56,56,33,13,0,0],"gold":131,"neow_bonus":"RANDOM_COMMON_RELIC","is_daily":false,"chose_seed":false,"campfire_upgraded":2,"win_rate":0.0,"timestamp":1609959901,"path_taken":["M","?","M","M","?","R","?","E","T","?","E","?","R","M","R","BOSS","M","M","$","M","M","E"],"items_purchased_type":["Card","Card","Potion","Potion"],"build_version":"2020-12-22","purchased_purges":1,"victory":false,"max_hp_per_floor":[75,75,75,75,75,75,75,75,75,75,75,75,75,75,75,75,75,75,75,75,75,75,75,75],"relic_stats":{"Centennial Puzzle":[27],"counters":[12,55],"Bronze Scales":[129],"Tiny Chest":0,"Art of War":[25],"obtain_stats":[{"Centennial Puzzle":0,"Bronze Scales":8,"Tiny Chest":11,"Art of War":0,"Cracked Core":0,"FrozenCore":17},{"Centennial Puzzle":0,"Bronze Scales":4,"Tiny Chest":5,"Art of War":0,"Cracked Core":0,"FrozenCore":7},{"Centennial Puzzle":0,"Bronze Scales":11,"Tiny Chest":16,"Art of War":0,"Cracked Core":0,"FrozenCore":31}],"FrozenCore":[5]},"card_choices":[{"not_picked":["Go for the Eyes","Streamline"],"picked":"Leap","floor":1.0},{"not_picked":["Go for the Eyes","Force Field"],"picked":"Reinforced Body","floor":3.0},{"not_picked":["Steam","Sweeping Beam"],"picked":"Doom and Gloom","floor":4.0},{"not_picked":["Leap","Go for the Eyes"],"picked":"Electrodynamics","floor":7.0},{"not_picked":["Streamline","Ball Lightning"],"picked":"Glacier","floor":8.0},{"not_picked":["Rebound","Sweeping Beam"],"picked":"Blizzard","floor":11.0},{"not_picked":["Turbo","Rebound","Compile Driver"],"picked":"SKIP","floor":14.0},{"not_picked":["Reboot","Seek"],"picked":"Multi-Cast","floor":16.0},{"not_picked":["Streamline","Go for the Eyes+1","Turbo"],"picked":"SKIP","floor":18},{"not_picked":["Leap","Compile Driver"],"picked":"White Noise","floor":19},{"not_picked":["Static Discharge+1","Ball Lightning"],"picked":"Seek","floor":21},{"not_picked":["Hologram","Ball Lightning"],"picked":"Double Energy","floor":22}],"player_experience":433485,"relics_obtained":[{"floor":8.0,"key":"Bronze Scales"},{"floor":11.0,"key":"Tiny Chest"}],"event_choices":[{"damage_healed":0.0,"max_hp_gain":0.0,"max_hp_loss":0.0,"gold_gain":0.0,"event_name":"Scrap Ooze","player_choice":"Success","floor":2.0,"gold_loss":0.0,"damage_taken":3.0,"relics_obtained":["Art of War"]},{"damage_healed":0.0,"max_hp_gain":0.0,"max_hp_loss":0.0,"gold_gain":0.0,"cards_transformed":["Defend_B"],"event_name":"Transmorgrifier","player_choice":"Transformed","floor":5.0,"gold_loss":0.0,"damage_taken":0.0,"cards_obtained":["Tempest"]},{"damage_healed":0.0,"max_hp_gain":0.0,"max_hp_loss":0.0,"gold_gain":0.0,"event_name":"Shining Light","player_choice":"Entered Light","floor":10.0,"gold_loss":0.0,"damage_taken":15.0,"cards_upgraded":["Electrodynamics","Reinforced Body"]}],"is_beta":false,"boss_relics":[{"not_picked":["SacredBark","Coffee Dripper"],"picked":"FrozenCore"}],"items_purged_floors":[12],"is_endless":false,"potions_floor_spawned":[3,7,11,18,22],"killed_by":"Gremlin Leader","ascension_level":0}}