{"host":"gzwwvnucm264f2jm","time":1609899132,"event":{"mods":["AchievementEnabler","BaseMod","Better Note","BetterRewards","Colored Map","Curses Come First","Googly Eyes","Minty Spire (QoL Compilation)","Permanent Neow","Quick Restart","Rare Cards Sparkle","Slay-I","Spicy Shops","StSLib","SuperFastMode"],"gold_per_floor":[113,113,129,149,164,176,220,232,244,256,288,300,327,355,367,480,492,524,536,560,582,594,606,632,644,656,683,707,744,322,431,431,534,534,553,563,613,613,628,483,499,499,524,534,534,544,544,579,579,579],"floor_reached":51,"playtime":1376,"items_purged":["Wraith Form v2"],"score":953,"play_id":"d66511a0-fbc9-4489-86ce-6bd073d45f80","local_time":"20210105211212","daily_mods":["SealedDeck","Vintage","Uncertain Future"],"is_ascension_mode":false,"campfire_choices":[{"data":"Tactician","floor":6,"key":"SMITH"},{"data":"Tactician","floor":8,"key":"SMITH"},{"data":"Acrobatics","floor":15,"key":"SMITH"},{"data":"Blur","floor":23,"key":"SMITH"},{"data":"Blade Dance","floor":25,"key":"SMITH"},{"data":"Acrobatics","floor":32,"key":"SMITH"},{"data":"Accuracy","floor":45,"key":"SMITH"},{"data":"Accuracy","floor":47,"key":"SMITH"},{"floor":49,"key":"REST"}],"circlet_count":0,"master_deck":["Acrobatics+1","Accuracy+1","Accuracy+1","Blade Dance+1","Blur+1","Tactician+1","Tactician+1","Acrobatics+1"],"relics":["Unceasing Top","Pen Nib","Shuriken","InkBottle","MawBank","Toy Ornithopter","Bag of Marbles","Blood Vial","Regal Pillow","CeramicFish","HoveringKite","Orichalcum","Bottled Tornado","Akabeko","MutagenicStrength","Pear","Darkstone Periapt","Eternal Feather","Smiling Mask","War Paint","Singing Bowl","Chemical X","FossilizedHelix","Molten Egg 2","Boot","CaptainsWheel","Calipers","Turnip","Medical Kit","PreservedInsect","Vajra","Nunchaku","Meat on the Bone"],"acts_visited":["Exordium","TheCity","TheBeyond"],"potions_floor_usage":[50],"damage_taken":[{"damage":5,"enemies":"Small Slimes","floor":1,"turns":3},{"damage":0,"enemies":"Cultist","floor":3,"turns":2},{"damage":6,"enemies":"Jaw Worm","floor":4,"turns":2},{"damage":14,"enemies":"3 Louse","floor":5,"turns":2},{"damage":9,"enemies":"3 Sentries","floor":7,"turns":3},{"damage":2,"enemies":"Blue Slaver","floor":11,"turns":2},{"damage":1,"enemies":"Looter","floor":13,"turns":3},{"damage":6,"enemies":"3 Louse","floor":14,"turns":3},{"damage":6,"enemies":"Slime Boss","floor":16,"turns":5},{"damage":0,"enemies":"Spheric Guardian","floor":18,"turns":3},{"damage":0,"enemies":"Chosen","floor":20,"turns":2},{"damage":0,"enemies":"Snake Plant","floor":21,"turns":3},{"damage":0,"enemies":"Chosen and Byrds","floor":24,"turns":2},{"damage":0,"enemies":"3 Cultists","floor":27,"turns":2},{"damage":0,"enemies":"Centurion and Healer","floor":28,"turns":2},{"damage":4,"enemies":"Book of Stabbing","floor":29,"turns":2},{"damage":0,"enemies":"Colosseum Slavers","floor":31,"turns":1},{"damage":0,"enemies":"Colosseum Nobs","floor":31,"turns":2},{"damage":0,"enemies":"Automaton","floor":33,"turns":1},{"damage":0,"enemies":"3 Darklings","floor":35,"turns":1},{"damage":0,"enemies":"Orb Walker","floor":36,"turns":2},{"damage":0,"enemies":"Mind Bloom Boss Battle","floor":37,"turns":1},{"damage":0,"enemies":"4 Shapes","floor":39,"turns":1},{"damage":0,"enemies":"Spire Growth","floor":41,"turns":1},{"damage":0,"enemies":"Maw","floor":44,"turns":1},{"damage":0,"enemies":"Sphere and 2 Shapes","floor":46,"turns":1},{"damage":0,"enemies":"Nemesis","floor":48,"turns":1},{"damage":25,"enemies":"Time Eater","floor":50,"turns":5}],"seed_played":"8894440134413220327","potions_obtained":[{"floor":1,"key":"SteroidPotion"},{"floor":4,"key":"DistilledChaos"},{"floor":11,"key":"GhostInAJar"},{"floor":18,"key":"Block Potion"}],"is_trial":true,"path_per_floor":["M","?","M","M","M","R","E","R","T","$","M","?","M","M","R","B",null,"M","?","M","M","?","R","M","R","T","M","M","E","$","?","R","B",null,"M","M","?","?","M","$","M","?","T","M","R","M","R","E","R","B",null],"character_chosen":"THE_SILENT","items_purchased":["Singing Bowl","Chemical X","Medical Kit"],"campfire_rested":1,"item_purchase_floors":[30,30,40],"current_hp_per_floor":[65,70,70,64,50,50,41,41,41,41,39,39,40,36,36,32,70,70,70,70,70,70,70,80,80,80,80,80,76,76,80,80,82,82,82,82,84,84,84,84,84,80,80,82,85,87,90,92,92,67],"gold":579,"neow_bonus":"","is_daily":false,"chose_seed":false,"campfire_upgraded":8,"win_rate":0.0,"timestamp":1609899132,"path_taken":["M","?","M","M","?","R","E","R","T","$","M","?","M","M","R","BOSS","M","?","M","M","?","R","M","R","T","M","M","E","$","?","R","BOSS","M","M","?","?","M","$","M","?","T","M","R","M","R","E","R","BOSS"],"items_purchased_type":["Relic","Relic","Relic"],"build_version":"2020-12-22","purchased_purges":1,"victory":true,"max_hp_per_floor":[70,70,70,70,70,70,70,70,70,70,70,70,70,70,70,70,70,70,70,70,70,70,70,80,80,80,80,80,80,80,80,80,82,82,82,82,84,84,84,84,84,90,90,90,90,90,90,92,92,92],"card_choices":[{"not_picked":["Dodge and Roll","Acrobatics"],"picked":"Wraith Form v2","floor":7},{"not_picked":["Dodge and Roll+1","Endless Agony","Poisoned Stab"],"picked":"SKIP","floor":29},{"not_picked":["Concentrate","Endless Agony+1"],"picked":"Acrobatics","floor":31},{"not_picked":["Doppelganger","Unload+1","Glass Knife+1"],"picked":"Singing Bowl","floor":33},{"not_picked":["Acrobatics+1","Dagger Spray+1","Reflex+1"],"picked":"Singing Bowl","floor":37},{"not_picked":["Flash of Steel+1","Mind Blast+1","PanicButton"],"picked":"Singing Bowl","floor":42},{"not_picked":["Dramatic Entrance+1","Enlightenment","Madness"],"picked":"Singing Bowl","floor":42},{"not_picked":["Finesse","Bandage Up","PanicButton"],"picked":"Singing Bowl","floor":42},{"not_picked":["Sucker Punch+1","Blur+1","Backflip+1"],"picked":"Singing Bowl","floor":48}],"player_experience":440154,"relics_obtained":[{"floor":1,"key":"Pen Nib"},{"floor":3,"key":"Shuriken"},{"floor":4,"key":"InkBottle"},{"floor":5,"key":"MawBank"},{"floor":7,"key":"Toy Ornithopter"},{"floor":9,"key":"Bag of Marbles"},{"floor":11,"key":"Blood Vial"},{"floor":13,"key":"Regal Pillow"},{"floor":14,"key":"CeramicFish"},{"floor":18,"key":"Orichalcum"},{"floor":20,"key":"Bottled Tornado"},{"floor":21,"key":"Akabeko"},{"floor":24,"key":"Pear"},{"floor":26,"key":"Darkstone Periapt"},{"floor":27,"key":"Eternal Feather"},{"floor":28,"key":"Smiling Mask"},{"floor":29,"key":"War Paint"},{"floor":31,"key":"FossilizedHelix"},{"floor":31,"key":"Molten Egg 2"},{"floor":35,"key":"Boot"},{"floor":36,"key":"CaptainsWheel"},{"floor":37,"key":"Calipers"},{"floor":39,"key":"Turnip"},{"floor":41,"key":"PreservedInsect"},{"floor":43,"key":"Vajra"},{"floor":44,"key":"Nunchaku"},{"floor":48,"key":"Meat on the Bone"}],"event_choices":[{"cards_removed":["Acrobatics"],"damage_healed":5,"gold_gain":0,"player_choice":"Offered Common","damage_taken":0,"max_hp_gain":0,"max_hp_loss":0,"event_name":"Bonfire Elementals","floor":2,"gold_loss":0},{"cards_removed":["Acrobatics"],"damage_healed":5,"gold_gain":0,"player_choice":"Offered Special","damage_taken":0,"max_hp_gain":0,"max_hp_loss":0,"event_name":"Bonfire Elementals","floor":2,"gold_loss":0},{"cards_removed":["Backflip"],"damage_healed":0,"gold_gain":0,"player_choice":"Forget","damage_taken":0,"max_hp_gain":0,"max_hp_loss":0,"event_name":"Living Wall","floor":12,"gold_loss":0},{"damage_healed":0,"gold_gain":0,"player_choice":"Ignored","damage_taken":0,"max_hp_gain":0,"max_hp_loss":0,"event_name":"betterNote:BetterNote","floor":19,"gold_loss":0,"cards_obtained":["Searing Blow"]},{"damage_healed":0,"gold_gain":0,"player_choice":"Inject Mutagens","damage_taken":0,"relics_obtained":["MutagenicStrength"],"max_hp_gain":0,"max_hp_loss":0,"event_name":"Drug Dealer","floor":22,"gold_loss":0},{"damage_healed":0,"gold_gain":0,"player_choice":"Fight","damage_taken":0,"max_hp_gain":0,"max_hp_loss":0,"event_name":"Colosseum","floor":31,"gold_loss":0},{"damage_healed":0,"gold_gain":0,"player_choice":"Fought Nobs","damage_taken":0,"max_hp_gain":0,"max_hp_loss":0,"event_name":"Colosseum","floor":31,"gold_loss":0},{"damage_healed":0,"gold_gain":0,"player_choice":"Fight","damage_taken":0,"max_hp_gain":0,"max_hp_loss":0,"event_name":"MindBloom","floor":37,"gold_loss":0},{"cards_removed":["Accuracy"],"damage_healed":0,"gold_gain":0,"player_choice":"Removed Power","damage_taken":0,"max_hp_gain":0,"max_hp_loss":0,"event_name":"Falling","floor":38,"gold_loss":0},{"damage_healed":0,"gold_gain":0,"player_choice":"Memory 3","damage_taken":10,"max_hp_gain":0,"max_hp_loss":0,"event_name":"SensoryStone","floor":42,"gold_loss":0}],"is_beta":false,"boss_relics":[{"not_picked":["Ectoplasm","Empty Cage"],"picked":"HoveringKite"},{"not_picked":["Astrolabe","Philosopher\u0027s Stone","Runic Pyramid"]}],"items_purged_floors":[30],"is_endless":false,"potions_floor_spawned":[1,4,11,14,18,20,24,27,31,33,36,37,48],"ascension_level":0}}