{"host":"mi0eibewekhugwl1","time":1609923099,"event":{"mods":["AchievementEnabler","BaseMod","Colored Map","Colored Powertips","DeckTracker","Keyboard Shortcuts","Minty Spire (QoL Compilation)","Quick Restart","Rare Cards Sparkle","Relic Stats","StSLib","SuperFastMode","everything is the same but u backflip on backflip"],"gold_per_floor":[115,133,147,163,176,176,211,211,211,211,211,57,70,89,89,164,164,176,76,88,88,88,88,105,119,119,131,131,151,26,45,45,45,45],"floor_reached":33,"playtime":698,"items_purged":["Strike_R","Strike_R","Strike_R"],"score":506,"play_id":"b389a42a-579f-4ae6-bc6f-11b30913ba19","local_time":"20210106175139","is_ascension_mode":true,"campfire_choices":[{"data":"Rampage","floor":6,"key":"SMITH"},{"floor":8,"key":"REST"},{"data":"Uppercut","floor":10,"key":"SMITH"},{"data":"Pommel Strike","floor":15,"key":"SMITH"},{"data":"Fire Breathing","floor":23,"key":"SMITH"},{"floor":28,"key":"REST"},{"floor":32,"key":"REST"}],"circlet_count":0,"master_deck":["AscendersBane","Defend_R","Defend_R","Defend_R","Defend_R","Bash","Pommel Strike+1","Cleave","Rampage+1","Fire Breathing+1","Uppercut+1","Body Slam","Power Through","Seeing Red","Fire Breathing","Immolate","Entrench","Dropkick","Feel No Pain"],"relics":["Burning Blood","Charon\u0027s Ashes","White Beast Statue","Snecko Eye","Bottled Flame"],"acts_visited":["Exordium","TheCity"],"potions_floor_usage":[7,7,14,16,20,33],"damage_taken":[{"damage":5,"enemies":"2 Louse","floor":1,"turns":3},{"damage":1,"enemies":"Cultist","floor":2,"turns":3},{"damage":14,"enemies":"Jaw Worm","floor":3,"turns":4},{"damage":31,"enemies":"Exordium Thugs","floor":4,"turns":4},{"damage":20,"enemies":"Red Slaver","floor":5,"turns":4},{"damage":26,"enemies":"Gremlin Nob","floor":7,"turns":4},{"damage":4,"enemies":"Large Slime","floor":13,"turns":6},{"damage":4,"enemies":"3 Louse","floor":14,"turns":4},{"damage":32,"enemies":"Hexaghost","floor":16,"turns":9},{"damage":11,"enemies":"Shell Parasite","floor":18,"turns":3},{"damage":34,"enemies":"2 Thieves","floor":20,"turns":4},{"damage":15,"enemies":"Snecko","floor":24,"turns":5},{"damage":19,"enemies":"Shelled Parasite and Fungi","floor":25,"turns":4},{"damage":8,"enemies":"Centurion and Healer","floor":27,"turns":4},{"damage":28,"enemies":"Snake Plant","floor":29,"turns":3},{"damage":8,"enemies":"Cultist and Chosen","floor":31,"turns":4},{"damage":95,"enemies":"Collector","floor":33,"turns":7}],"seed_played":"5108136843531431343","potions_obtained":[{"floor":1,"key":"Weak Potion"},{"floor":4,"key":"DuplicationPotion"},{"floor":7,"key":"GamblersBrew"},{"floor":13,"key":"SteroidPotion"},{"floor":14,"key":"ColorlessPotion"},{"floor":16,"key":"SmokeBomb"},{"floor":18,"key":"SpeedPotion"},{"floor":20,"key":"BloodPotion"},{"floor":24,"key":"BlessingOfTheForge"},{"floor":25,"key":"Ancient Potion"},{"floor":27,"key":"FairyPotion"}],"is_trial":false,"path_per_floor":["M","M","M","M","M","R","E","R","T","R","?","$","M","M","R","B",null,"M","$","M","?","?","R","M","M","T","M","R","M","$","M","R","B"],"character_chosen":"IRONCLAD","items_purchased":["Power Through"],"campfire_rested":3,"item_purchase_floors":[12],"current_hp_per_floor":[69,74,66,41,27,27,7,29,29,29,29,29,31,33,33,7,58,53,53,40,40,40,40,31,18,18,16,38,16,16,14,36,0,0],"gold":45,"neow_bonus":"TRANSFORM_CARD","is_daily":false,"chose_seed":false,"campfire_upgraded":4,"win_rate":0.0,"timestamp":1609923099,"path_taken":["M","M","M","M","M","R","E","R","T","R","?","$","M","M","R","BOSS","M","$","M","?","?","R","?","M","T","M","R","M","?","M","R","BOSS"],"items_purchased_type":["Card"],"build_version":"2020-12-22","purchased_purges":3,"victory":false,"max_hp_per_floor":[75,75,75,75,75,75,75,75,75,75,75,75,75,75,75,75,75,75,75,75,75,75,75,75,75,75,75,75,75,75,75,75,75,75],"relic_stats":{"counters":[17,75],"Snecko Eye":[57,67,52,60],"Charon\u0027s Ashes":[75],"obtain_stats":[{"Bottled Flame":26,"Snecko Eye":17,"Charon\u0027s Ashes":7,"Burning Blood":0,"White Beast Statue":9},{"Bottled Flame":13,"Snecko Eye":9,"Charon\u0027s Ashes":6,"Burning Blood":0,"White Beast Statue":6},{"Bottled Flame":57,"Snecko Eye":41,"Charon\u0027s Ashes":22,"Burning Blood":0,"White Beast Statue":22}],"Burning Blood":96},"card_choices":[{"not_picked":["Shockwave","Havoc","Pummel"],"picked":"SKIP","floor":1},{"not_picked":["Heavy Blade","Clash"],"picked":"Cleave","floor":2},{"not_picked":["Flex","Body Slam","Warcry"],"picked":"SKIP","floor":3},{"not_picked":["Metallicize","Armaments"],"picked":"Rampage","floor":4},{"not_picked":["Fiend Fire","Seeing Red"],"picked":"Fire Breathing","floor":5},{"not_picked":["Warcry","Sword Boomerang"],"picked":"Uppercut","floor":7},{"not_picked":["Body Slam","Cleave"],"picked":"Seeing Red","floor":13},{"not_picked":["Body Slam","Anger"],"picked":"Fire Breathing","floor":14},{"not_picked":["Feed","Juggernaut"],"picked":"Immolate","floor":16},{"not_picked":["Havoc","Armaments"],"picked":"Entrench","floor":18},{"not_picked":["Sword Boomerang","Ghostly Armor"],"picked":"Dropkick","floor":20},{"not_picked":["Thunderclap","Flex","Headbutt+1"],"picked":"SKIP","floor":24},{"not_picked":["True Grit","Sentinel","Sword Boomerang"],"picked":"SKIP","floor":25},{"not_picked":["Dual Wield","Shockwave","Cleave+1"],"picked":"SKIP","floor":27},{"not_picked":["Pummel","Sever Soul"],"picked":"Feel No Pain","floor":29},{"not_picked":["Blood for Blood","Iron Wave","True Grit"],"picked":"SKIP","floor":31}],"player_experience":1735603,"relics_obtained":[{"floor":7,"key":"Charon\u0027s Ashes"},{"floor":9,"key":"White Beast Statue"},{"floor":26,"key":"Bottled Flame"}],"event_choices":[{"damage_healed":0,"gold_gain":0,"cards_transformed":["Strike_R"],"player_choice":"Transformed","damage_taken":0,"max_hp_gain":0,"max_hp_loss":0,"event_name":"Transmorgrifier","floor":11,"gold_loss":0,"cards_obtained":["Body Slam"]},{"damage_healed":0,"gold_gain":0,"player_choice":"Ignored","damage_taken":0,"max_hp_gain":0,"max_hp_loss":0,"event_name":"The Mausoleum","floor":21,"gold_loss":0},{"damage_healed":0,"gold_gain":0,"player_choice":"0 cards matched","damage_taken":0,"max_hp_gain":0,"max_hp_loss":0,"event_name":"Match and Keep!","floor":22,"gold_loss":0,"cards_obtained":[]}],"is_beta":false,"boss_relics":[{"not_picked":["Fusion Hammer","SacredBark"],"picked":"Snecko Eye"}],"items_purged_floors":[12,19,30],"is_endless":false,"potions_floor_spawned":[1,4,7,13,14,16,18,20,24,25,27,29,31],"killed_by":"Collector","ascension_level":20}}