{"host":"2lo6hma6kymb0g9i","time":1609908648,"event":{"mods":["BaseMod","Colored Map","DeckTracker","Minty Spire (QoL Compilation)"],"gold_per_floor":[115,115,115,40,40,72,72,87,87,105,166,180,199,199,199,276,276,293,233,249,249,249,249],"floor_reached":22,"playtime":1118,"items_purged":["Strike_R"],"score":418,"play_id":"b59b27bb-d8b1-47b2-aeef-638208c62dcc","local_time":"20210106135048","is_ascension_mode":true,"campfire_choices":[{"data":"Clothesline","floor":7,"key":"SMITH"},{"data":"Havoc","floor":15,"key":"SMITH"}],"circlet_count":0,"master_deck":["AscendersBane","Strike_R","Strike_R","Strike_R+1","Defend_R","Defend_R","Defend_R","Defend_R+1","Bash","Anger","Clothesline+1","Headbutt","Havoc+1","Clash","Evolve","Intimidate","Demon Form","Warcry","True Grit"],"relics":["Burning Blood","NeowsBlessing","Mercury Hourglass","Matryoshka","The Courier","Cursed Key"],"acts_visited":["Exordium","TheCity"],"potions_floor_usage":[18,20],"damage_taken":[{"damage":0,"enemies":"Small Slimes","floor":1,"turns":1},{"damage":0,"enemies":"3 Sentries","floor":6,"turns":2},{"damage":0,"enemies":"2 Louse","floor":8,"turns":1},{"damage":0,"enemies":"Jaw Worm","floor":10,"turns":3},{"damage":8,"enemies":"Gremlin Nob","floor":11,"turns":3},{"damage":1,"enemies":"3 Louse","floor":12,"turns":2},{"damage":11,"enemies":"Exordium Wildlife","floor":13,"turns":4},{"damage":56,"enemies":"Hexaghost","floor":16,"turns":10},{"damage":33,"enemies":"3 Byrds","floor":18,"turns":5},{"damage":35,"enemies":"Shell Parasite","floor":20,"turns":4},{"damage":22,"enemies":"Snecko","floor":22,"turns":3}],"seed_played":"6051266164558604213","potions_obtained":[{"floor":6,"key":"Swift Potion"},{"floor":12,"key":"Energy Potion"},{"floor":13,"key":"BloodPotion"},{"floor":18,"key":"Energy Potion"},{"floor":21,"key":"Strength Potion"}],"is_trial":false,"path_per_floor":["M","?","$","?","$","E","R","M","T","M","?","M","M","?","R","B",null,"M","$","M","?","M"],"character_chosen":"IRONCLAD","items_purchased":[],"campfire_rested":0,"item_purchase_floors":[],"current_hp_per_floor":[74,51,51,51,51,57,57,63,63,69,67,72,67,63,63,13,60,48,48,19,19,0,0],"gold":249,"neow_bonus":"THREE_ENEMY_KILL","is_daily":false,"chose_seed":false,"campfire_upgraded":2,"win_rate":0.0,"timestamp":1609908648,"path_taken":["M","?","$","?","?","E","R","M","T","M","?","M","?","?","R","BOSS","M","?","M","?","M"],"items_purchased_type":[],"build_version":"2020-12-22","purchased_purges":1,"victory":false,"max_hp_per_floor":[75,75,75,75,75,75,75,75,75,75,75,75,75,75,75,75,75,75,75,75,75,75,75],"card_choices":[{"not_picked":["Clash","Cleave"],"picked":"Anger","floor":1},{"not_picked":["Warcry","Evolve"],"picked":"Clothesline","floor":6},{"not_picked":["Wild Strike","Warcry"],"picked":"Headbutt","floor":8},{"not_picked":["Dark Embrace","Sentinel"],"picked":"Havoc","floor":10},{"not_picked":["Warcry","Body Slam"],"picked":"Clash","floor":11},{"not_picked":["Flex","Warcry"],"picked":"Evolve","floor":12},{"not_picked":["Clothesline","Dark Embrace"],"picked":"Intimidate","floor":13},{"not_picked":["Immolate","Offering"],"picked":"Demon Form","floor":16},{"not_picked":["Infernal Blade","Armaments"],"picked":"Warcry","floor":18},{"not_picked":["Rupture+1","Combust"],"picked":"True Grit","floor":20}],"player_experience":927182,"relics_obtained":[{"floor":6,"key":"Mercury Hourglass"},{"floor":9,"key":"Matryoshka"},{"floor":11,"key":"The Courier"}],"event_choices":[{"damage_healed":0,"gold_gain":0,"player_choice":"Entered Light","damage_taken":23,"max_hp_gain":0,"max_hp_loss":0,"event_name":"Shining Light","floor":2,"gold_loss":0,"cards_upgraded":["Strike_R","Defend_R"]},{"cards_removed":["Strike_R"],"damage_healed":0,"gold_gain":0,"player_choice":"Card Removal","damage_taken":0,"max_hp_gain":0,"max_hp_loss":0,"event_name":"The Cleric","floor":4,"gold_loss":75},{"damage_healed":0,"gold_gain":30,"player_choice":"Searched \u00273\u0027 times","damage_taken":0,"max_hp_gain":0,"max_hp_loss":0,"event_name":"Dead Adventurer","floor":11,"gold_loss":0},{"damage_healed":0,"gold_gain":0,"player_choice":"Bought 0 Potions","damage_taken":0,"max_hp_gain":0,"max_hp_loss":0,"event_name":"The Woman in Blue","floor":14,"gold_loss":0},{"damage_healed":0,"gold_gain":0,"player_choice":"Got Potions","damage_taken":0,"max_hp_gain":0,"max_hp_loss":0,"event_name":"Lab","floor":21,"gold_loss":0}],"is_beta":false,"boss_relics":[{"not_picked":["Empty Cage","Black Star"],"picked":"Cursed Key"}],"items_purged_floors":[19],"is_endless":false,"potions_floor_spawned":[6,12,13,16,18],"killed_by":"Snecko","ascension_level":20}}