{"host":"k4et7hlhlqy8fuoz","time":1609930539,"event":{"mods":["2.2 Compatiblity","AchievementEnabler","BaseMod","Colored Map","DeckTracker","Highlight Path","Minty Spire (QoL Compilation)","Random Character Button","Rare Cards Sparkle"],"gold_per_floor":[114,129,144,144,159,159,174,189,264,264,264,264,80,110,110,210,210,225,240,240,255,255,255,270,285,310,310,10,25,55,70,70,70,70],"floor_reached":33,"playtime":2681,"items_purged":[],"score":421,"play_id":"69641b84-5335-4e96-b843-03fcc562dfed","local_time":"20210106115539","daily_mods":["Cursed Run","Uncertain Future","Binary"],"is_ascension_mode":false,"campfire_choices":[{"data":"Consecrate","floor":6,"key":"SMITH"},{"data":"PathToVictory","floor":11,"key":"SMITH"},{"floor":15,"key":"REST"},{"data":"WheelKick","floor":23,"key":"SMITH"},{"floor":32,"key":"REST"}],"circlet_count":0,"master_deck":["Strike_P","Strike_P","Strike_P","Strike_P+1","Defend_P","Defend_P","Defend_P","Eruption+1","Vigilance","EmptyFist","PathToVictory+1","Consecrate+1","PathToVictory","Protect","WheelKick+1","Trip","CutThroughFate","Halt","ConjureBlade","Decay","Injury","LessonLearned+1","EmptyBody","Conclude","Decay","Vengeance","Writhe","EmptyBody","EmptyBody","Regret","MentalFortress+1","CrushJoints+1","Tantrum"],"relics":["Cursed Key","Darkstone Periapt","Du-Vu Doll","Matryoshka","PreservedInsect","Astrolabe","Oddly Smooth Stone","Eternal Feather","Happy Flower","Bottled Lightning","Pen Nib","Membership Card","Mango","Regal Pillow"],"acts_visited":["Exordium","TheCity"],"potions_floor_usage":[14,18,33,33],"damage_taken":[{"damage":0,"enemies":"Small Slimes","floor":1,"turns":2},{"damage":0,"enemies":"2 Louse","floor":2,"turns":3},{"damage":1,"enemies":"Cultist","floor":3,"turns":4},{"damage":8,"enemies":"2 Fungi Beasts","floor":5,"turns":4},{"damage":2,"enemies":"Blue Slaver","floor":7,"turns":3},{"damage":0,"enemies":"Exordium Wildlife","floor":8,"turns":3},{"damage":29,"enemies":"Lagavulin","floor":14,"turns":4},{"damage":16,"enemies":"The Guardian","floor":16,"turns":6},{"damage":21,"enemies":"Spheric Guardian","floor":18,"turns":4},{"damage":20,"enemies":"3 Byrds","floor":19,"turns":5},{"damage":0,"enemies":"Snecko","floor":21,"turns":2},{"damage":18,"enemies":"Sentry and Sphere","floor":24,"turns":5},{"damage":24,"enemies":"3 Cultists","floor":25,"turns":4},{"damage":23,"enemies":"Centurion and Healer","floor":29,"turns":4},{"damage":18,"enemies":"Gremlin Leader","floor":30,"turns":4},{"damage":33,"enemies":"Snake Plant","floor":31,"turns":4},{"damage":76,"enemies":"Automaton","floor":33,"turns":6}],"seed_played":"-5218424555718163201","potions_obtained":[{"floor":2,"key":"Regen Potion"},{"floor":3,"key":"Ancient Potion"},{"floor":7,"key":"Fire Potion"},{"floor":14,"key":"StancePotion"},{"floor":19,"key":"StancePotion"}],"is_trial":false,"path_per_floor":["M","M","M","?","M","R","M","M","T","?","R","?","$","E","R","B",null,"M","M","T","M","?","R","M","M","T","?","$","M","E","M","R","B"],"character_chosen":"WATCHER","items_purchased":["WheelKick","Trip","CutThroughFate","Membership Card","Mango"],"campfire_rested":2,"item_purchase_floors":[13,13,13,28,28],"current_hp_per_floor":[72,72,71,76,68,68,66,66,72,72,72,93,93,69,93,83,111,90,70,76,76,82,97,79,55,61,61,75,52,34,1,76,0,0],"gold":70,"neow_bonus":"","is_daily":true,"chose_seed":false,"campfire_upgraded":3,"win_rate":0.0,"timestamp":1609930539,"path_taken":["M","M","M","?","M","R","M","M","T","?","R","?","$","E","R","BOSS","M","M","?","M","?","R","M","M","T","?","$","M","E","M","R","BOSS"],"items_purchased_type":["Card","Card","Card","Relic","Relic"],"build_version":"2020-12-22","purchased_purges":0,"victory":false,"max_hp_per_floor":[72,72,72,77,77,77,77,77,83,83,83,93,93,93,93,99,111,111,111,117,117,123,123,123,123,129,129,143,143,143,143,143,143,143],"card_choices":[{"not_picked":["CutThroughFate"],"picked":"EmptyFist","floor":1},{"not_picked":["Sanctity"],"picked":"PathToVictory","floor":2},{"not_picked":["ThirdEye"],"picked":"Consecrate","floor":3},{"not_picked":["Indignation"],"picked":"PathToVictory","floor":5},{"not_picked":["Indignation"],"picked":"Protect","floor":7},{"not_picked":["WheelKick"],"picked":"Brilliance","floor":8},{"not_picked":["FollowUp"],"picked":"Halt","floor":14},{"not_picked":["Omniscience"],"picked":"ConjureBlade","floor":16},{"not_picked":["Consecrate+1"],"picked":"EmptyBody","floor":18},{"not_picked":["ClearTheMind+1"],"picked":"Conclude","floor":19},{"not_picked":["Study+1"],"picked":"Vengeance","floor":21},{"not_picked":["Consecrate"],"picked":"EmptyBody","floor":24},{"not_picked":["Study"],"picked":"EmptyBody","floor":25},{"not_picked":["PathToVictory"],"picked":"MentalFortress+1","floor":29},{"not_picked":["EmptyFist+1"],"picked":"CrushJoints+1","floor":30},{"not_picked":["Crescendo"],"picked":"Tantrum","floor":31}],"player_experience":63117,"relics_obtained":[{"floor":9,"key":"Matryoshka"},{"floor":14,"key":"PreservedInsect"},{"floor":20,"key":"Oddly Smooth Stone"},{"floor":20,"key":"Eternal Feather"},{"floor":26,"key":"Bottled Lightning"},{"floor":26,"key":"Pen Nib"},{"floor":30,"key":"Regal Pillow"}],"event_choices":[{"damage_healed":0,"gold_gain":0,"player_choice":"Donut","damage_taken":0,"max_hp_gain":5,"max_hp_loss":0,"event_name":"Big Fish","floor":4,"gold_loss":0},{"damage_healed":0,"gold_gain":0,"player_choice":"Grow","damage_taken":0,"max_hp_gain":0,"max_hp_loss":0,"event_name":"Living Wall","floor":10,"gold_loss":0,"cards_upgraded":["Eruption"]},{"cards_removed":["Brilliance"],"damage_healed":11,"gold_gain":0,"player_choice":"Offered Rare","damage_taken":0,"max_hp_gain":10,"max_hp_loss":0,"event_name":"Bonfire Elementals","floor":12,"gold_loss":0},{"damage_healed":0,"gold_gain":0,"player_choice":"Opened","damage_taken":0,"relics_obtained":["Happy Flower"],"max_hp_gain":0,"max_hp_loss":0,"event_name":"The Mausoleum","floor":22,"gold_loss":0,"cards_obtained":["Writhe"]},{"damage_healed":0,"gold_gain":0,"player_choice":"Ignored","damage_taken":0,"max_hp_gain":0,"max_hp_loss":0,"event_name":"Vampires","floor":27,"gold_loss":0}],"is_beta":false,"boss_relics":[{"not_picked":["Philosopher\u0027s Stone","Fusion Hammer"],"picked":"Astrolabe"}],"items_purged_floors":[],"is_endless":false,"potions_floor_spawned":[2,3,7,14,16,19,24,29,31],"killed_by":"Automaton","ascension_level":0}}