{"host":"isy2gwbfe91wqj1j","time":1609956527,"event":{"mods":["AchievementEnabler","BaseMod","Better Altar","Better Match","Better Note","Better Sensory Stone","Better Skull","Better Third Choice","BetterRewards","Minty Spire (QoL Compilation)","StSLib"],"gold_per_floor":[111,11,11,31,46,61,61,136,136,54,54,54,71,71,71,200,200,216,239,239,239,239,275,58,58,58,58,58,58,79,115,115,115,115],"floor_reached":33,"playtime":1246,"items_purged":["Strike_B","Strike_B"],"score":271,"play_id":"699702cc-a053-4ac7-a0b5-e7ddf5cd6610","local_time":"20210106110847","is_ascension_mode":false,"campfire_choices":[{"floor":7,"key":"DIG"},{"data":"Defragment","floor":11,"key":"SMITH"},{"floor":15,"key":"REST"},{"floor":29,"key":"REST"},{"floor":32,"key":"REST"}],"circlet_count":0,"master_deck":["Defend_B","Defend_B","Defend_B","Defend_B","Zap","Dualcast","Redo","Chaos","Self Repair","Defragment+1","Skim+1","Electrodynamics","Conserve Battery+1","Cold Snap+1","Buffer","Static Discharge","Self Repair","Leap+1","Leap+1"],"relics":["Cracked Core","Shovel","TheAbacus","Du-Vu Doll","Toxic Egg 2","Bag of Preparation","Unceasing Top","Golden Idol","Black Star","Tiny Chest","MawBank","Orichalcum","Letter Opener","Dream Catcher","Incense Burner"],"acts_visited":["Exordium","TheCity"],"potions_floor_usage":[13,16,19,23,30,33],"damage_taken":[{"damage":6,"enemies":"Jaw Worm","floor":1,"turns":3},{"damage":0,"enemies":"Cultist","floor":4,"turns":4},{"damage":7,"enemies":"Small Slimes","floor":5,"turns":3},{"damage":7,"enemies":"2 Fungi Beasts","floor":6,"turns":4},{"damage":17,"enemies":"Lots of Slimes","floor":13,"turns":6},{"damage":48,"enemies":"Hexaghost","floor":16,"turns":11},{"damage":38,"enemies":"Shell Parasite","floor":18,"turns":9},{"damage":8,"enemies":"3 Byrds","floor":19,"turns":5},{"damage":22,"enemies":"Gremlin Leader","floor":23,"turns":4},{"damage":24,"enemies":"3 Cultists","floor":30,"turns":5},{"damage":26,"enemies":"Slavers","floor":31,"turns":2},{"damage":50,"enemies":"Collector","floor":33,"turns":7}],"seed_played":"925728834738386767","potions_obtained":[{"floor":1,"key":"Swift Potion"},{"floor":6,"key":"Fire Potion"},{"floor":12,"key":"GamblersBrew"},{"floor":12,"key":"Swift Potion"},{"floor":12,"key":"AttackPotion"},{"floor":18,"key":"PowerPotion"},{"floor":19,"key":"Energy Potion"},{"floor":31,"key":"LiquidMemories"}],"is_trial":false,"path_per_floor":["M","$","?","M","M","M","R","?","T","$","R","?","M","?","R","B",null,"M","M","?","?","?","E","$","$","T","?","?","R","M","E","R","B"],"character_chosen":"DEFECT","items_purchased":["Shovel","TheAbacus","Redo","Defragment","Orichalcum","Regen Potion"],"campfire_rested":3,"item_purchase_floors":[0,0,0,10,24,24],"current_hp_per_floor":[69,69,69,69,62,62,62,51,51,51,51,51,41,41,61,20,69,38,30,30,30,30,15,15,15,15,15,15,35,39,13,33,0,0],"gold":115,"neow_bonus":"","is_daily":false,"chose_seed":false,"campfire_upgraded":1,"win_rate":0.0,"timestamp":1609956527,"path_taken":["M","$","?","?","M","M","R","?","T","$","R","?","?","?","R","BOSS","M","M","?","?","?","E","?","$","T","?","?","R","M","E","R","BOSS"],"items_purchased_type":["Relic","Relic","Card","Card","Relic","Potion"],"build_version":"2020-12-22","purchased_purges":2,"victory":false,"max_hp_per_floor":[75,75,75,75,75,75,75,75,75,75,75,75,75,69,69,69,69,69,69,69,69,69,69,69,69,69,69,69,69,69,69,69,69,69],"card_choices":[{"not_picked":["Sweeping Beam","Reprogram","Fusion"],"picked":"SKIP","floor":1},{"not_picked":["Go for the Eyes","Gash","Ball Lightning"],"picked":"SKIP","floor":4},{"not_picked":["Redo+1","Ball Lightning"],"picked":"Self Repair","floor":5},{"not_picked":["Force Field+1","Gash","Fusion+1"],"picked":"SKIP","floor":6},{"not_picked":["All For One","Redo+1"],"picked":"Skim+1","floor":13},{"not_picked":["Thunder Strike","Multi-Cast+1"],"picked":"Electrodynamics","floor":16},{"not_picked":["Beam Cell","Go for the Eyes"],"picked":"Conserve Battery+1","floor":18},{"not_picked":["Steam+1","Static Discharge"],"picked":"Cold Snap+1","floor":19},{"not_picked":["Sunder+1","Streamline"],"picked":"Self Repair","floor":23},{"not_picked":["Ball Lightning","Redo+1"],"picked":"Leap+1","floor":30},{"not_picked":["FTL","Core Surge","Hello World"],"picked":"SKIP","floor":31},{"not_picked":["Chaos+1","Sunder"],"picked":"Leap+1","floor":32}],"player_experience":154175,"relics_obtained":[{"floor":7,"key":"Bag of Preparation"},{"floor":9,"key":"Unceasing Top"},{"floor":23,"key":"Tiny Chest"},{"floor":23,"key":"MawBank"},{"floor":26,"key":"Letter Opener"},{"floor":31,"key":"Dream Catcher"},{"floor":31,"key":"Incense Burner"}],"event_choices":[{"damage_healed":0,"gold_gain":0,"player_choice":"Gave Potion","damage_taken":0,"relics_obtained":["Toxic Egg 2"],"max_hp_gain":0,"max_hp_loss":0,"event_name":"WeMeetAgain","floor":3,"gold_loss":0},{"damage_healed":0,"gold_gain":75,"player_choice":"Gold","damage_taken":11,"max_hp_gain":1,"max_hp_loss":0,"event_name":"betterThird:BetterGoop","floor":8,"gold_loss":0},{"damage_healed":0,"gold_gain":0,"player_choice":"Got Potions","damage_taken":0,"max_hp_gain":0,"max_hp_loss":0,"event_name":"Lab","floor":12,"gold_loss":0},{"damage_healed":0,"gold_gain":0,"player_choice":"Lose Max HP","damage_taken":0,"relics_obtained":["Golden Idol"],"max_hp_gain":0,"max_hp_loss":6,"event_name":"Golden Idol","floor":14,"gold_loss":0},{"cards_removed":["Defragment"],"damage_healed":0,"gold_gain":0,"player_choice":"Give","damage_taken":0,"max_hp_gain":0,"max_hp_loss":0,"event_name":"betterNote:BetterNote","floor":20,"gold_loss":0,"cards_obtained":["None"]},{"damage_healed":0,"gold_gain":0,"cards_transformed":["Strike_B","Strike_B"],"player_choice":"Became Test Subject","damage_taken":0,"max_hp_gain":0,"max_hp_loss":0,"event_name":"Drug Dealer","floor":21,"gold_loss":0,"cards_obtained":["Buffer","Static Discharge"]},{"damage_healed":0,"gold_gain":0,"player_choice":"Ignored","damage_taken":0,"max_hp_gain":0,"max_hp_loss":0,"event_name":"The Mausoleum","floor":22,"gold_loss":0},{"damage_healed":0,"gold_gain":0,"player_choice":"Ignored","damage_taken":0,"max_hp_gain":0,"max_hp_loss":0,"event_name":"Ghosts","floor":27,"gold_loss":0},{"damage_healed":0,"gold_gain":0,"player_choice":"Ignored","damage_taken":0,"max_hp_gain":0,"max_hp_loss":0,"event_name":"Cursed Tome","floor":28,"gold_loss":0}],"is_beta":false,"boss_relics":[{"not_picked":["Empty Cage","Coffee Dripper"],"picked":"Black Star"}],"items_purged_floors":[0,2],"is_endless":false,"potions_floor_spawned":[1,6,18,19,31],"killed_by":"Collector","ascension_level":0}}