{"host":"kabf61oc9jgfwufg","time":1609917250,"event":{"mods":["AchievementEnabler","Act Like it!","Aspiration","BaseMod","Conspire","GifTheSpireLib","Halation","HexUI Lib","Hubris","Infinite Spire","Minty Spire (QoL Compilation)","Pale of the Ancients","Quick Restart","Rare Cards Sparkle","Replay The Spire","Shop Mod","StSLib","The Jungle","Waifu the Spire"],"gold_per_floor":[114,114,39,39,58,58,70,95,95,107,125,25,25,44,44,44,44],"floor_reached":16,"playtime":568,"items_purged":["Strike_G","Strike_G"],"score":102,"play_id":"f84937ab-2ccf-4506-b896-6a6770ce05f1","local_time":"20210106071410","is_ascension_mode":false,"campfire_choices":[{"data":"Blade Dance","floor":13,"key":"SMITH"},{"floor":15,"key":"REST"}],"circlet_count":0,"master_deck":["Strike_G","Strike_G","Defend_G","Defend_G","Defend_G","Defend_G","Defend_G","Survivor","Neutralize","Prepared","Blade Dance+1","Infinite Blades","Acrobatics","Deflect"],"relics":["Ring of the Snake","hubris:Towel","infinitespire:Broken Mirror","Paper Crane"],"acts_visited":["Exordium"],"potions_floor_usage":[8,14,16,16],"damage_taken":[{"damage":8,"enemies":"Jaw Worm","floor":1,"turns":4},{"damage":6,"enemies":"conspire:RoseBush","floor":5,"turns":4},{"damage":0,"enemies":"2 Louse","floor":7,"turns":4},{"damage":30,"enemies":"Lagavulin","floor":8,"turns":6},{"damage":0,"enemies":"Blue Slaver","floor":10,"turns":3},{"damage":13,"enemies":"Lots of Slimes","floor":11,"turns":4},{"damage":0,"enemies":"2 Fungi Beasts","floor":14,"turns":3},{"damage":35,"enemies":"Slime Boss","floor":16,"turns":6}],"seed_played":"-1983829035268386015","potions_obtained":[{"floor":6,"key":"SteroidPotion"},{"floor":6,"key":"Death Potion"},{"floor":6,"key":"Adrenaline Potion"},{"floor":7,"key":"LiquidBronze"},{"floor":10,"key":"Poison Potion"}],"is_trial":false,"path_per_floor":["M","?","$","?","M","?","M","E","T","M","M","$","R","M","R","B"],"character_chosen":"THE_SILENT","items_purchased":[],"campfire_rested":1,"item_purchase_floors":[],"current_hp_per_floor":[62,62,62,62,56,56,56,26,26,26,13,13,13,13,34,0,0],"gold":44,"neow_bonus":"TRANSFORM_CARD","is_daily":false,"chose_seed":false,"campfire_upgraded":1,"win_rate":0.0,"timestamp":1609917250,"path_taken":["M","?","$","?","M","?","M","E","T","M","?","$","R","M","R","BOSS"],"items_purchased_type":[],"build_version":"2020-12-22","purchased_purges":2,"victory":false,"max_hp_per_floor":[70,70,70,70,70,70,70,70,70,70,70,70,70,70,70,70,70],"card_choices":[{"not_picked":["Quick Slash","Dodge and Roll"],"picked":"Blade Dance","floor":1},{"not_picked":["Deadly Poison","Underhanded Strike","Heel Hook"],"picked":"SKIP","floor":5},{"not_picked":["Underhanded Strike","Dagger Throw","Prepared"],"picked":"SKIP","floor":7},{"not_picked":["Backflip","Poison Darts"],"picked":"Infinite Blades","floor":8},{"not_picked":["Reflex","Well Laid Plans","Outmaneuver"],"picked":"SKIP","floor":10},{"not_picked":["Distraction","Dodge and Roll"],"picked":"Acrobatics","floor":11},{"not_picked":["Well Laid Plans","Sucker Punch"],"picked":"Deflect","floor":14}],"player_experience":49544,"relics_obtained":[{"floor":8,"key":"infinitespire:Broken Mirror"},{"floor":9,"key":"Paper Crane"}],"event_choices":[{"damage_healed":0,"gold_gain":0,"player_choice":"Got Potions","damage_taken":0,"max_hp_gain":0,"max_hp_loss":0,"event_name":"Lab","floor":6,"gold_loss":0}],"is_beta":false,"boss_relics":[],"items_purged_floors":[3,12],"is_endless":false,"potions_floor_spawned":[7,10,11],"killed_by":"Slime Boss","ascension_level":0}}