{"host":"x7n7968bn9ekn290","time":1609912497,"event":{"mods":["AchievementEnabler","BaseMod","Colored Map","Googly Eyes","Highlight Path","Minty Spire (QoL Compilation)","Quick Restart","Rare Cards Sparkle","Relic Stats","slay the spire mod where everything is the same but ironclad has a cowboy hat"],"gold_per_floor":[118,68,23,37,57,70,30,47,121,134,151,166,38,88,88,193,193,205,205,205,223,238,238,263,263,342,354,370,383,403,423,423,423,423],"floor_reached":33,"playtime":1252,"items_purged":[],"score":297,"play_id":"e4d6f375-2831-4556-97bc-6fd2cb0fcdf9","local_time":"20210105215457","is_ascension_mode":false,"campfire_choices":[{"data":"Blade Dance","floor":15,"key":"SMITH"},{"floor":23,"key":"REST"},{"floor":25,"key":"REST"},{"floor":32,"key":"REST"}],"circlet_count":0,"master_deck":["Strike_G","Strike_G","Strike_G","Strike_G","Strike_G","Defend_G","Defend_G","Defend_G","Defend_G","Defend_G","Survivor","Neutralize","Blade Dance","Blade Dance","PiercingWail","Deadly Poison","Slice","Blade Dance+1","Blur","Blade Dance","Dagger Spray","Endless Agony","Slice","Corpse Explosion","Reflex+1","Poisoned Stab","PiercingWail","Slice","Bouncing Flask","Slice","Dagger Spray+1","Dagger Spray","Footwork+1","Deadly Poison"],"relics":["Ring of the Snake","Incense Burner","Bottled Flame","Dream Catcher","SacredBark","Centennial Puzzle","Frozen Egg 2"],"acts_visited":["Exordium","TheCity"],"potions_floor_usage":[6,16,22,28,31,33,33],"damage_taken":[{"damage":9,"enemies":"Jaw Worm","floor":1,"turns":7},{"damage":0,"enemies":"Small Slimes","floor":4,"turns":3},{"damage":0,"enemies":"Cultist","floor":5,"turns":3},{"damage":0,"enemies":"Gremlin Gang","floor":6,"turns":5},{"damage":0,"enemies":"Red Slaver","floor":8,"turns":4},{"damage":1,"enemies":"Looter","floor":10,"turns":3},{"damage":1,"enemies":"3 Louse","floor":11,"turns":4},{"damage":1,"enemies":"Blue Slaver","floor":12,"turns":3},{"damage":48,"enemies":"The Guardian","floor":16,"turns":15},{"damage":28,"enemies":"2 Thieves","floor":18,"turns":4},{"damage":0,"enemies":"3 Byrds","floor":21,"turns":3},{"damage":11,"enemies":"3 Cultists","floor":22,"turns":3},{"damage":6,"enemies":"Sentry and Sphere","floor":27,"turns":4},{"damage":16,"enemies":"Snake Plant","floor":28,"turns":7},{"damage":4,"enemies":"Chosen and Byrds","floor":29,"turns":4},{"damage":35,"enemies":"Shelled Parasite and Fungi","floor":30,"turns":6},{"damage":29,"enemies":"Centurion and Healer","floor":31,"turns":5},{"damage":36,"enemies":"Champ","floor":33,"turns":8}],"seed_played":"-2575140428582222119","potions_obtained":[{"floor":4,"key":"Fire Potion"},{"floor":5,"key":"SteroidPotion"},{"floor":7,"key":"DistilledChaos"},{"floor":7,"key":"ColorlessPotion"},{"floor":7,"key":"SpeedPotion"},{"floor":8,"key":"SkillPotion"},{"floor":12,"key":"FairyPotion"},{"floor":18,"key":"Energy Potion"},{"floor":22,"key":"EssenceOfSteel"},{"floor":30,"key":"SkillPotion"},{"floor":31,"key":"ColorlessPotion"}],"is_trial":false,"path_per_floor":["M","?","$","M","M","M","?","M","T","M","M","M","$","T","R","B",null,"M","?","?","M","M","R","T","R","T","M","M","M","M","M","R","B"],"character_chosen":"THE_SILENT","items_purchased":["Blade Dance","Endless Agony","Slice"],"campfire_rested":3,"item_purchase_floors":[3,13,13],"current_hp_per_floor":[61,61,61,61,61,61,61,61,61,60,59,58,58,58,58,10,70,42,29,20,20,9,31,31,53,53,47,31,27,39,10,32,0,0],"gold":423,"neow_bonus":"ONE_RARE_RELIC","is_daily":false,"chose_seed":false,"campfire_upgraded":1,"win_rate":0.0,"timestamp":1609912497,"path_taken":["M","?","$","M","M","M","?","M","T","M","?","?","$","?","R","BOSS","M","?","?","M","M","R","?","R","T","M","M","M","M","M","R","BOSS"],"items_purchased_type":["Card","Card","Card"],"build_version":"2020-12-22","purchased_purges":0,"victory":false,"max_hp_per_floor":[70,70,70,70,70,70,70,70,70,70,70,70,70,70,70,70,70,70,75,75,75,75,75,75,75,75,75,75,75,75,75,75,75,75],"relic_stats":{"Dream Catcher":3,"Centennial Puzzle":[18],"counters":[18,91],"obtain_stats":[{"Bottled Flame":9,"Dream Catcher":14,"Centennial Puzzle":24,"SacredBark":17,"Incense Burner":0,"Frozen Egg 2":26,"Ring of the Snake":0},{"Bottled Flame":5,"Dream Catcher":8,"Centennial Puzzle":12,"SacredBark":9,"Incense Burner":0,"Frozen Egg 2":12,"Ring of the Snake":0},{"Bottled Flame":22,"Dream Catcher":32,"Centennial Puzzle":57,"SacredBark":47,"Incense Burner":0,"Frozen Egg 2":57,"Ring of the Snake":0}],"Ring of the Snake":[37]},"card_choices":[{"not_picked":["Cloak And Dagger","Flying Knee"],"picked":"Blade Dance","floor":1},{"not_picked":["Underhanded Strike","Bane"],"picked":"PiercingWail","floor":4},{"not_picked":["Slice","Underhanded Strike"],"picked":"Deadly Poison","floor":5},{"not_picked":["Wraith Form v2","Tactician"],"picked":"Slice","floor":6},{"not_picked":["Reflex","Deadly Poison"],"picked":"Blade Dance","floor":8},{"not_picked":["Backflip","Dodge and Roll"],"picked":"Blur","floor":10},{"not_picked":["Riddle With Holes","PiercingWail"],"picked":"Blade Dance","floor":11},{"not_picked":["Well Laid Plans","Outmaneuver"],"picked":"Dagger Spray","floor":12},{"not_picked":["A Thousand Cuts","Storm of Steel"],"picked":"Corpse Explosion","floor":16},{"not_picked":["Noxious Fumes","Calculated Gamble"],"picked":"Reflex+1","floor":18},{"not_picked":["Dagger Spray+1","PiercingWail"],"picked":"Poisoned Stab","floor":21},{"not_picked":["Flying Knee","Backflip"],"picked":"PiercingWail","floor":22},{"not_picked":["Acrobatics","Dagger Throw"],"picked":"Slice","floor":23},{"not_picked":["Cloak And Dagger","Skewer"],"picked":"Bouncing Flask","floor":25},{"not_picked":["Terror","Finisher"],"picked":"Slice","floor":27},{"not_picked":["Caltrops+1","Dodge and Roll"],"picked":"Dagger Spray+1","floor":28},{"not_picked":["Unload","Quick Slash"],"picked":"Dagger Spray","floor":29},{"not_picked":["Backflip","Bane"],"picked":"Footwork+1","floor":30},{"not_picked":["Finisher","Expertise","Dagger Throw"],"picked":"SKIP","floor":31},{"not_picked":["Slice+1","Skewer"],"picked":"Deadly Poison","floor":32}],"player_experience":17994,"relics_obtained":[{"floor":9,"key":"Bottled Flame"},{"floor":14,"key":"Dream Catcher"},{"floor":24,"key":"Centennial Puzzle"},{"floor":26,"key":"Frozen Egg 2"}],"event_choices":[{"cards_removed":["Regret"],"damage_healed":0,"gold_gain":0,"player_choice":"Card Removal","damage_taken":0,"max_hp_gain":0,"max_hp_loss":0,"event_name":"The Cleric","floor":2,"gold_loss":50},{"damage_healed":0,"gold_gain":0,"player_choice":"Bought 3 Potions","damage_taken":0,"max_hp_gain":0,"max_hp_loss":0,"event_name":"The Woman in Blue","floor":7,"gold_loss":0},{"damage_healed":0,"gold_gain":0,"player_choice":"Shed Blood","damage_taken":18,"max_hp_gain":5,"max_hp_loss":0,"event_name":"Forgotten Altar","floor":19,"gold_loss":0},{"damage_healed":0,"gold_gain":0,"player_choice":"Stopped","damage_taken":9,"max_hp_gain":0,"max_hp_loss":0,"event_name":"Cursed Tome","floor":20,"gold_loss":0}],"is_beta":false,"boss_relics":[{"not_picked":["SlaversCollar","Ectoplasm"],"picked":"SacredBark"}],"items_purged_floors":[],"is_endless":false,"potions_floor_spawned":[4,5,8,11,12,18,22,30,31],"killed_by":"Champ","ascension_level":0}}