{"host":"7i2b4pyo6x2376bs","time":1609910217,"event":{"mods":["BaseMod","Better Note","Colored Map","Highlight Path","Minty Spire (QoL Compilation)","Quick Restart","Rare Cards Sparkle","Shop Mod","StSLib","The Jungle"],"gold_per_floor":[112,112,37,55,75,106,106,123,123,141,141,159,159,186,186,283,283,298,11,30,43,43,43],"floor_reached":22,"playtime":5426,"items_purged":["Defend_G"],"score":218,"play_id":"c3d7931c-2ff7-4ee7-96f1-b6e484fb3e8b","local_time":"20210105211657","is_ascension_mode":true,"campfire_choices":[{"floor":7,"key":"RECALL"},{"floor":13,"key":"REST"},{"data":"Noxious Fumes","floor":15,"key":"SMITH"}],"circlet_count":0,"master_deck":["Strike_G","Strike_G","Strike_G","Defend_G","Defend_G","Survivor","Neutralize","Distraction+1","Underhanded Strike","Dagger Spray","Noxious Fumes+1","Backstab","Catalyst","Flying Knee","Bane","Tools of the Trade","Glass Knife+1","Skewer+1","Choke+1","Well Laid Plans","Noxious Fumes","Deadly Poison"],"relics":["Ring of the Snake","Omamori","Bottled Tornado","Tough Bandages","Astrolabe","Pantograph"],"acts_visited":["Exordium","TheCity"],"potions_floor_usage":[6,6,14,14,22],"damage_taken":[{"damage":1,"enemies":"Jaw Worm","floor":1,"turns":3},{"damage":1,"enemies":"2 Louse","floor":4,"turns":2},{"damage":1,"enemies":"Cultist","floor":5,"turns":5},{"damage":14,"enemies":"3 Sentries","floor":6,"turns":5},{"damage":0,"enemies":"Lots of Slimes","floor":8,"turns":2},{"damage":3,"enemies":"Gremlin Gang","floor":10,"turns":3},{"damage":6,"enemies":"Exordium Thugs","floor":12,"turns":4},{"damage":13,"enemies":"Lagavulin","floor":14,"turns":5},{"damage":41,"enemies":"Slime Boss","floor":16,"turns":10},{"damage":38,"enemies":"Shell Parasite","floor":18,"turns":5},{"damage":12,"enemies":"Chosen","floor":20,"turns":3},{"damage":24,"enemies":"Snake Plant","floor":21,"turns":3},{"damage":16,"enemies":"Centurion and Healer","floor":22,"turns":3}],"seed_played":"-3457146163333661165","potions_obtained":[{"floor":1,"key":"AttackPotion"},{"floor":4,"key":"DistilledChaos"},{"floor":6,"key":"ColorlessPotion"},{"floor":10,"key":"BlessingOfTheForge"},{"floor":20,"key":"Dexterity Potion"}],"is_trial":false,"path_per_floor":["M","?","$","M","M","E","R","M","T","M","?","M","R","E","R","B",null,"M","$","M","M","M"],"character_chosen":"THE_SILENT","items_purchased":["Noxious Fumes","Pantograph"],"campfire_rested":1,"item_purchase_floors":[19,19],"current_hp_per_floor":[76,76,76,75,74,60,60,60,60,57,57,51,74,61,61,20,77,39,39,27,3,0,0],"gold":43,"neow_bonus":"TEN_PERCENT_HP_BONUS","is_daily":false,"chose_seed":false,"campfire_upgraded":1,"win_rate":0.0,"timestamp":1609910217,"path_taken":["M","?","$","M","M","E","R","M","T","M","?","?","R","E","R","BOSS","M","?","?","?","M"],"items_purchased_type":["Card","Relic"],"build_version":"2020-12-22","purchased_purges":1,"victory":false,"max_hp_per_floor":[77,77,77,77,77,77,77,77,77,77,77,77,77,77,77,77,77,77,77,77,77,77,77],"card_choices":[{"not_picked":["Caltrops","Heel Hook"],"picked":"Distraction","floor":1},{"not_picked":["Sucker Punch","Flechettes"],"picked":"Underhanded Strike","floor":4},{"not_picked":["Acrobatics","Prepared"],"picked":"Dagger Spray","floor":5},{"not_picked":["Deflect","Backflip"],"picked":"Noxious Fumes","floor":6},{"not_picked":["Acrobatics","Quick Slash"],"picked":"Backstab","floor":8},{"not_picked":["Dash","Prepared"],"picked":"Catalyst","floor":10},{"not_picked":["Outmaneuver","Calculated Gamble"],"picked":"Flying Knee","floor":12},{"not_picked":["Finisher","Expertise"],"picked":"Bane","floor":14},{"not_picked":["Malaise","Adrenaline"],"picked":"Tools of the Trade","floor":16},{"not_picked":["Blade Dance","Reflex+1"],"picked":"Well Laid Plans","floor":18},{"not_picked":["Sucker Punch","Setup","Slice"],"picked":"SKIP","floor":20},{"not_picked":["Poisoned Stab+1","Blade Dance+1"],"picked":"Deadly Poison","floor":21}],"player_experience":702099,"relics_obtained":[{"floor":6,"key":"Omamori"},{"floor":9,"key":"Bottled Tornado"},{"floor":14,"key":"Tough Bandages"}],"event_choices":[{"damage_healed":0,"gold_gain":0,"player_choice":"Grow","damage_taken":0,"max_hp_gain":0,"max_hp_loss":0,"event_name":"Living Wall","floor":2,"gold_loss":0,"cards_upgraded":["Distraction"]},{"cards_removed":["Defend_G"],"damage_healed":0,"gold_gain":0,"player_choice":"Purged","damage_taken":0,"max_hp_gain":0,"max_hp_loss":0,"event_name":"Purifier","floor":11,"gold_loss":0}],"is_beta":false,"boss_relics":[{"not_picked":["Runic Dome","Sozu"],"picked":"Astrolabe"}],"items_purged_floors":[3],"is_endless":false,"potions_floor_spawned":[1,4,6,10,20],"killed_by":"Centurion and Healer","ascension_level":2}}