{"host":"2n2g1vowfllvjtvi","time":1609952809,"event":{"mods":["AchievementEnabler","BaseMod","Custom Start","GifTheSpireLib","Keyboard Shortcuts","Minty Spire (QoL Compilation)","Quick Restart","Rare Cards Sparkle","StSLib","SuperFastMode"],"gold_per_floor":[116,116,116,116,128,128,155,155,155,481,481,497,12,22,22,99,99,119,119,119,139,139,139],"floor_reached":22,"playtime":339,"items_purged":["Strike_B"],"score":380,"play_id":"ee412191-2fd5-490b-9cd0-6a32f2f5f2a9","local_time":"20210107020649","is_ascension_mode":true,"campfire_choices":[{"data":"Barrage","floor":6.0,"key":"SMITH"},{"data":"Go for the Eyes","floor":8.0,"key":"SMITH"},{"data":"Dualcast","floor":15.0,"key":"SMITH"}],"circlet_count":0,"master_deck":["AscendersBane","Strike_B+1","Defend_B+1","Defend_B","Defend_B","Defend_B","Zap","Dualcast+1","Barrage+1","Go for the Eyes+1","Cold Snap","Ball Lightning","Coolheaded","Echo Form","Fusion+1","Auto Shields","Biased Cognition"],"relics":["Cracked Core","NeowsBlessing","Letter Opener","Mango","Singing Bowl","Old Coin","Emotion Chip","Cursed Key"],"acts_visited":["Exordium","TheCity"],"potions_floor_usage":[18],"damage_taken":[{"damage":0.0,"enemies":"Small Slimes","floor":1.0,"turns":1.0},{"damage":0.0,"enemies":"2 Louse","floor":5.0,"turns":1.0},{"damage":0.0,"enemies":"Lagavulin","floor":7.0,"turns":1.0},{"damage":21.0,"enemies":"Gremlin Nob","floor":10.0,"turns":4.0},{"damage":0.0,"enemies":"Cultist","floor":12.0,"turns":3.0},{"damage":3.0,"enemies":"Blue Slaver","floor":14.0,"turns":3.0},{"damage":10.0,"enemies":"Hexaghost","floor":16.0,"turns":9.0},{"damage":2,"enemies":"Shell Parasite","floor":18,"turns":5},{"damage":3,"enemies":"3 Byrds","floor":21,"turns":4},{"damage":69,"enemies":"3 Cultists","floor":22,"turns":5}],"seed_played":"3088794234713813587","potions_obtained":[{"floor":1.0,"key":"Weak Potion"},{"floor":14.0,"key":"Swift Potion"},{"floor":16.0,"key":"SpeedPotion"}],"is_trial":false,"path_per_floor":["M","?","?","?","M","R","E","R","T","E","?","M","$","M","R","B",null,"M","?","?","M","M"],"character_chosen":"DEFECT","items_purchased":["Emotion Chip","Fruit Juice"],"campfire_rested":0,"item_purchase_floors":[13,13],"current_hp_per_floor":[64,64,43,43,43,43,57,57,57,36,36,36,36,33,33,23,70,68,68,68,67,0,0],"gold":139,"neow_bonus":"THREE_ENEMY_KILL","is_daily":false,"chose_seed":false,"campfire_upgraded":3,"win_rate":0.0,"timestamp":1609952809,"path_taken":["M","?","?","?","?","R","E","R","T","E","?","M","$","M","R","BOSS","M","?","?","M","M"],"items_purchased_type":["Relic","Potion"],"build_version":"2020-12-22","purchased_purges":1,"victory":false,"max_hp_per_floor":[71,71,71,71,71,71,85,85,85,85,85,85,85,85,85,85,85,85,85,85,87,87,87],"card_choices":[{"not_picked":["Auto Shields","Rebound"],"picked":"Barrage","floor":1.0},{"not_picked":["Compile Driver","Gash","Force Field"],"picked":"SKIP","floor":5.0},{"not_picked":["Auto Shields","Scrape"],"picked":"Go for the Eyes","floor":7.0},{"not_picked":["Barrage","Chill"],"picked":"Cold Snap","floor":10.0},{"not_picked":["Conserve Battery","Gash"],"picked":"Ball Lightning","floor":12.0},{"not_picked":["Heatsinks","Reprogram"],"picked":"Coolheaded","floor":14.0},{"not_picked":["Core Surge","Rainbow"],"picked":"Echo Form","floor":16.0},{"not_picked":["Coolheaded","Compile Driver"],"picked":"Fusion+1","floor":18},{"not_picked":["Fusion","Compile Driver","Doom and Gloom"],"picked":"Singing Bowl","floor":21}],"player_experience":423203,"relics_obtained":[{"floor":7.0,"key":"Mango"},{"floor":9.0,"key":"Singing Bowl"},{"floor":10.0,"key":"Old Coin"}],"event_choices":[{"damage_healed":0.0,"max_hp_gain":0.0,"max_hp_loss":0.0,"gold_gain":0.0,"event_name":"Liars Game","player_choice":"Ignored","floor":2.0,"gold_loss":0.0,"damage_taken":0.0},{"damage_healed":0.0,"max_hp_gain":0.0,"max_hp_loss":0.0,"gold_gain":0.0,"event_name":"Shining Light","player_choice":"Entered Light","floor":3.0,"gold_loss":0.0,"damage_taken":21.0,"cards_upgraded":["Strike_B","Defend_B"]},{"damage_healed":0.0,"max_hp_gain":0.0,"max_hp_loss":0.0,"gold_gain":0.0,"event_name":"WeMeetAgain","player_choice":"Gave Potion","floor":4.0,"gold_loss":0.0,"damage_taken":0.0,"relics_obtained":["Letter Opener"]},{"damage_healed":0.0,"max_hp_gain":0.0,"max_hp_loss":0.0,"gold_gain":0.0,"event_name":"Scrap Ooze","player_choice":"Fled","floor":11.0,"gold_loss":0.0,"damage_taken":0.0},{"damage_healed":0,"gold_gain":0,"cards_transformed":["Strike_B","Strike_B"],"player_choice":"Became Test Subject","damage_taken":0,"max_hp_gain":0,"max_hp_loss":0,"event_name":"Drug Dealer","floor":19,"gold_loss":0,"cards_obtained":["Auto Shields","Biased Cognition"]},{"damage_healed":0,"gold_gain":0,"player_choice":"Ignored","damage_taken":0,"max_hp_gain":0,"max_hp_loss":0,"event_name":"Vampires","floor":20,"gold_loss":0}],"is_beta":false,"boss_relics":[{"not_picked":["Black Star","Runic Dome"],"picked":"Cursed Key"}],"items_purged_floors":[13],"is_endless":false,"potions_floor_spawned":[1,14,16],"killed_by":"3 Cultists","ascension_level":15}}