{"host":"hve1dyh1ly81yl9f","time":1609951561,"event":{"mods":["BaseMod","Colored Map","DeckTracker","Highlight Path","Keyboard Shortcuts","Minty Spire (QoL Compilation)","Permanent Neow","StSLib","SuperFastMode"],"gold_per_floor":[10,28,28,48,60,73,73,99,124,124,139,168,179,192,192,192,192],"floor_reached":16,"playtime":471,"items_purged":[],"score":116,"play_id":"2d75ec66-0212-4a9c-a9f5-ab243047ad4a","local_time":"20210107014601","is_ascension_mode":false,"campfire_choices":[{"floor":7,"key":"RECALL"},{"floor":10,"key":"REST"},{"floor":15,"key":"REST"}],"circlet_count":0,"master_deck":["Strike_B","Strike_B","Strike_B","Strike_B","Defend_B","Defend_B","Defend_B","Defend_B","Zap","Dualcast","Electrodynamics","Stack","Lockon","Capacitor","Turbo","Tempest","Thunder Strike","Aggregate","Auto Shields","Hologram"],"relics":["Cracked Core","Peace Pipe","Regal Pillow"],"acts_visited":["Exordium"],"potions_floor_usage":[8,12,12,13],"damage_taken":[{"damage":6,"enemies":"Jaw Worm","floor":1,"turns":3},{"damage":1,"enemies":"Cultist","floor":2,"turns":3},{"damage":5,"enemies":"Small Slimes","floor":4,"turns":3},{"damage":0,"enemies":"2 Fungi Beasts","floor":5,"turns":2},{"damage":3,"enemies":"Exordium Thugs","floor":6,"turns":3},{"damage":27,"enemies":"3 Sentries","floor":8,"turns":3},{"damage":11,"enemies":"Exordium Wildlife","floor":11,"turns":2},{"damage":24,"enemies":"Lagavulin","floor":12,"turns":5},{"damage":4,"enemies":"Gremlin Gang","floor":13,"turns":3},{"damage":10,"enemies":"Looter","floor":14,"turns":3},{"damage":47,"enemies":"The Guardian","floor":16,"turns":6}],"seed_played":"-5733676310817985626","potions_obtained":[{"floor":1,"key":"LiquidBronze"},{"floor":3,"key":"AttackPotion"},{"floor":3,"key":"PowerPotion"},{"floor":4,"key":"SteroidPotion"},{"floor":8,"key":"Block Potion"},{"floor":12,"key":"Explosive Potion"},{"floor":13,"key":"LiquidMemories"}],"is_trial":false,"path_per_floor":["M","M","?","M","M","M","R","E","T","R","M","E","M","M","R","B"],"character_chosen":"DEFECT","items_purchased":[],"campfire_rested":2,"item_purchase_floors":[],"current_hp_per_floor":[69,68,68,63,63,60,60,33,33,55,44,20,16,6,43,0,0],"gold":192,"neow_bonus":"THREE_RARE_CARDS","is_daily":false,"chose_seed":false,"campfire_upgraded":0,"win_rate":0.0,"timestamp":1609951561,"path_taken":["M","M","?","M","M","?","R","E","T","R","M","E","M","M","R","BOSS"],"items_purchased_type":[],"build_version":"2020-12-22","purchased_purges":0,"victory":false,"max_hp_per_floor":[75,75,75,75,75,75,75,75,75,75,75,75,75,75,75,75,75],"card_choices":[{"not_picked":["Rainbow","Seek"],"picked":"Electrodynamics","floor":0.0},{"not_picked":["Reprogram","Leap"],"picked":"Stack","floor":1},{"not_picked":["Compile Driver","FTL"],"picked":"Lockon","floor":2},{"not_picked":["Leap","Compile Driver"],"picked":"Capacitor","floor":4},{"not_picked":["Compile Driver","Gash"],"picked":"Turbo","floor":5},{"not_picked":["Sweeping Beam","Redo"],"picked":"Tempest","floor":6},{"not_picked":["Stack","Go for the Eyes"],"picked":"Thunder Strike","floor":8},{"not_picked":["Beam Cell","Genetic Algorithm"],"picked":"Aggregate","floor":11},{"not_picked":["Scrape","Leap","Coolheaded"],"picked":"SKIP","floor":12},{"not_picked":["Hologram","Heatsinks"],"picked":"Auto Shields","floor":13},{"not_picked":["Rip and Tear","Gash"],"picked":"Hologram","floor":14}],"player_experience":281826,"relics_obtained":[{"floor":8,"key":"Peace Pipe"},{"floor":12,"key":"Regal Pillow"}],"event_choices":[{"damage_healed":0,"gold_gain":0,"player_choice":"Got Potions","damage_taken":0,"max_hp_gain":0,"max_hp_loss":0,"event_name":"Lab","floor":3,"gold_loss":0}],"is_beta":false,"boss_relics":[],"items_purged_floors":[],"is_endless":false,"potions_floor_spawned":[1,4,8,12,13],"killed_by":"The Guardian","ascension_level":0}}