{"host":"pa65g39v0cwbmgvo","time":1609903251,"event":{"mods":["2.2 Compatiblity","ATMod(°¢èªMod)","BaseMod","Better Skull","Better Third Choice","BetterRewards","Dota2Spire","Minty Spire (QoL Compilation)","Quick Restart","Replay The Spire","Spicy Shops","StSLib","SuperFastMode","¡¾ÒÅÎï¿¨ÅÆ¡¿REMEMod"],"gold_per_floor":[116,129,148,165,165,499,510,510,510,642,658,669,803,35,35,35,35],"floor_reached":16,"playtime":692,"items_purged":["Strike_R"],"score":209,"play_id":"39281f2b-1e31-494a-8428-e83ea73ff537","local_time":"20210106112051","is_ascension_mode":true,"campfire_choices":[{"floor":8.0,"key":"RECALL"},{"data":"True Grit","floor":15.0,"key":"SMITH"}],"circlet_count":0,"master_deck":["Strike_R","Strike_R","Strike_R","Strike_R","Defend_R","Defend_R","Defend_R","Defend_R","Bash","Warcry+1","Armaments","AT_DiedThrough","ReplayTheSpireMod:Muscle Training","Feel No Pain","Immolate","True Grit+1"],"relics":["Burning Blood","REME_ComplimentaryCards","AT_ATBox","AT_TheCollector","Matryoshka","Charon\u0027s Ashes","Potion Belt","Mirror","Ring of Hypnosis","Gambling Chip","Dota2Spire:ArmletOfMordiggian","Blood Vial","Anchor","Dota2Spire:Dagon","TheAbacus","AT_GoldPhoenixTree"],"acts_visited":["Exordium"],"potions_floor_usage":[16],"damage_taken":[{"damage":5.0,"enemies":"Small Slimes","floor":1.0,"turns":3.0},{"damage":0.0,"enemies":"2 Louse","floor":2.0,"turns":4.0},{"damage":2.0,"enemies":"Cultist","floor":3.0,"turns":3.0},{"damage":18.0,"enemies":"Large Slime","floor":4.0,"turns":8.0},{"damage":6.0,"enemies":"3 Sentries","floor":6.0,"turns":7.0},{"damage":13.0,"enemies":"Looter","floor":7.0,"turns":3.0},{"damage":38.0,"enemies":"Gremlin Nob","floor":10.0,"turns":5.0},{"damage":1.0,"enemies":"Red Slaver","floor":11.0,"turns":4.0},{"damage":0.0,"enemies":"3 Louse","floor":12.0,"turns":1.0},{"damage":2.0,"enemies":"Replay:BlueRogue","floor":13.0,"turns":5.0},{"damage":54,"enemies":"Hexaghost","floor":16,"turns":2}],"seed_played":"-3199418004635085377","potions_obtained":[{"floor":3.0,"key":"Doom Potion"},{"floor":7.0,"key":"SkillPotion"},{"floor":13.0,"key":"SteroidPotion"}],"is_trial":false,"path_per_floor":["M","M","M","M","?","E","M","R","T","E","M","M","E","$","R","B"],"character_chosen":"IRONCLAD","items_purchased":["AT_TheCollector","Matryoshka","Potion Belt","Mirror","Warcry+1","Armaments","Dota2Spire:Dagon","TheAbacus","AT_GoldPhoenixTree"],"campfire_rested":0,"item_purchase_floors":[0,0,0,0,0,0,14,14,14],"current_hp_per_floor":[80,80,80,68,68,68,61,61,61,29,36,44,50,50,50,0,0],"gold":35,"neow_bonus":"","is_daily":false,"chose_seed":false,"campfire_upgraded":1,"win_rate":0.0,"timestamp":1609903251,"path_taken":["M","M","M","M","?","E","M","R","T","E","M","M","E","$","R","BOSS"],"items_purchased_type":["Relic","Relic","Relic","Relic","Card","Card","Relic","Relic","Relic"],"build_version":"2020-12-22","purchased_purges":1,"victory":false,"max_hp_per_floor":[80,80,80,80,80,80,80,80,80,80,80,80,80,80,80,80,80],"card_choices":[{"not_picked":["Cleave","Ghostly Armor","Run Through"],"picked":"SKIP","floor":1.0},{"not_picked":["AT_GerminateFire","AT_BodySlamDance"],"picked":"ReplayTheSpireMod:Muscle Training","floor":2.0},{"not_picked":["AT_ShrugMaster","Flame Barrier"],"picked":"Feel No Pain","floor":3.0},{"not_picked":["Rampage","Anger","ReplayTheSpireMod:Limb From Limb"],"picked":"SKIP","floor":4.0},{"not_picked":["ReplayTheSpireMod:Strike From Hell","Heavy Blade"],"picked":"Immolate","floor":6.0},{"not_picked":["Cleave","Perfected Strike","Iron Wave"],"picked":"SKIP","floor":7.0},{"not_picked":["Exhume","ReplayTheSpireMod:Strike From Hell","Inflame"],"picked":"SKIP","floor":10.0},{"not_picked":["Armaments","ReplayTheSpireMod:Strike From Hell","Headbutt"],"picked":"SKIP","floor":11.0},{"not_picked":["Feel No Pain","Clash","Shrug It Off"],"picked":"SKIP","floor":12.0},{"not_picked":["Uppercut","Sword Boomerang"],"picked":"True Grit","floor":13.0}],"player_experience":49644,"relics_obtained":[{"floor":5.0,"key":"Ring of Hypnosis"},{"floor":6.0,"key":"Gambling Chip"},{"floor":9.0,"key":"Dota2Spire:ArmletOfMordiggian"},{"floor":10.0,"key":"Blood Vial"},{"floor":13.0,"key":"Anchor"}],"event_choices":[],"is_beta":false,"boss_relics":[],"items_purged_floors":[0],"is_endless":false,"potions_floor_spawned":[3,7,13],"killed_by":"Hexaghost","ascension_level":1}}