{"host":"agbyy69nq62afhwx","time":1609959786,"event":{"mods":["BaseMod","Colored Map","DeckTracker","Highlight Path","Keyboard Shortcuts","Minty Spire (QoL Compilation)","Quick Restart","StSLib","SuperFastMode","everything is the same but u backflip on backflip"],"gold_per_floor":[115,135,153,171,221,221,241,260,329,19,19,19,36,54,54,54,54],"floor_reached":16,"playtime":464,"items_purged":[],"score":178,"play_id":"a76ebec6-4d14-4ad9-aa34-458491a7b3ad","local_time":"20210107040306","is_ascension_mode":true,"campfire_choices":[{"data":"Calculated Gamble","floor":6.0,"key":"SMITH"},{"data":"Prepared","floor":12.0,"key":"SMITH"},{"data":"Reflex","floor":15,"key":"SMITH"}],"circlet_count":0,"master_deck":["AscendersBane","Strike_G","Strike_G","Strike_G","Defend_G","Defend_G","Defend_G","Defend_G","Survivor","Neutralize","Riddle With Holes","Dagger Spray","Calculated Gamble+1","Underhanded Strike","Distraction","Reflex+1","Caltrops","Prepared+1","Acrobatics"],"relics":["Empty Cage","Mummified Hand","Lee\u0027s Waffle"],"acts_visited":["Exordium"],"potions_floor_usage":[16],"damage_taken":[{"damage":4.0,"enemies":"2 Louse","floor":1.0,"turns":4.0},{"damage":6.0,"enemies":"Cultist","floor":2.0,"turns":5.0},{"damage":1.0,"enemies":"Small Slimes","floor":3.0,"turns":3.0},{"damage":12.0,"enemies":"Blue Slaver","floor":4.0,"turns":4.0},{"damage":4.0,"enemies":"2 Fungi Beasts","floor":7.0,"turns":4.0},{"damage":9.0,"enemies":"Looter","floor":8.0,"turns":3.0},{"damage":26.0,"enemies":"Exordium Wildlife","floor":13.0,"turns":5.0},{"damage":8,"enemies":"Blue Slaver","floor":14,"turns":5},{"damage":52,"enemies":"Slime Boss","floor":16,"turns":9}],"seed_played":"-4540091932928560174","potions_obtained":[{"floor":1.0,"key":"FairyPotion"},{"floor":3.0,"key":"Energy Potion"}],"is_trial":false,"path_per_floor":["M","M","M","M","?","R","M","M","T","$","?","R","M","M","R","B"],"character_chosen":"THE_SILENT","items_purchased":["Caltrops","Lee\u0027s Waffle","Prepared"],"campfire_rested":0,"item_purchase_floors":[10,10,10],"current_hp_per_floor":[55,49,48,36,30,30,26,17,17,73,66,66,40,32,32,2,2],"gold":54,"neow_bonus":"BOSS_RELIC","is_daily":false,"chose_seed":false,"campfire_upgraded":3,"win_rate":0.0,"timestamp":1609959786,"path_taken":["M","M","M","M","?","R","M","?","T","$","?","R","M","M","R","BOSS"],"items_purchased_type":["Card","Relic","Card"],"build_version":"2020-12-22","purchased_purges":0,"victory":false,"max_hp_per_floor":[66,66,66,66,66,66,66,66,66,73,73,73,73,73,73,73,73],"card_choices":[{"not_picked":["Poisoned Stab","Sucker Punch"],"picked":"Riddle With Holes","floor":1.0},{"not_picked":["Choke","Flechettes"],"picked":"Dagger Spray","floor":2.0},{"not_picked":["Dodge and Roll","Heel Hook"],"picked":"Calculated Gamble","floor":3.0},{"not_picked":["Cloak And Dagger","Leg Sweep"],"picked":"Underhanded Strike","floor":4.0},{"not_picked":["Setup","Dagger Throw"],"picked":"Distraction","floor":7.0},{"not_picked":["Cloak And Dagger","Dagger Spray"],"picked":"Reflex","floor":8.0},{"not_picked":["Deadly Poison","Doppelganger","Prepared"],"picked":"SKIP","floor":13.0},{"not_picked":["Caltrops","Bouncing Flask"],"picked":"Acrobatics","floor":14}],"player_experience":398993,"relics_obtained":[{"floor":9.0,"key":"Mummified Hand"}],"event_choices":[{"damage_healed":0.0,"max_hp_gain":0.0,"max_hp_loss":0.0,"gold_gain":50.0,"event_name":"FaceTrader","player_choice":"Touch","floor":5.0,"gold_loss":0.0,"damage_taken":6.0},{"cards_removed":["Strike_G"],"damage_healed":0.0,"max_hp_gain":0.0,"max_hp_loss":0.0,"gold_gain":0.0,"event_name":"Golden Wing","player_choice":"Card Removal","floor":11.0,"gold_loss":0.0,"damage_taken":7.0}],"is_beta":false,"boss_relics":[],"items_purged_floors":[],"is_endless":false,"potions_floor_spawned":[1,3,7,8,13,14],"killed_by":"Slime Boss","ascension_level":17}}