{"host":"w5vfr18i2ft1pzo2","time":1609921288,"event":{"mods":["Act Like it!","Aspiration","BaseMod","Better Third Choice","BetterRewards","Colored Map","Colored Powertips","Conspire","Curses Come First","DNKmod","Defuse TimeMaze Blight","Dota2Spire","Energized Spire","Evolution","Force Act Four","Friendly Minions","Gensokyo","GifTheSpireLib","Gold Saver","Halation","Hubris","Hyrulean Relics","Infinite Spire","Jedi Mod","Marisa????????","Minty Spire (QoL Compilation)","MostiFishMod","Prisma Mod","Remilia??????","Replay The Spire","SacredBarkPlus","Small Relic Pack","Spicy Shops","Spikes Relics","StSLib","Stuff the Spire","SuperFastMode","Synergy Search","The Blue Laboratory","The Servant 0.9.4","TheWitcher","Trackpad","Treasure Hunter","Uncapped","Wandering Minibosses","Yakumo Yukari mod","noobMod","vexMod","??????REMEMod"],"gold_per_floor":[1281,1301,1301,1151,1151,1151,1161,1172,1172,1201,1201,1201,1101,1145,1145,1245,1245,1262,1366,1366,1378,1324,1324,1324,1362,1416,1474,1493,1507,1351,1394,1394,1532,1532,1548,1567,1418,1418,1569,1600,1600,1600,1600,1642,1678,1778,1818,1832,1832,1832,1832,1832,1488,1558,1558],"floor_reached":56,"playtime":3012,"items_purged":["SnafuTest:DefaultCommonSkill","conspire:ExplosiveBarrier","SnafuTest:DefaultCommonAttack"],"score":1198,"play_id":"563120a8-3613-4ce9-b141-46bc9137d777","local_time":"20210106162128","is_ascension_mode":false,"campfire_choices":[{"floor":6.0,"key":"RECALL"},{"data":"SnafuTest:BountyHunt","floor":12.0,"key":"SMITH"},{"data":"SnafuTest:SwordDance","floor":15.0,"key":"SMITH"},{"data":"infinitespire:Collect","floor":24.0,"key":"SMITH"},{"floor":49,"key":"DIG"}],"circlet_count":0,"master_deck":["SnafuTest:DefaultCommonAttack","SnafuTest:DefaultCommonAttack","SnafuTest:DefaultCommonSkill+1","SnafuTest:SignAard","PrismaMod:IllyaGrailKun","SnafuTest:PowerHangmenTree","SnafuTest:BombDimeritium+1","TH:CursedSword+1","SnafuTest:SwordDance+1","TH:CursedSword","SnafuTest:PowerCounterAttack","TH:TreasureMap","SnafuTest:PowerMartialMagical","TH:CursedSword","SnafuTest:BoxingChampion","SnafuTest:SwordDance","SnafuTest:BlueWhale","SnafuTest:ScholarsIntrigue+1","SnafuTest:PowerMahakam","infinitespire:Collect+1","SnafuTest:PowerHangmenTree+1","TH:TreasureMap","SnafuTest:HermitsErudition","TH:CursedSword","TH:TreasureMap","SnafuTest:Siege","SnafuTest:LandOfFables+1","SnafuTest:PowerAlwaysOnRoads","TH:DeckOfManyThings","TH:ElvenBoots","SnafuTest:Awake+1","SnafuTest:BountyHunt+1","MostiFishMod:SephirahHod","SnafuTest:Oriole+1","TH:DeckOfManyThings","SnafuTest:PowerLadyOfLake","hubris:Fate","TH:BikiniMail","SnafuTest:SuddenPuncture+1","TH:ElvenBoots","SnafuTest:SpellArcaneDomain+1","SnafuTest:UndefeatedNarcissism","SnafuTest:PowerEleganceEmbodiment","SnafuTest:SpellTelekinesis+1","SnafuTest:WorldMap","TH:CursedSword","SnafuTest:Kick"],"relics":["SnafuTest:UnstableMutagenRelic","EVO:Axolotl","DaveBox","ice","REME_ComplimentaryCards","NeowsBlessing","DianDianMeat","SynthV:TestCard","StuffTheSpire:Mouthbags","RollingBoulder","SnafuTest:BearRelic","SnafuTest:EnergyMutagenRelic","SnafuTest:AardRelic","Dota2Spire:HandOfMidas","Dota2Spire:BladeMail","Replay:Multitool","Toy Ornithopter","MostiFishMod:Hod","War Paint","aspiration:ArtOfWarUpgrade","Ring of Chaos","Snack Pack","wanderingMiniBosses:Inkheart","hubris:DisguiseKit","Torii","hubris:SphereOfDissonance","Replay:Baseball","Akabeko","StoneCalendar"],"acts_visited":["Exordium","TheCity","TheBeyond","TheEnding"],"potions_floor_usage":[39],"damage_taken":[{"damage":0.0,"enemies":"Cultist","floor":1.0,"turns":1.0},{"damage":0.0,"enemies":"conspire:RoseBush","floor":2.0,"turns":1.0},{"damage":0.0,"enemies":"3 Sentries","floor":7.0,"turns":1.0},{"damage":0.0,"enemies":"2 Louse","floor":8.0,"turns":2.0},{"damage":2.0,"enemies":"Lots of Slimes","floor":10.0,"turns":2.0},{"damage":18.0,"enemies":"Lagavulin","floor":14.0,"turns":6.0},{"damage":27.0,"enemies":"The Guardian","floor":16.0,"turns":8.0},{"damage":11.0,"enemies":"2 Thieves","floor":18.0,"turns":2.0},{"damage":0.0,"enemies":"3 Byrds","floor":21.0,"turns":2.0},{"damage":21.0,"enemies":"Nightmare","floor":23.0,"turns":6.0},{"damage":18.0,"enemies":"Replay:Snechameleon","floor":25.0,"turns":3.0},{"damage":0.0,"enemies":"conspire:MimicChest","floor":27.0,"turns":2.0},{"damage":0.0,"enemies":"Snecko","floor":28.0,"turns":1.0},{"damage":0.0,"enemies":"Snake Plant","floor":29.0,"turns":1.0},{"damage":0.0,"enemies":"Gremlin Leader","floor":31.0,"turns":2.0},{"damage":41.0,"enemies":"Automaton","floor":33.0,"turns":6.0},{"damage":0,"enemies":"3 Darklings","floor":35,"turns":2},{"damage":0,"enemies":"Orb Walker","floor":36,"turns":1},{"damage":23,"enemies":"Transient","floor":39,"turns":5},{"damage":24,"enemies":"Reptomancer","floor":40,"turns":3},{"damage":7,"enemies":"Jaw Worm Horde","floor":44,"turns":3},{"damage":0,"enemies":"Nemesis","floor":45,"turns":2},{"damage":0,"enemies":"infinitespire:Three Voidlings","floor":46,"turns":1},{"damage":0,"enemies":"Nightmare_Alpha","floor":46,"turns":1},{"damage":0,"enemies":"Spire Growth","floor":47,"turns":2},{"damage":0,"enemies":"Writhing Mass","floor":48,"turns":2},{"damage":6,"enemies":"Replay:Hell Engine","floor":50,"turns":2},{"damage":0,"enemies":"Shield and Spear","floor":54,"turns":2},{"damage":1,"enemies":"The Heart","floor":55,"turns":1}],"seed_played":"5486692051968366214","potions_obtained":[{"floor":1.0,"key":"Energy Potion"},{"floor":10.0,"key":"SkillPotion"},{"floor":14.0,"key":"Fire Potion"},{"floor":18.0,"key":"Dota2Spire:HealingSalve"},{"floor":28.0,"key":"blueLaboratory:PolymorphPotion"},{"floor":31.0,"key":"blueLaboratory:Moonshine"},{"floor":39,"key":"Flashbang"},{"floor":40,"key":"blueLaboratory:HorrorPotion"}],"is_trial":false,"path_per_floor":["M","M","?","$","?","R","E","M","T","M","?","R","$","E","R","B",null,"M","?","AVR","M","$","NM","R","E","T","?","M","M","$","E","R_BF","B",null,"M","M","$","?","M","E","AVR","R","T","M","E","?","M","M","R","B",null,"R","$","E","B",null],"character_chosen":"THE_WITCHER","items_purchased":["SnafuTest:PowerHangmenTree","SnafuTest:PaySmithWorkshop","SnafuTest:PowerAlwaysOnRoads","War Paint","SnafuTest:WorldMap","Replay:Baseball","Akabeko"],"campfire_rested":0,"item_purchase_floors":[4,22,30,37,53,53,53],"current_hp_per_floor":[76,78,65,69,74,74,87,95,104,112,86,86,86,91,91,91,180,184,235,254,274,295,319,319,325,350,376,403,403,431,490,490,512,636,670,670,670,670,647,694,731,731,769,803,887,972,1018,1063,1063,1059,1110,1110,1156,1251,1250],"gold":1558,"neow_bonus":"THREE_ENEMY_KILL","is_daily":false,"chose_seed":false,"campfire_upgraded":3,"win_rate":0.0,"timestamp":1609921288,"path_taken":["M","?","?","$","?","R","E","?","T","M","?","R","$","E","R","BOSS","M","?","AVR","M","?","NM","R","E","T","?","M","?","$","E","R_BF","BOSS","M","M","$","?","M","E","AVR","R","T","M","E","?","M","M","R","BOSS","R","$","E","BOSS"],"items_purchased_type":["Card","Card","Card","Relic","Card","Relic","Relic"],"build_version":"2020-12-22","purchased_purges":3,"victory":true,"max_hp_per_floor":[76,78,81,85,90,90,103,111,120,130,130,130,130,153,153,180,180,195,246,265,285,306,351,351,375,400,426,453,453,481,540,540,603,636,670,670,670,670,670,741,778,778,816,855,936,1021,1065,1110,1110,1110,1110,1110,1156,1251,1251],"card_choices":[{"not_picked":["SnafuTest:BombMoonDust","SnafuTest:MCFeignDeath","SnafuTest:MercilessReaper"],"picked":"SKIP","floor":1.0},{"not_picked":["SnafuTest:FlashingRaid","SnafuTest:PowerAlwaysAWay","SnafuTest:MCPlayGwent","SnafuTest:SpellBitingFrost"],"picked":"SnafuTest:PaySmithWorkshop","floor":2.0},{"not_picked":["TH:BikiniMail","TH:TreasureMap","TH:ElvenBoots"],"picked":"TH:CursedSword","floor":7.0},{"not_picked":["SnafuTest:SpellBlindFury","SnafuTest:BombMoonDust","SnafuTest:BombDevilsPuffball","SnafuTest:ConciliatoryPresence"],"picked":"SnafuTest:SwordDance","floor":7.0},{"not_picked":["SnafuTest:BombDancingStar","SnafuTest:PowerAlwaysOnRoads","SnafuTest:RecklessBlow","SnafuTest:FlashingEvasion"],"picked":"SnafuTest:GetPaid","floor":8.0},{"not_picked":["TH:EnergyPotion","TH:ElvenBoots","TH:CopperCoins"],"picked":"TH:CursedSword","floor":9.0},{"not_picked":["SnafuTest:BombDevilsPuffball","SnafuTest:UndefeatedNarcissism","SnafuTest:ConciliatoryPresence","SnafuTest:PowerVainGlory"],"picked":"SnafuTest:PowerCounterAttack","floor":10.0},{"not_picked":["TH:BikiniMail","TH:CopperCoins","TH:Mimic"],"picked":"TH:TreasureMap","floor":14.0},{"not_picked":["SnafuTest:GetPaid","SnafuTest:BombMoonDust","SnafuTest:BombDevilsPuffball","SnafuTest:FlashingEvasion"],"picked":"SnafuTest:PowerMartialMagical","floor":14.0},{"not_picked":["TH:PixieDust","TH:BikiniMail","TH:Mimic"],"picked":"TH:CursedSword","floor":16.0},{"not_picked":["SnafuTest:PayExoticTreasure","SnafuTest:WarofClans","SnafuTest:Celebration","SnafuTest:PowerBloodLust"],"picked":"SnafuTest:BoxingChampion","floor":16.0},{"not_picked":["SnafuTest:PayBank","SnafuTest:Offering","SnafuTest:PowerVainGlory","SnafuTest:SpellTortoise"],"picked":"SnafuTest:SwordDance","floor":18.0},{"not_picked":["SnafuTest:CareTaker","SnafuTest:SignYrden","SnafuTest:SmashingSlash+1","SnafuTest:PowerAlwaysOnRoads"],"picked":"SnafuTest:BlueWhale","floor":19.0},{"not_picked":["SnafuTest:BombMoonDust","SnafuTest:SmashingSlash","SnafuTest:PowerAlwaysAWay+1","SnafuTest:PayHappyHour"],"picked":"SnafuTest:ScholarsIntrigue+1","floor":19.0},{"not_picked":["SnafuTest:ExcessiveLevies","SnafuTest:BombNorthernWind","SnafuTest:PowerProbingFeint","SnafuTest:PayArmorSmith"],"picked":"SnafuTest:PowerMahakam","floor":19.0},{"not_picked":["SnafuTest:PayHappyHour","SnafuTest:MCFeignDeath","SnafuTest:BombDimeritium+1","SnafuTest:BombDevilsPuffball+1"],"picked":"SnafuTest:PowerHangmenTree","floor":21.0},{"not_picked":["TH:ElvenBoots","TH:CopperCoins","TH:Mimic"],"picked":"TH:TreasureMap","floor":23.0},{"not_picked":["SnafuTest:SwordDance","SnafuTest:BombSamum","SnafuTest:AncestralRitual","SnafuTest:SignAard+1"],"picked":"SnafuTest:HermitsErudition","floor":23.0},{"not_picked":["TH:CopperCoins","TH:PixieDust","TH:ElvenBoots"],"picked":"TH:CursedSword","floor":25.0},{"not_picked":["SnafuTest:MCPlayGwent","SnafuTest:SignAxii+1","SnafuTest:SignQuen","SnafuTest:DesperateRemediation","SnafuTest:SignYrden"],"picked":"SKIP","floor":25.0},{"not_picked":["TH:CopperCoins","TH:PixieDust","TH:ArmorSpikes"],"picked":"TH:TreasureMap","floor":26.0},{"not_picked":["SnafuTest:PayBank+1","SnafuTest:MCSuccubusSeduction","SnafuTest:MCPlayGwent","SnafuTest:BombDancingStar"],"picked":"SnafuTest:Siege","floor":27.0},{"not_picked":["SnafuTest:SpellDispellingPush","SnafuTest:PayWeaponSmith","SnafuTest:GetPaid","SnafuTest:SneakKill"],"picked":"SnafuTest:LandOfFables","floor":28.0},{"not_picked":["SnafuTest:FlashingEvasion","SnafuTest:BombDragonsDream","SnafuTest:CareTaker","SnafuTest:PayArmorSmith","SnafuTest:PowerTrialOfGrasses"],"picked":"SKIP","floor":29.0},{"not_picked":["TH:ArmorSpikes","TH:ElvenBoots","TH:PixieDust"],"picked":"TH:DeckOfManyThings","floor":31.0},{"not_picked":["SnafuTest:PowerTrialOfGrasses","SnafuTest:BombSamum+1","SnafuTest:BombNorthernWind","SnafuTest:BombDimeritium"],"picked":"SnafuTest:GetPaid+1","floor":31.0},{"not_picked":["TH:CopperCoins","TH:Mimic","TH:PixieDust"],"picked":"TH:ElvenBoots","floor":33.0},{"not_picked":["SnafuTest:MagePersecution","SnafuTest:LeadingCharge","SnafuTest:PowerEquilibrium","SnafuTest:BlackSunRise"],"picked":"SnafuTest:Awake","floor":33.0},{"not_picked":["SnafuTest:CareTaker","SnafuTest:BlueWhale","SnafuTest:PayBank","SnafuTest:SpellLivingArmor"],"picked":"SnafuTest:Oriole+1","floor":35},{"not_picked":["SnafuTest:BombDevilsPuffball","SnafuTest:BlueWhale","SnafuTest:ArmoredSortie+1","SnafuTest:SpellTortoise+1","SnafuTest:WitchHunt"],"picked":"SKIP","floor":36},{"not_picked":["SnafuTest:MCFeignDeath+1","SnafuTest:ShieldUp","SnafuTest:CareTaker+1","SnafuTest:ShoulderSlam","SnafuTest:MCMockAndRun+1"],"picked":"SKIP","floor":39},{"not_picked":["TH:CursedSword","TH:ArmorSpikes","TH:EnergyPotion"],"picked":"TH:DeckOfManyThings","floor":40},{"not_picked":["SnafuTest:WitchHunt+1","SnafuTest:ScholarsIntrigue+1","SnafuTest:Offering","SnafuTest:ShoulderSlam"],"picked":"SnafuTest:PowerLadyOfLake","floor":40},{"not_picked":["TH:CopperCoins","TH:ArmorSpikes","TH:Mimic"],"picked":"TH:BikiniMail","floor":43},{"not_picked":["SnafuTest:WitchHunt","SnafuTest:SpellLivingArmor","SnafuTest:PowerCounterAttack","SnafuTest:MercilessReaper+1"],"picked":"SnafuTest:SuddenPuncture+1","floor":44},{"not_picked":["TH:ArmorSpikes","TH:PixieDust","TH:EnergyPotion"],"picked":"TH:ElvenBoots","floor":45},{"not_picked":["SnafuTest:ArmoredSortie+1","SnafuTest:ShoulderSlam","SnafuTest:MCPlayGwent+1","SnafuTest:HermitsErudition"],"picked":"SnafuTest:SpellArcaneDomain+1","floor":45},{"not_picked":["infinitespire:Punishment","infinitespire:SevenWalls"],"picked":"infinitespire:SealOfDarkness+","floor":46},{"not_picked":["SnafuTest:BattleCry","SnafuTest:BombSamum+1","SnafuTest:Siege+1","SnafuTest:Kick","Collect"],"picked":"SnafuTest:UndefeatedNarcissism","floor":46},{"not_picked":["SnafuTest:Meditation+1","SnafuTest:TrackingSense+1","SnafuTest:ExcessiveLevies","SnafuTest:SpellChainLightning+1","MostiFishMod:PathToVictory"],"picked":"SnafuTest:PowerEleganceEmbodiment","floor":47},{"not_picked":["SnafuTest:SignAard+1","SnafuTest:PowerAlwaysAWay+1","SnafuTest:PowerCounterAttack+1","SnafuTest:WitchHunt+1","WindmillStrike"],"picked":"SnafuTest:SpellTelekinesis+1","floor":48},{"not_picked":["TH:BikiniMail","TH:CopperCoins","TH:TreasureMap"],"picked":"TH:CursedSword","floor":54},{"not_picked":["SnafuTest:PowerAlwaysOnRoads+1","SnafuTest:UndefeatedNarcissism+1","SnafuTest:Offering","SnafuTest:MCSongOfPeace","Halt"],"picked":"SnafuTest:Kick","floor":54}],"player_experience":227294,"relics_obtained":[{"floor":1.0,"key":"SynthV:TestCard"},{"floor":7.0,"key":"RollingBoulder"},{"floor":14.0,"key":"SnafuTest:BearRelic"},{"floor":23.0,"key":"SnafuTest:AardRelic"},{"floor":25.0,"key":"Dota2Spire:HandOfMidas"},{"floor":26.0,"key":"Dota2Spire:BladeMail"},{"floor":27.0,"key":"Replay:Multitool"},{"floor":31.0,"key":"Toy Ornithopter"},{"floor":40,"key":"Art of War"},{"floor":43,"key":"Snack Pack"},{"floor":44,"key":"wanderingMiniBosses:Inkheart"},{"floor":45,"key":"hubris:DisguiseKit"},{"floor":46,"key":"Torii"},{"floor":49,"key":"hubris:SphereOfDissonance"},{"floor":54,"key":"StoneCalendar"}],"event_choices":[{"damage_healed":0.0,"max_hp_gain":0.0,"max_hp_loss":0.0,"gold_gain":0.0,"cards_transformed":["SnafuTest:DefaultCommonSkill"],"event_name":"Transmorgrifier","player_choice":"Transformed","floor":5.0,"gold_loss":0.0,"damage_taken":0.0,"cards_obtained":["SnafuTest:BombDimeritium"]},{"damage_healed":112.0,"max_hp_gain":0.0,"max_hp_loss":130.0,"gold_gain":0.0,"event_name":"betterThird:BetterShining","player_choice":"Upgrade","floor":11.0,"gold_loss":0.0,"damage_taken":26.0,"cards_upgraded":["SnafuTest:BombDimeritium","TH:CursedSword"]},{"damage_healed":0.0,"max_hp_gain":0.0,"max_hp_loss":0.0,"gold_gain":0.0,"event_name":"Ghosts","player_choice":"Ignored","floor":32.0,"gold_loss":0.0,"damage_taken":0.0}],"is_beta":false,"boss_relics":[{"not_picked":["halation:Risk","vexMod:RockOfEvil"],"picked":"SnafuTest:EnergyMutagenRelic"},{"not_picked":["energizedSpire:RedRose","HereWithMe"],"picked":"MostiFishMod:Hod"}],"items_purged_floors":[4,13,20],"is_endless":false,"potions_floor_spawned":[1,10,14,18,23,28,31,39,40,44,45],"ascension_level":0}}