{"host":"ixqzyafodex1tsi5","time":1609924788,"event":{"mods":["ATMod(°¢èªMod)","AchievementEnabler","Act Like it!","BaseMod","Gensokyo","GifTheSpireLib","Lobotomy","LobotomyExtend","Luminous","Minty Spire (QoL Compilation)","Relic Stats","Replay The Spire","RumiaBox-Â¶Ã×æ«µÄÉñÃØºÐ×Ó","Shop Mod","Spicy Shops","StSLib","The Cursed","[IsaacMod]ÒÔÈö¼âËþ","¡¾¹¦ÄÜMod¡¿»ìãçÖ®»·ÐÞ¸´²¹¶¡","¡¾ÒÅÎï¿¨ÅÆ¡¿REMEMod"],"gold_per_floor":[113,113,113,127,52,52,52,83,107,126,139,0,0,0,76,76,76,266,266,296,380,0,140,140,219,286,448,516,516,82,116,331,482,482,770,770,947,1108,1441,1269,1321,1481,1566,1566,1613,856,189,343,457,457,457,707,707],"floor_reached":54,"playtime":2518,"items_purged":["Defend_G","Strike_G","Looming Evil","Injury","Poison Darts","Strike_G","Defend_G"],"score":1626,"play_id":"f0e4cb41-d2ad-4716-9535-75d52ca813ef","local_time":"20210106171948","is_ascension_mode":true,"campfire_choices":[{"data":"AT_MachinaRedman","floor":6.0,"key":"SMITH"},{"floor":17.0,"key":"DIG"},{"data":"AT_KingSlayer","floor":29.0,"key":"SMITH"},{"data":"AT_Desolate","floor":29.0,"key":"SMITH"},{"data":"AT_EmpoweredMortalDraw","floor":44.0,"key":"SMITH"},{"data":"AT_EmpoweredMortalDraw","floor":44.0,"key":"SMITH"},{"data":"AT_FocusSwordFire","floor":51,"key":"SMITH"},{"data":"Phantasmal Killer","floor":51,"key":"SMITH"}],"circlet_count":0,"master_deck":["BigBird","Woodsman","Mercenary","Strike_G+1","Defend_G","Defend_G+1","Survivor","Neutralize","AT_EmpoweredMortalDraw+1","BettingIsNotGood","AT_MachinaRedman+1","Concentrate","Quick Slash","AT_KingSlayer+1","MHz","AT_FocusSwordFire+1","Tools of the Trade","Storm of Steel","AT_EmpoweredMortalDraw+1","AT_Desolate+1","Tactician+1","Acrobatics","Phantasmal Killer+1","BlueStar","AT_Desolate+1","Acrobatics","REME_MagicPocketWatch"],"relics":["Ring of the Snake","REME_ComplimentaryCards","HushsDoor","AT_ATBox","MaYiHuaBei","CogitoBucket","RabbitCall","LetterFromLob","Durian","BookOfRevelations","AdjustmentMirror","ReplayTheSpireMod:Ring of Collecting","Ring of Peace","AT_MortalBlade","SteamSale","AT_MibuBalloonWealth","Replay:Arrowhead","Sling","Pear","AT_BellowingDragoncrestRing","ReplayTheSpireMod:TigerMarble","Enchiridion","ReplayFunnel","WantedRequest","AT_TheCollector","Paper Crane","Vajra","AT_BladeRuinedKing","AT_ChloranthyRing","Torii","HonorFeather","MagicBullet_r","InspiredRelic","AT_BellDemon","Amita_r","CrimsonScar_r","Logging_r","Lamp_r","AtMidnight","TwistedFunnel","Bag of Preparation","AT_EbonyIvory","ReplayTheSpireMod:Lightbulb","MerchantsRug","Quantum Egg","MagicDraw2","CeramicFish","Dream Catcher","GodSword7","Simple Rune","ClockworkSouvenir","Omamori","HowToJump","ReplayTheSpireMod:ShopPack","GodSword1","Nunchaku","Mummified Hand","HandDrill","Ancient Tea Set","Habit","Strawberry","AT_TimeSand"],"acts_visited":["Exordium","TheCity","TheBeyond"],"potions_floor_usage":[52],"damage_taken":[{"damage":0.0,"enemies":"Small Slimes","floor":1.0,"turns":1.0},{"damage":1.0,"enemies":"Jaw Worm","floor":4.0,"turns":3.0},{"damage":10.0,"enemies":"Lagavulin","floor":8.0,"turns":3.0},{"damage":0.0,"enemies":"2 Louse","floor":10.0,"turns":2.0},{"damage":0.0,"enemies":"Exordium Wildlife","floor":11.0,"turns":1.0},{"damage":3.0,"enemies":"Exordium Thugs","floor":15.0,"turns":1.0},{"damage":21.0,"enemies":"Slime Boss","floor":18.0,"turns":6.0},{"damage":11.0,"enemies":"2 Thieves","floor":20.0,"turns":2.0},{"damage":9.0,"enemies":"Hiden Room Battle","floor":23.0,"turns":4.0},{"damage":0.0,"enemies":"Replay:Snechameleon","floor":25.0,"turns":4.0},{"damage":8.0,"enemies":"Spheric Guardian","floor":26.0,"turns":4.0},{"damage":0.0,"enemies":"Gremlin Leader","floor":27.0,"turns":2.0},{"damage":0.0,"enemies":"3 Cultists","floor":31.0,"turns":1.0},{"damage":0.0,"enemies":"Slavers","floor":32.0,"turns":1.0},{"damage":0.0,"enemies":"3 Cultists","floor":33.0,"turns":2.0},{"damage":0.0,"enemies":"Collector","floor":35.0,"turns":1.0},{"damage":25.0,"enemies":"3 Shapes","floor":37.0,"turns":4.0},{"damage":0.0,"enemies":"3 Darklings","floor":38.0,"turns":4.0},{"damage":20.0,"enemies":"Maw","floor":41.0,"turns":1.0},{"damage":0.0,"enemies":"R_Hoarder","floor":42.0,"turns":4.0},{"damage":0.0,"enemies":"Jaw Worm Horde","floor":43.0,"turns":1.0},{"damage":0,"enemies":"Giant Head","floor":48,"turns":1},{"damage":0,"enemies":"4 Shapes","floor":49,"turns":1},{"damage":0,"enemies":"Time Eater","floor":52,"turns":3}],"seed_played":"-4024143523144727893","potions_obtained":[{"floor":1.0,"key":"DuplicationPotion"},{"floor":4.0,"key":"FearPotion"},{"floor":8.0,"key":"FearPotion"},{"floor":18.0,"key":"Adrenaline Potion"},{"floor":20.0,"key":"Dexterity Potion"},{"floor":21.0,"key":"Languid Potion"},{"floor":25.0,"key":"Energy Potion"},{"floor":35.0,"key":"Milkshake"},{"floor":43.0,"key":"SteroidPotion"}],"is_trial":false,"path_per_floor":["M","?","?","M","$","R","?","E","T","M","M","$","PTL","PTL","M","?","R","B",null,"M","?","$","?","?","E","M","E","T","R","$","M","E","M","R","B",null,"M","M","?","$","M","E","M","R","T","$","$","E","M","?","R","B",null,null],"character_chosen":"THE_SILENT","items_purchased":["Elixir","REME_ArchaeologicalTools","SteamSale","AT_MibuBalloonWealth","Replay:Arrowhead","Sling","Tactician+1","Pear","Vajra","AT_BladeRuinedKing","AT_ChloranthyRing","Torii","TwistedFunnel","Bag of Preparation","AT_EbonyIvory","ReplayTheSpireMod:Lightbulb","Acrobatics","MerchantsRug","GodSword7","Simple Rune","ClockworkSouvenir","Omamori","HowToJump","ReplayTheSpireMod:ShopPack","GodSword1","Nunchaku","Mummified Hand","HandDrill","Ancient Tea Set","Habit"],"campfire_rested":0,"item_purchase_floors":[12,12,22,22,22,22,22,22,30,30,30,30,40,40,40,40,40,40,46,46,46,46,46,46,47,47,47,47,47,47],"current_hp_per_floor":[63,63,46,45,45,45,38,33,33,33,33,33,33,33,48,48,48,60,74,75,56,66,54,38,44,42,66,66,66,66,88,88,89,92,94,94,82,100,100,100,86,92,110,111,111,111,111,119,123,123,123,125,125],"gold":707,"neow_bonus":"","is_daily":false,"chose_seed":false,"campfire_upgraded":7,"win_rate":0.0,"timestamp":1609924788,"path_taken":["M","?","?","?","?","R","?","E","T","M","M","$","PTL","PTL","M","?","R","BOSS","M","?","$","?","?","E","M","E","T","R","?","M","E","M","R","BOSS","M","M","?","$","M","E","?","R","T","?","$","E","M","?","R","BOSS"],"items_purchased_type":["Potion","Relic","Relic","Relic","Relic","Relic","Card","Relic","Relic","Relic","Relic","Relic","Relic","Relic","Relic","Relic","Card","Relic","Relic","Relic","Relic","Relic","Relic","Relic","Relic","Relic","Relic","Relic","Relic","Relic"],"build_version":"2020-12-22","purchased_purges":7,"victory":true,"max_hp_per_floor":[70,70,70,70,70,70,70,75,75,75,75,75,75,75,75,75,75,78,78,78,78,88,88,88,88,88,88,88,88,88,88,88,92,92,94,94,98,106,106,106,107,108,111,111,111,111,111,119,123,123,123,125,125],"relic_stats":{"Dream Catcher":0,"Nunchaku":[1],"Torii":6,"counters":[28,61],"Mummified Hand":[4],"CeramicFish":18,"Bag of Preparation":[0],"HandDrill":[0],"obtain_stats":[{"TwistedFunnel":40,"HonorFeather":31,"AT_ATBox":0,"AT_MibuBalloonWealth":22,"CeramicFish":42,"Vajra":30,"AT_TimeSand":49,"AdjustmentMirror":15,"REME_IWantAll":17,"Sling":22,"MagicDraw2":42,"Strawberry":48,"REME_ArchaeologicalTools":12,"HandDrill":47,"WantedRequest":27,"KeepersGift":0,"Logging_r":33,"MerchantsRug":40,"Pear":22,"MagicBullet_r":31,"BookOfRevelations":9,"AT_MortalBlade":19,"AT_EbonyIvory":40,"Paper Crane":28,"SteamSale":22,"AT_TheCollector":27,"ReplayTheSpireMod:Ring of Collecting":16,"Simple Rune":46,"GodSword7":46,"ReplayTheSpireMod:TigerMarble":23,"HushsDoor":0,"InspiredRelic":31,"GodSword1":47,"MaYiHuaBei":0,"ReplayFunnel":25,"AT_BellDemon":32,"RabbitCall":0,"Torii":30,"Enchiridion":24,"REME_DuelDisc":36,"Bag of Preparation":40,"Ancient Tea Set":47,"Amita_r":33,"ClockworkSouvenir":46,"Lamp_r":35,"CogitoBucket":0,"Dream Catcher":43,"Nunchaku":47,"Mummified Hand":47,"Ring of Peace":16,"CrimsonScar_r":33,"Ring of the Snake":0,"AT_ChloranthyRing":30,"HowToJump":46,"Golden Idol":3,"Quantum Egg":41,"AT_BladeRuinedKing":30,"Omamori":46,"Replay:Arrowhead":22,"Habit":47,"AT_BellowingDragoncrestRing":23,"AtMidnight":37,"LetterFromLob":1,"Durian":8,"ReplayTheSpireMod:Lightbulb":40,"REME_ComplimentaryCards":0,"ReplayTheSpireMod:ShopPack":46},{"TwistedFunnel":21,"HonorFeather":15,"AT_ATBox":0,"AT_MibuBalloonWealth":9,"CeramicFish":23,"Vajra":14,"AT_TimeSand":26,"AdjustmentMirror":7,"REME_IWantAll":7,"Sling":9,"MagicDraw2":23,"Strawberry":25,"REME_ArchaeologicalTools":5,"HandDrill":24,"WantedRequest":14,"KeepersGift":0,"Logging_r":17,"MerchantsRug":21,"Pear":9,"MagicBullet_r":15,"BookOfRevelations":3,"AT_MortalBlade":8,"AT_EbonyIvory":21,"Paper Crane":14,"SteamSale":9,"AT_TheCollector":14,"ReplayTheSpireMod:Ring of Collecting":7,"Simple Rune":24,"GodSword7":24,"ReplayTheSpireMod:TigerMarble":10,"HushsDoor":0,"InspiredRelic":15,"GodSword1":24,"MaYiHuaBei":0,"ReplayFunnel":11,"AT_BellDemon":16,"RabbitCall":0,"Torii":14,"Enchiridion":10,"REME_DuelDisc":18,"Bag of Preparation":21,"Ancient Tea Set":24,"Amita_r":17,"ClockworkSouvenir":24,"Lamp_r":18,"CogitoBucket":0,"Dream Catcher":24,"Nunchaku":24,"Mummified Hand":24,"Ring of Peace":7,"CrimsonScar_r":17,"Ring of the Snake":0,"AT_ChloranthyRing":14,"HowToJump":24,"Golden Idol":1,"Quantum Egg":22,"AT_BladeRuinedKing":14,"Omamori":24,"Replay:Arrowhead":9,"Habit":24,"AT_BellowingDragoncrestRing":10,"AtMidnight":20,"LetterFromLob":1,"Durian":3,"ReplayTheSpireMod:Lightbulb":21,"REME_ComplimentaryCards":0,"ReplayTheSpireMod:ShopPack":24},{"TwistedFunnel":49,"HonorFeather":36,"AT_ATBox":0,"AT_MibuBalloonWealth":20,"CeramicFish":54,"Vajra":35,"AT_TimeSand":57,"AdjustmentMirror":12,"REME_IWantAll":12,"Sling":20,"MagicDraw2":54,"Strawberry":56,"REME_ArchaeologicalTools":10,"HandDrill":55,"WantedRequest":35,"KeepersGift":0,"Logging_r":39,"MerchantsRug":49,"Pear":20,"MagicBullet_r":36,"BookOfRevelations":7,"AT_MortalBlade":18,"AT_EbonyIvory":49,"Paper Crane":35,"SteamSale":20,"AT_TheCollector":35,"ReplayTheSpireMod:Ring of Collecting":12,"Simple Rune":55,"GodSword7":55,"ReplayTheSpireMod:TigerMarble":24,"HushsDoor":0,"InspiredRelic":36,"GodSword1":55,"MaYiHuaBei":0,"ReplayFunnel":28,"AT_BellDemon":37,"RabbitCall":0,"Torii":35,"Enchiridion":24,"REME_DuelDisc":40,"Bag of Preparation":49,"Ancient Tea Set":55,"Amita_r":38,"ClockworkSouvenir":55,"Lamp_r":40,"CogitoBucket":0,"Dream Catcher":55,"Nunchaku":55,"Mummified Hand":55,"Ring of Peace":12,"CrimsonScar_r":39,"Ring of the Snake":0,"AT_ChloranthyRing":35,"HowToJump":55,"Golden Idol":1,"Quantum Egg":50,"AT_BladeRuinedKing":35,"Omamori":55,"Replay:Arrowhead":20,"Habit":55,"AT_BellowingDragoncrestRing":24,"AtMidnight":45,"LetterFromLob":1,"Durian":7,"ReplayTheSpireMod:Lightbulb":49,"REME_ComplimentaryCards":0,"ReplayTheSpireMod:ShopPack":55}],"Ring of the Snake":[56]},"card_choices":[{"not_picked":[],"picked":"BettingIsNotGood","floor":0.0},{"not_picked":["OSAHOGD","CherryBlossoms","SingingMachine"],"picked":"Singing Bowl","floor":1.0},{"not_picked":["Hidden Blade","Deadly Poison"],"picked":"Concentrate","floor":1.0},{"not_picked":["LittleHelper","OSAHOGD","FairyFestival"],"picked":"Singing Bowl","floor":4.0},{"not_picked":["Sucker Punch","AT_WomanClash"],"picked":"Quick Slash","floor":4.0},{"not_picked":["SpiderBud","Rudolta"],"picked":"Mercenary","floor":8.0},{"not_picked":["Backstab","Blade Dance"],"picked":"AT_KingSlayer","floor":8.0},{"not_picked":["Variant","OldLady"],"picked":"MHz","floor":10.0},{"not_picked":["Deflect","PiercingWail"],"picked":"AT_FocusSwordFire","floor":10.0},{"not_picked":["QueenBee","Rudolta"],"picked":"Woodsman","floor":11.0},{"not_picked":["Skewer","Cloak And Dagger","Distraction"],"picked":"SKIP","floor":11.0},{"not_picked":["GalaxyChild","OSAHOGD","QueenBee"],"picked":"Singing Bowl","floor":15.0},{"not_picked":["Bane","AT_WindFlip","Hidden Blade"],"picked":"SKIP","floor":15.0},{"not_picked":["FairyFestival","VoidDream","QueenOfHatred"],"picked":"Singing Bowl","floor":18.0},{"not_picked":["Tools of the Trade","Poison Darts","Storm of Steel"],"picked":"Singing Bowl","floor":18.0},{"not_picked":["LittlePrince","DespairKnight","Porccubus"],"picked":"Singing Bowl","floor":20.0},{"not_picked":["Slice","Bane","Setup"],"picked":"SKIP","floor":20.0},{"not_picked":["Acrobatics","Leg Sweep"],"picked":"AT_Desolate","floor":21.0},{"not_picked":["BlackArmy","Freischutz","Scarecrow"],"picked":"Singing Bowl","floor":23.0},{"not_picked":["GreedKing","Bloodbath","LittlePrince"],"picked":"Singing Bowl","floor":25.0},{"not_picked":["NakedNest","Scorched"],"picked":"BigBird","floor":25.0},{"not_picked":["Skewer","AT_WindRun+1","ReplayTheSpireMod:Scrap Shanks"],"picked":"SKIP","floor":25.0},{"not_picked":["Skewer","AT_WindRun+1","ReplayTheSpireMod:Scrap Shanks"],"picked":"SKIP","floor":25.0},{"not_picked":["BlackSwan","NakedNest","Rudolta"],"picked":"Singing Bowl","floor":26.0},{"not_picked":["Distraction","Terror"],"picked":"Acrobatics","floor":26.0},{"not_picked":["Laetitia","NakedNest","LittlePrince"],"picked":"Singing Bowl","floor":27.0},{"not_picked":["Flechettes+1","AT_Desolate","ReplayTheSpireMod:Tripwire"],"picked":"SKIP","floor":27.0},{"not_picked":["BlackArmy","Funeral","GreedKing"],"picked":"Singing Bowl","floor":32.0},{"not_picked":["Dagger Throw","PiercingWail","REME_GreenPollution"],"picked":"SKIP","floor":32.0},{"not_picked":["OSAHOGD","DreamingCurrent","Laetitia"],"picked":"Singing Bowl","floor":33.0},{"not_picked":["Sucker Punch+1","Deadly Poison","Outmaneuver"],"picked":"SKIP","floor":33.0},{"not_picked":["VoidDream","LaLuna","DreamingCurrent"],"picked":"Singing Bowl","floor":35.0},{"not_picked":["Corpse Explosion","Poison Darts"],"picked":"Phantasmal Killer","floor":35.0},{"not_picked":["Bloodbath","BeautyBeast","ShyLook"],"picked":"Singing Bowl","floor":37.0},{"not_picked":["Caltrops+1","Underhanded Strike+1","Poisoned Stab+1"],"picked":"SKIP","floor":37.0},{"not_picked":["OldLady","CherryBlossoms"],"picked":"BlueStar","floor":38.0},{"not_picked":["Finisher+1","Distraction"],"picked":"AT_Desolate+1","floor":38.0},{"not_picked":["SingingMachine","HappyTeddy","Porccubus"],"picked":"Singing Bowl","floor":41.0},{"not_picked":["Bane+1","Calculated Gamble+1","PiercingWail"],"picked":"SKIP","floor":41.0},{"not_picked":["FieryBird","BlackSwan","Variant"],"picked":"Singing Bowl","floor":42.0},{"not_picked":["ReplayTheSpireMod:Tripwire+1","Predator","Flying Knee"],"picked":"SKIP","floor":42.0},{"not_picked":["CrumblingArmor","Laetitia","Yin"],"picked":"Singing Bowl","floor":43.0},{"not_picked":["Sucker Punch+1","Storm of Steel","Endless Agony+1"],"picked":"SKIP","floor":43.0},{"not_picked":["REME_BattleFury","Discovery"],"picked":"Bomb","floor":46},{"not_picked":["Bomb","Specialist"],"picked":"REME_MagicPocketWatch","floor":46},{"not_picked":["Murderer","QueenBee","DespairKnight"],"picked":"Singing Bowl","floor":48},{"not_picked":["Bane","Prepared","Slice+1"],"picked":"SKIP","floor":48},{"not_picked":["Poisoned Stab","Dagger Throw","Deflect"],"picked":"SKIP","floor":49}],"player_experience":233443,"relics_obtained":[{"floor":1.0,"key":"LetterFromLob"},{"floor":8.0,"key":"Durian"},{"floor":9.0,"key":"BookOfRevelations"},{"floor":16.0,"key":"ReplayTheSpireMod:Ring of Collecting"},{"floor":16.0,"key":"Ring of Peace"},{"floor":17.0,"key":"REME_IWantAll"},{"floor":23.0,"key":"AT_BellowingDragoncrestRing"},{"floor":23.0,"key":"ReplayTheSpireMod:TigerMarble"},{"floor":24.0,"key":"Enchiridion"},{"floor":25.0,"key":"ReplayFunnel"},{"floor":27.0,"key":"AT_TheCollector"},{"floor":28.0,"key":"Paper Crane"},{"floor":32.0,"key":"AT_BellDemon"},{"floor":37.0,"key":"AtMidnight"},{"floor":41.0,"key":"Quantum Egg"},{"floor":42.0,"key":"MagicDraw2"},{"floor":42.0,"key":"CeramicFish"},{"floor":43.0,"key":"Dream Catcher"},{"floor":48,"key":"Strawberry"},{"floor":49,"key":"AT_TimeSand"}],"event_choices":[{"damage_healed":0.0,"max_hp_gain":0.0,"max_hp_loss":0.0,"gold_gain":0.0,"event_name":"Golden Idol","player_choice":"Take Damage","floor":3.0,"gold_loss":0.0,"damage_taken":17.0,"relics_obtained":["Golden Idol"]},{"cards_removed":["Defend_G"],"damage_healed":0.0,"max_hp_gain":0.0,"max_hp_loss":0.0,"gold_gain":0.0,"event_name":"Golden Wing","player_choice":"Card Removal","floor":7.0,"gold_loss":0.0,"damage_taken":7.0},{"damage_healed":0.0,"max_hp_gain":0.0,"max_hp_loss":0.0,"gold_gain":0.0,"event_name":"HidenRoomEvent","player_choice":"Fight","floor":23.0,"gold_loss":0.0,"damage_taken":0.0},{"damage_healed":0.0,"max_hp_gain":0.0,"max_hp_loss":0.0,"gold_gain":0.0,"event_name":"Cursed Tome","player_choice":"Obtained Book","floor":24.0,"gold_loss":0.0,"damage_taken":16.0},{"damage_healed":0.0,"max_hp_gain":0.0,"max_hp_loss":0.0,"gold_gain":333.0,"event_name":"The Moai Head","player_choice":"Gave Idol","floor":39.0,"relics_lost":["Golden Idol"],"gold_loss":0.0,"damage_taken":0.0}],"is_beta":false,"boss_relics":[{"not_picked":["SoulBox","Ectoplasm"],"picked":"AT_MortalBlade"},{"not_picked":[]},{"not_picked":["Snecko Eye","ReplayTheSpireMod:DimensionalGlitch"],"picked":"REME_DuelDisc"},{"not_picked":[]}],"items_purged_floors":[5,12,30,40,46,46,47],"is_endless":false,"potions_floor_spawned":[1,4,8,18,20,25,35,38,42,43,48],"ascension_level":8}}