{"host":"9l1knhxfturzliqa","time":1609910518,"event":{"mods":["BaseMod","Colored Map","Colored Powertips","DeckTracker","Highlight Path","Keyboard Shortcuts","Minty Spire (QoL Compilation)","Random Character Button"],"gold_per_floor":[367,52,52,81,102,128,171,195,195,195,6,57,85,126,126,230,230,247,267,285,243,59,59,88,88,88,108,108,151,176,204,204,204,204],"floor_reached":33,"playtime":3539,"items_purged":["Doubt","Defend_G"],"score":451,"play_id":"28967d64-4387-4709-a727-62cd739fc51a","local_time":"20210106142158","is_ascension_mode":true,"campfire_choices":[{"data":"Infinite Blades","floor":10.0,"key":"SMITH"},{"data":"Accuracy","floor":15.0,"key":"SMITH"},{"data":"Envenom","floor":23.0,"key":"SMITH"},{"data":"Finisher","floor":25.0,"key":"SMITH"},{"data":"Prepared","floor":28.0,"key":"SMITH"},{"data":"Phantasmal Killer","floor":32.0,"key":"SMITH"}],"circlet_count":0,"master_deck":["Strike_G+1","Strike_G","Strike_G","Defend_G","Defend_G","Survivor","Neutralize","Poisoned Stab","Finisher+1","Tactician+1","Slice","Sucker Punch","Masterful Stab+1","Backflip","Infinite Blades+1","Flechettes","Cloak And Dagger","Accuracy+1","Envenom+1","PiercingWail","All Out Attack","Prepared+1","Slice","Die Die Die","Escape Plan","Bandage Up","Blade Dance+1","Phantasmal Killer+1","Dagger Spray+1","Outmaneuver+1"],"relics":["Ring of the Snake","CeramicFish","Bronze Scales","Ginger","Membership Card","Whetstone","Girya","HoveringKite","MealTicket","Tough Bandages","Lantern","Bottled Lightning"],"acts_visited":["Exordium","TheCity"],"potions_floor_usage":[33],"damage_taken":[{"damage":7.0,"enemies":"Small Slimes","floor":1.0,"turns":7.0},{"damage":1.0,"enemies":"Cultist","floor":4.0,"turns":3.0},{"damage":12.0,"enemies":"Jaw Worm","floor":5.0,"turns":3.0},{"damage":4.0,"enemies":"3 Louse","floor":6.0,"turns":3.0},{"damage":2.0,"enemies":"3 Sentries","floor":7.0,"turns":5.0},{"damage":5.0,"enemies":"Gremlin Gang","floor":8.0,"turns":3.0},{"damage":3.0,"enemies":"Blue Slaver","floor":13.0,"turns":3.0},{"damage":0.0,"enemies":"Gremlin Nob","floor":14.0,"turns":2.0},{"damage":10.0,"enemies":"Slime Boss","floor":16.0,"turns":9.0},{"damage":4.0,"enemies":"Shell Parasite","floor":18.0,"turns":4.0},{"damage":15.0,"enemies":"3 Byrds","floor":19.0,"turns":4.0},{"damage":12.0,"enemies":"Gremlin Leader","floor":24.0,"turns":7.0},{"damage":13.0,"enemies":"Cultist and Chosen","floor":27.0,"turns":4.0},{"damage":11.0,"enemies":"Slavers","floor":29.0,"turns":4.0},{"damage":0.0,"enemies":"Snake Plant","floor":30.0,"turns":2.0},{"damage":2.0,"enemies":"Centurion and Healer","floor":31.0,"turns":3.0},{"damage":57,"enemies":"Automaton","floor":33,"turns":6}],"seed_played":"3779423101680914933","potions_obtained":[{"floor":6.0,"key":"SkillPotion"},{"floor":8.0,"key":"SneckoOil"},{"floor":13.0,"key":"Ancient Potion"},{"floor":14.0,"key":"GamblersBrew"},{"floor":18.0,"key":"Fruit Juice"},{"floor":19.0,"key":"Regen Potion"},{"floor":24.0,"key":"FearPotion"},{"floor":31.0,"key":"PowerPotion"}],"is_trial":false,"path_per_floor":["M","$","?","M","M","M","E","M","T","R","$","T","M","E","R","B",null,"M","M","?","?","$","R","E","R","T","M","R","E","M","M","R","B"],"character_chosen":"THE_SILENT","items_purchased":["CeramicFish","Finisher","Tactician","Membership Card","Flechettes","BlessingOfTheForge","MealTicket","Escape Plan","Bandage Up"],"campfire_rested":0,"item_purchase_floors":[2,2,2,11,11,11,22,22,22],"current_hp_per_floor":[56,56,56,55,43,39,37,32,32,32,32,32,29,29,29,19,57,58,43,43,43,43,43,50,50,50,41,41,34,38,40,40,0,0],"gold":204,"neow_bonus":"TWO_FIFTY_GOLD","is_daily":false,"chose_seed":false,"campfire_upgraded":6,"win_rate":0.0,"timestamp":1609910518,"path_taken":["M","$","?","M","M","M","E","M","T","R","$","?","?","E","R","BOSS","M","M","?","?","$","R","E","R","T","?","R","E","M","M","R","BOSS"],"items_purchased_type":["Relic","Card","Card","Relic","Card","Potion","Relic","Card","Card"],"build_version":"2020-12-22","purchased_purges":2,"victory":false,"max_hp_per_floor":[70,70,70,70,70,70,70,70,70,70,70,70,70,70,70,70,70,75,75,75,75,75,75,75,75,75,75,75,75,75,75,75,75,75],"card_choices":[{"not_picked":["Deflect","Slice"],"picked":"Poisoned Stab","floor":1.0},{"not_picked":["Flying Knee","Eviscerate"],"picked":"Slice","floor":4.0},{"not_picked":["All Out Attack","Eviscerate"],"picked":"Sucker Punch","floor":5.0},{"not_picked":["PiercingWail","Noxious Fumes"],"picked":"Masterful Stab","floor":6.0},{"not_picked":["Dash","Poisoned Stab"],"picked":"Backflip","floor":7.0},{"not_picked":["Leg Sweep","Deadly Poison"],"picked":"Infinite Blades","floor":8.0},{"not_picked":["Calculated Gamble","Flying Knee"],"picked":"Cloak And Dagger","floor":13.0},{"not_picked":["Flying Knee","Prepared"],"picked":"Accuracy","floor":14.0},{"not_picked":["Wraith Form v2","Storm of Steel"],"picked":"Envenom","floor":16.0},{"not_picked":["Quick Slash","Backflip+1","Deadly Poison"],"picked":"SKIP","floor":18.0},{"not_picked":["Sucker Punch","Poisoned Stab"],"picked":"PiercingWail","floor":19.0},{"not_picked":["Deadly Poison","Wraith Form v2","All Out Attack+1"],"picked":"SKIP","floor":24.0},{"not_picked":["Quick Slash","Poisoned Stab"],"picked":"Blade Dance+1","floor":27.0},{"not_picked":["Reflex","Bane+1"],"picked":"Phantasmal Killer","floor":29.0},{"not_picked":["Cloak And Dagger","Flechettes"],"picked":"Dagger Spray+1","floor":30.0},{"not_picked":["Deadly Poison","Quick Slash"],"picked":"Outmaneuver+1","floor":31.0}],"player_experience":341314,"relics_obtained":[{"floor":7.0,"key":"Bronze Scales"},{"floor":9.0,"key":"Ginger"},{"floor":12.0,"key":"Whetstone"},{"floor":14.0,"key":"Girya"},{"floor":24.0,"key":"Tough Bandages"},{"floor":26.0,"key":"Lantern"},{"floor":29.0,"key":"Bottled Lightning"}],"event_choices":[{"damage_healed":0.0,"max_hp_gain":0.0,"max_hp_loss":0.0,"gold_gain":0.0,"event_name":"Accursed Blacksmith","player_choice":"Forge","floor":3.0,"gold_loss":0.0,"damage_taken":0.0,"cards_upgraded":["Tactician"]},{"damage_healed":0.0,"max_hp_gain":0.0,"max_hp_loss":0.0,"gold_gain":0.0,"cards_transformed":["Strike_G","Strike_G"],"event_name":"Drug Dealer","player_choice":"Became Test Subject","floor":20.0,"gold_loss":0.0,"damage_taken":0.0,"cards_obtained":["All Out Attack","Prepared"]},{"damage_healed":0.0,"max_hp_gain":0.0,"max_hp_loss":0.0,"gold_gain":0.0,"cards_transformed":["Defend_G","Defend_G"],"event_name":"Designer","player_choice":"Transformed Cards","floor":21.0,"gold_loss":60.0,"damage_taken":0.0,"cards_obtained":["Slice","Die Die Die"]}],"is_beta":false,"boss_relics":[{"not_picked":["Black Star","Snecko Eye"],"picked":"HoveringKite"}],"items_purged_floors":[2,22],"is_endless":false,"potions_floor_spawned":[6,8,13,14,18,19,24,31],"killed_by":"Automaton","ascension_level":8}}