{"host":"qojc688juf5ijsln","time":1609916224,"event":{"mods":["AchievementEnabler","BaseMod","BetterRewards","Colored Powertips","Highlight Path","Minty Spire (QoL Compilation)","Quick Restart","Shop Mod","StSLib"],"gold_per_floor":[111,111,124,124,142,172,188,200,200,233,249,279,290,322,322,322,322],"floor_reached":16,"playtime":657,"items_purged":["Defend_R"],"score":161,"play_id":"04591f35-d9f6-469b-8dda-3e50b94c3654","local_time":"20210106145704","is_ascension_mode":true,"campfire_choices":[{"data":"Whirlwind","floor":15,"key":"SMITH"}],"circlet_count":0,"master_deck":["Strike_R","Strike_R","Strike_R","Strike_R","Strike_R","Defend_R","Defend_R","Bash","Dramatic Entrance+1","Flex","Bloodletting","Whirlwind+1","Warcry"],"relics":["Burning Blood","Magic Flower","Ancient Tea Set","Shuriken","Self Forming Clay","InkBottle","Mercury Hourglass"],"acts_visited":["Exordium"],"potions_floor_usage":[6,10,14,14,15],"damage_taken":[{"damage":6,"enemies":"Cultist","floor":1,"turns":3},{"damage":0,"enemies":"2 Louse","floor":3,"turns":1},{"damage":7,"enemies":"Jaw Worm","floor":5,"turns":2},{"damage":42,"enemies":"Lagavulin","floor":6,"turns":6},{"damage":0,"enemies":"2 Fungi Beasts","floor":7,"turns":2},{"damage":7,"enemies":"Exordium Wildlife","floor":8,"turns":2},{"damage":10,"enemies":"Gremlin Nob","floor":10,"turns":3},{"damage":7,"enemies":"Gremlin Gang","floor":11,"turns":2},{"damage":30,"enemies":"Lagavulin","floor":12,"turns":4},{"damage":0,"enemies":"3 Louse","floor":13,"turns":2},{"damage":12,"enemies":"3 Sentries","floor":14,"turns":3},{"damage":64,"enemies":"The Guardian","floor":16,"turns":8}],"seed_played":"-7195491103598421940","potions_obtained":[{"floor":1,"key":"AttackPotion"},{"floor":6,"key":"Energy Potion"},{"floor":8,"key":"LiquidMemories"},{"floor":11,"key":"Explosive Potion"},{"floor":14,"key":"BloodPotion"}],"is_trial":false,"path_per_floor":["M","?","M","?","M","E","M","M","T","E","M","E","M","E","R","B"],"character_chosen":"IRONCLAD","items_purchased":["Dramatic Entrance"],"campfire_rested":0,"item_purchase_floors":[0],"current_hp_per_floor":[80,80,80,80,80,47,56,58,58,57,59,38,47,44,60,0,0],"gold":322,"neow_bonus":"","is_daily":false,"chose_seed":false,"campfire_upgraded":1,"win_rate":0.0,"timestamp":1609916224,"path_taken":["M","?","?","?","M","E","M","?","T","E","M","E","M","E","R","BOSS"],"items_purchased_type":["Card"],"build_version":"2020-12-22","purchased_purges":1,"victory":false,"max_hp_per_floor":[80,80,80,80,80,80,80,80,80,80,80,80,80,80,80,80,80],"card_choices":[{"not_picked":["True Grit","Body Slam","Thunderclap"],"picked":"SKIP","floor":1},{"not_picked":["Fire Breathing","Carnage","Sentinel"],"picked":"SKIP","floor":3},{"not_picked":["True Grit","Spot Weakness","Twin Strike"],"picked":"SKIP","floor":5},{"not_picked":["Heavy Blade","Wild Strike","Dropkick"],"picked":"SKIP","floor":6},{"not_picked":["Twin Strike","True Grit"],"picked":"Flex","floor":7},{"not_picked":["Sword Boomerang","True Grit","Rage"],"picked":"SKIP","floor":8},{"not_picked":["Immolate","Anger","Flame Barrier"],"picked":"SKIP","floor":10},{"not_picked":["Intimidate","Warcry"],"picked":"Bloodletting","floor":11},{"not_picked":["Heavy Blade","Perfected Strike"],"picked":"Whirlwind","floor":12},{"not_picked":["Intimidate","Infernal Blade"],"picked":"Warcry","floor":13},{"not_picked":["Pummel","Immolate","Sword Boomerang"],"picked":"SKIP","floor":14}],"player_experience":54491,"relics_obtained":[{"floor":6,"key":"Ancient Tea Set"},{"floor":9,"key":"Shuriken"},{"floor":10,"key":"Self Forming Clay"},{"floor":12,"key":"InkBottle"},{"floor":14,"key":"Mercury Hourglass"}],"event_choices":[{"damage_healed":0,"gold_gain":0,"player_choice":"Forge","damage_taken":0,"max_hp_gain":0,"max_hp_loss":0,"event_name":"Accursed Blacksmith","floor":2,"gold_loss":0,"cards_upgraded":["Dramatic Entrance"]},{"cards_removed":["Defend_R"],"damage_healed":0,"gold_gain":0,"player_choice":"Offered Basic","damage_taken":0,"max_hp_gain":0,"max_hp_loss":0,"event_name":"Bonfire Elementals","floor":4,"gold_loss":0}],"is_beta":false,"boss_relics":[],"items_purged_floors":[0],"is_endless":false,"potions_floor_spawned":[1,6,8,11,14],"killed_by":"The Guardian","ascension_level":4}}