{"host":"byfc0n0a1d7t61kp","time":1609927515,"event":{"mods":["BaseMod","Bestiary","Better Third Choice","BetterRewards","Colored Powertips","Conspire","Curses Come First","Downfall","Evolution","Hubris","Infinite Spire","Minty Spire (QoL Compilation)","Quick Restart","Replay The Spire","Shop Mod","Spicy Shops","StSLib","Synergy Search"],"gold_per_floor":[115,131,131,144,155,155,155,155,190,20,20,20,20,20,20,47,47,146,146,163,78,78,78,44,76,76,101,179,190,190,190,202,222,222,222,222],"floor_reached":35,"playtime":2525,"items_purged":[],"score":403,"play_id":"cac90bd8-86ce-4a16-aebb-6a496ca175de","local_time":"20210106110515","is_ascension_mode":true,"campfire_choices":[{"data":"Chill","floor":8.0,"key":"SMITH"},{"data":"Sweeping Beam","floor":15.0,"key":"SMITH"},{"data":"BasicCrystalCard","floor":17.0,"key":"SMITH"},{"data":"Double Tap","floor":26,"key":"SMITH"},{"floor":31,"key":"REST"},{"floor":34,"key":"REST"}],"circlet_count":0,"master_deck":["Sweeping Beam","Sweeping Beam","Sweeping Beam+1","Strike_B","Defend_B","Defend_B","Defend_B","Defend_B","Zap","BasicCrystalCard+1","ReplayTheSpireMod:Calculation Training","Gash+1","Chill+1","ReplayTheSpireMod:Trickstab","Capacitor","Bash","Clash","Double Tap+1","Ball Lightning+1","RitualDagger","Gash+1","Gash+1","Clash+1","BasicCrystalCard+1","Hologram","Poisoned Stab","Gash+1"],"relics":["EVO:Axolotl","hubris:SlimyHat","Iron Core","Odd Mushroom","Replay:Grab Bag","Replay:Bronze Core","Sozu","Runic Pyramid","hubris:BottledRain","MutagenicStrength","Replay:Bottled Eggs","Blood Vial","hubris:DisguiseKit","Enchiridion"],"acts_visited":["Exordium","TheCity"],"potions_floor_usage":[],"damage_taken":[{"damage":0.0,"enemies":"conspire:RoseBush","floor":1.0,"turns":3.0},{"damage":1.0,"enemies":"Cultist","floor":2.0,"turns":3.0},{"damage":3.0,"enemies":"2 Louse","floor":4.0,"turns":2.0},{"damage":2.0,"enemies":"2 Fungi Beasts","floor":5.0,"turns":3.0},{"damage":26.0,"enemies":"Gremlin Nob","floor":9.0,"turns":4.0},{"damage":1.0,"enemies":"The Mushroom Lair","floor":16.0,"turns":3.0},{"damage":30.0,"enemies":"Fading Forest","floor":18.0,"turns":11.0},{"damage":11,"enemies":"2 Thieves","floor":20,"turns":3},{"damage":4,"enemies":"Slavers","floor":25,"turns":4},{"damage":21,"enemies":"conspire:Head Lice","floor":27,"turns":7},{"damage":0,"enemies":"3 Byrds","floor":29,"turns":3},{"damage":10,"enemies":"Snake Plant","floor":32,"turns":3},{"damage":14,"enemies":"Snecko","floor":33,"turns":4},{"damage":58,"enemies":"Automaton","floor":35,"turns":6}],"seed_played":"-2400000781984040408","potions_obtained":[{"floor":1.0,"key":"SpeedPotion"},{"floor":4.0,"key":"EssenceOfSteel"}],"is_trial":false,"path_per_floor":["M","M","?","M","M","PTL","PTL","R","E","$","T","$","?","$","R","?","R","B",null,"M","?","?","?","$","E","R","E","T","M","?","R","M","M","R","B"],"character_chosen":"DEFECT","items_purchased":["ReplayTheSpireMod:Trickstab","Capacitor","Gash"],"campfire_rested":2,"item_purchase_floors":[10,10,24],"current_hp_per_floor":[75,74,74,71,69,69,69,69,43,43,43,43,43,43,43,42,42,22,67,56,56,56,50,50,46,46,25,25,27,11,35,27,15,39,0,0],"gold":222,"neow_bonus":"TEN_PERCENT_HP_BONUS","is_daily":false,"chose_seed":false,"campfire_upgraded":4,"win_rate":0.0,"timestamp":1609927515,"path_taken":["M","M","?","M","M","PTL","PTL","R","E","$","T","?","?","?","R","?","R","BOSS","M","?","?","?","$","E","R","E","T","M","?","R","M","M","R","BOSS"],"items_purchased_type":["Card","Card","Card"],"build_version":"2020-12-22","purchased_purges":0,"victory":false,"max_hp_per_floor":[82,82,82,82,82,82,82,82,82,82,82,82,82,82,82,82,82,82,82,82,82,82,82,82,82,82,82,82,82,82,82,82,82,82,82,82],"card_choices":[{"not_picked":["Cold Snap","hubris:PowerSurge"],"picked":"BasicCrystalCard","floor":1.0},{"not_picked":["Hologram","Redo"],"picked":"ReplayTheSpireMod:Calculation Training","floor":2.0},{"not_picked":["Leap","Redo"],"picked":"Gash","floor":4.0},{"not_picked":["Hologram","Blizzard"],"picked":"Chill","floor":5.0},{"not_picked":["Panic Button","Barrage","Recycle"],"picked":"SKIP","floor":9.0},{"not_picked":["Auto Shields","hubris:DoWhile"],"picked":"Clash","floor":16.0},{"not_picked":["hubris:SpecializedCircuitry","hubris:Prefetch"],"picked":"Double Tap","floor":18.0},{"not_picked":["Panic Button","Consume"],"picked":"Ball Lightning+1","floor":20},{"not_picked":["ReplayTheSpireMod:Reroute Power+1","BasicCrystalCard+1"],"picked":"Clash+1","floor":25},{"not_picked":["Whirlwind","hubris:Prefetch"],"picked":"BasicCrystalCard+1","floor":27},{"not_picked":["Turbo","Doom and Gloom","Prepared"],"picked":"Hologram","floor":29},{"not_picked":["Compile Driver","Cold Snap","Redo"],"picked":"Poisoned Stab","floor":32},{"not_picked":["hubris:PowerSurge+1","Clash+1","Deflect"],"picked":"Gash","floor":33}],"player_experience":329008,"relics_obtained":[{"floor":9.0,"key":"hubris:SlimyHat"},{"floor":16.0,"key":"Odd Mushroom"},{"floor":25,"key":"Replay:Bottled Eggs"},{"floor":27,"key":"Blood Vial"},{"floor":28,"key":"hubris:DisguiseKit"},{"floor":30,"key":"Enchiridion"}],"event_choices":[{"damage_healed":0.0,"max_hp_gain":0.0,"max_hp_loss":0.0,"gold_gain":0.0,"event_name":"The Woman in Blue","player_choice":"Bought 0 Potions","floor":3.0,"gold_loss":0.0,"damage_taken":0.0},{"damage_healed":0.0,"max_hp_gain":0.0,"max_hp_loss":0.0,"gold_gain":0.0,"event_name":"Mushrooms","player_choice":"Fought Mushrooms","floor":16.0,"gold_loss":0.0,"damage_taken":0.0},{"damage_healed":0,"gold_gain":0,"player_choice":"Obtained Relic","damage_taken":0,"relics_obtained":["hubris:BottledRain"],"max_hp_gain":0,"max_hp_loss":0,"event_name":"Addict","floor":21,"gold_loss":85},{"damage_healed":0,"gold_gain":0,"player_choice":"Inject Mutagens","damage_taken":0,"relics_obtained":["MutagenicStrength"],"max_hp_gain":0,"max_hp_loss":0,"event_name":"Drug Dealer","floor":22,"gold_loss":0},{"damage_healed":0,"gold_gain":0,"player_choice":"Dagger","damage_taken":6,"max_hp_gain":0,"max_hp_loss":0,"event_name":"betterThird:BetterNest","floor":23,"gold_loss":0,"cards_obtained":["RitualDagger"]},{"damage_healed":0,"gold_gain":0,"player_choice":"Obtained Book","damage_taken":16,"max_hp_gain":0,"max_hp_loss":0,"event_name":"Cursed Tome","floor":30,"gold_loss":0}],"is_beta":false,"boss_relics":[{"not_picked":["Ectoplasm","conspire:SlowCooker"],"picked":"Replay:Grab Bag"},{"not_picked":["hubris:VirtuousBlindfold","Replay:Wanted Poster"],"picked":"Replay:Bronze Core"},{"not_picked":["hubris:RunicObelisk","Coffee Dripper"],"picked":"Sozu"},{"not_picked":["Replay:Drink Me","ReplayTheSpireMod:SealedPack"],"picked":"Runic Pyramid"}],"items_purged_floors":[],"is_endless":false,"potions_floor_spawned":[1,4,29,32,33],"killed_by":"Automaton","ascension_level":6}}