{"host":"788p3pvxhs5s9n7p","time":1609942707,"event":{"mods":["AchievementEnabler","BaseMod","Minty Spire (QoL Compilation)","Replay The Spire","StSLib"],"gold_per_floor":[369,55,55,55,74,99,99,99,99],"floor_reached":8,"playtime":458,"items_purged":["Strike_B"],"score":57,"play_id":"1ccc26aa-96c3-4514-a70f-12e6671501b0","local_time":"20210106081826","is_ascension_mode":true,"campfire_choices":[{"data":"Apotheosis","floor":7,"key":"SMITH"}],"circlet_count":0,"master_deck":["Strike_B","Strike_B","Strike_B","Defend_B","Defend_B","Defend_B","Defend_B","Zap","Dualcast","FIFO Queue","Core Surge+1","Apotheosis+1","ReplayTheSpireMod:Private Reserves","Bandage Up","Conserve Battery"],"relics":["Cracked Core","ReplayTheSpireMod:ShopPack","White Beast Statue"],"acts_visited":["Exordium"],"potions_floor_usage":[],"damage_taken":[{"damage":0,"enemies":"2 Louse","floor":1,"turns":2},{"damage":2,"enemies":"Small Slimes","floor":5,"turns":4},{"damage":2,"enemies":"Lagavulin","floor":6,"turns":6},{"damage":38,"enemies":"3 Sentries","floor":8,"turns":7}],"seed_played":"9184994135504860319","potions_obtained":[],"is_trial":false,"path_per_floor":["M","$","?","?","M","E","R","E"],"character_chosen":"DEFECT","items_purchased":["Core Surge+1","ReplayTheSpireMod:ShopPack"],"campfire_rested":0,"item_purchase_floors":[2,2],"current_hp_per_floor":[68,68,68,68,68,68,68,36,36],"gold":99,"neow_bonus":"TWO_FIFTY_GOLD","is_daily":false,"chose_seed":false,"campfire_upgraded":1,"win_rate":0.0,"timestamp":1609942706,"path_taken":["M","$","?","?","M","E","R","E"],"items_purchased_type":["Card","Relic"],"build_version":"2020-12-22","purchased_purges":1,"victory":false,"max_hp_per_floor":[68,68,68,68,68,68,68,68,68],"card_choices":[{"not_picked":["Stack","Redo"],"picked":"FIFO Queue","floor":1},{"not_picked":["ReplayTheSpireMod:Necrogeddon","ReplayUltimateDefense"],"picked":"Apotheosis","floor":2},{"not_picked":["Survey Options","Bandage Up"],"picked":"ReplayTheSpireMod:Private Reserves","floor":2},{"not_picked":["PanicButton","Dramatic Entrance"],"picked":"Bandage Up","floor":2},{"not_picked":["Self Repair","Capacitor"],"picked":"Conserve Battery","floor":5},{"not_picked":["ReplayTheSpireMod:System Scan","Gash","Scrape"],"picked":"SKIP","floor":6}],"player_experience":137512,"relics_obtained":[{"floor":6,"key":"White Beast Statue"}],"event_choices":[{"damage_healed":0,"gold_gain":0,"player_choice":"Ignored","damage_taken":0,"max_hp_gain":0,"max_hp_loss":0,"event_name":"Golden Idol","floor":3,"gold_loss":0},{"damage_healed":0,"gold_gain":0,"player_choice":"Ignored","damage_taken":0,"max_hp_gain":0,"max_hp_loss":0,"event_name":"Liars Game","floor":4,"gold_loss":0}],"is_beta":false,"boss_relics":[],"items_purged_floors":[2],"is_endless":false,"potions_floor_spawned":[],"killed_by":"3 Sentries","ascension_level":1}}