{"host":"e8rlfedn69rz2s07","time":1609946978,"event":{"mods":["Act Like it!","BaseMod","Conspire","Hubris","Infinite Spire","Minty Spire (QoL Compilation)","Permanent Neow","Relic Stats","Replay The Spire","Shop Mod","StSLib","The Jungle"],"gold_per_floor":[111,131,81,92,112,145,145,70,70,101,101,116,133,151,151,229,229,241,241,284,298,248,298,300,329,329,329,359,359,408,308,308,410,410,440,507,73,96,96,96,131,177,254,316,316,350,350,390,390,392,392,392,629,1317,1352],"floor_reached":56,"playtime":3221,"items_purged":["Strike_R","ReplayTheSpireMod:Splinters","Parasite"],"score":2045,"play_id":"4641648e-5d4d-401d-8a0b-b5b7f7ef3c84","local_time":"20210106172938","is_ascension_mode":true,"campfire_choices":[{"data":"infinitespire:OneForAll","floor":7.0,"key":"SMITH"},{"data":"Fiend Fire","floor":11.0,"key":"SMITH"},{"data":"Inflame","floor":15.0,"key":"SMITH"},{"data":"Replay:Many Hands","floor":27,"key":"SMITH"},{"data":"Disarm","floor":29,"key":"SMITH"},{"data":"infinitespire:UltimateForm","floor":32,"key":"SMITH"},{"floor":40,"key":"RECALL"},{"data":"infinitespire:UltimateForm","floor":49,"key":"SMITH"},{"data":"Metallicize","floor":52,"key":"SMITH"}],"circlet_count":0,"master_deck":["AscendersBane","Bash","Fiend Fire+1","Shrug It Off","infinitespire:OneForAll+1","Ghostly Armor","Offering","Disarm+1","Inflame+1","Reaper","Rage+1","Replay:Many Hands+1","Sentinel","Brutality+1","Reaper","Corruption+1","Shrug It Off+1","Dropkick","conspire:ExplosiveBarrier","Sword Boomerang","conspire:SpireCoStock","Bludgeon","Ghostly Armor","Heavy Blade","infinitespire:UltimateForm+1","Metallicize+1","Demon Form+1","Heavy Blade+1","Spot Weakness","Inflame","Poisoned Strike","Uppercut","Shrug It Off","infinitespire:UltimateForm+1","Flame Barrier"],"relics":["Burning Blood","Blood Vial","conspire:Dentures","Dream Catcher","Pandora\u0027s Box","Snecko Eye","infinitespire:Midas Blood","hubris:MysteriousPyramids","Bottled Flame","Singing Bowl","Art of War","Coffee Dripper","Charon\u0027s Ashes","Membership Card","hubris:IronBody","Ornamental Fan","King of Hearts","StrikeDummy","Bottled Tornado","Chameleon Ring","hubris:NiceRug","White Beast Statue","Guide Book","War Paint","hubris:SlimyHat"],"acts_visited":["Exordium","Exordium","TheBeyond","TheEnding"],"potions_floor_usage":[48,54,55],"damage_taken":[{"damage":7.0,"enemies":"Small Slimes","floor":1.0,"turns":3.0},{"damage":7.0,"enemies":"Jaw Worm","floor":2.0,"turns":3.0},{"damage":0.0,"enemies":"2 Louse","floor":4.0,"turns":2.0},{"damage":10.0,"enemies":"Red Slaver","floor":5.0,"turns":3.0},{"damage":12.0,"enemies":"Lagavulin","floor":6.0,"turns":6.0},{"damage":35.0,"enemies":"3 Sentries","floor":10.0,"turns":15.0},{"damage":15.0,"enemies":"3 Louse","floor":12.0,"turns":3.0},{"damage":0.0,"enemies":"2 Fungi Beasts","floor":13.0,"turns":4.0},{"damage":1.0,"enemies":"Looter","floor":14.0,"turns":2.0},{"damage":6.0,"enemies":"Slime Boss","floor":16.0,"turns":3.0},{"damage":53.0,"enemies":"theJungle:5_Spyders","floor":18.0,"turns":20.0},{"damage":0.0,"enemies":"theJungle:GiantWrat","floor":21.0,"turns":2.0},{"damage":6.0,"enemies":"theJungle:MamaSnecko","floor":23.0,"turns":5.0},{"damage":0.0,"enemies":"theJungle:Cassacara","floor":25.0,"turns":2.0},{"damage":14,"enemies":"theJungle:SlimyTreeVines","floor":28,"turns":5},{"damage":23,"enemies":"Nightmare","floor":30,"turns":4},{"damage":3,"enemies":"theJungle:QueenSpyder","floor":33,"turns":8},{"damage":28,"enemies":"3 Darklings","floor":35,"turns":4},{"damage":22,"enemies":"2 Orb Walkers","floor":36,"turns":4},{"damage":12,"enemies":"3 Shapes","floor":38,"turns":4},{"damage":7,"enemies":"Writhing Mass","floor":41,"turns":2},{"damage":21,"enemies":"Nemesis","floor":42,"turns":5},{"damage":24,"enemies":"Reptomancer","floor":44,"turns":2},{"damage":0,"enemies":"R_Hoarder","floor":46,"turns":4},{"damage":7,"enemies":"Transient","floor":48,"turns":5},{"damage":6,"enemies":"Replay:Hell Engine","floor":50,"turns":6},{"damage":0,"enemies":"hubris:Merchant","floor":53,"turns":4},{"damage":6,"enemies":"Shield and Spear","floor":54,"turns":6},{"damage":36,"enemies":"The Heart","floor":55,"turns":7}],"seed_played":"4798711818541200058","potions_obtained":[{"floor":4.0,"key":"Energy Potion"},{"floor":5.0,"key":"Swift Potion"},{"floor":12.0,"key":"Energy Potion"},{"floor":14.0,"key":"Fire Potion"},{"floor":18.0,"key":"Dexterity Potion"},{"floor":21.0,"key":"LiquidBronze"},{"floor":30,"key":"BlessingOfTheForge"},{"floor":33,"key":"LiquidMemories"},{"floor":48,"key":"Energy Potion"},{"floor":53,"key":"LiquidMemories"},{"floor":54,"key":"Adrenaline Potion"}],"is_trial":false,"path_per_floor":["M","M","?","M","M","E","R","$","T","E","R","M","M","M","R","B",null,"M","AVR","?","M","?","E","?","E","T","R","M","R","NM","$","R","B",null,"M","?","$","M","?","R","M","E","T","E","T","E","AVR","M","R","B",null,"R","$","E","B",null],"character_chosen":"IRONCLAD","items_purchased":["Membership Card","Spot Weakness","hubris:IronBody","Inflame","Poisoned Strike"],"campfire_rested":0,"item_purchase_floors":[37,37,37,37,37],"current_hp_per_floor":[67,66,66,72,68,62,62,62,62,35,35,28,36,43,43,45,68,23,23,23,31,31,68,63,71,71,71,80,80,71,71,71,80,80,82,82,82,76,76,76,79,68,68,54,54,88,88,88,88,88,88,88,99,101,71],"gold":1352,"neow_bonus":"THREE_RARE_CARDS","is_daily":false,"chose_seed":false,"campfire_upgraded":8,"win_rate":0.0,"timestamp":1609946978,"path_taken":["M","M","?","M","M","E","R","?","T","E","R","M","M","?","R","BOSS","M","AVR","?","M","?","E","?","E","T","R","M","R","NM","$","R","BOSS","M","?","$","M","?","R","?","E","T","E","?","E","AVR","M","R","BOSS","R","$","E","BOSS"],"items_purchased_type":["Relic","Card","Relic","Card","Card"],"build_version":"2020-12-22","purchased_purges":3,"victory":true,"max_hp_per_floor":[75,75,75,75,75,75,75,75,75,75,75,75,75,75,75,75,75,75,75,75,75,75,75,80,80,80,80,80,80,80,80,80,80,80,82,82,82,82,82,82,84,86,86,88,88,88,88,88,88,88,88,88,99,101,101],"relic_stats":{"Blood Vial":30,"Dream Catcher":0,"Singing Bowl":24,"counters":[29,143],"Ornamental Fan":[28],"Snecko Eye":[132,156,141,140],"Pandora\u0027s Box":["Rage","Replay:Many Hands","Sentinel","Brutality","Reaper","Corruption","Shrug It Off","Dropkick"],"Charon\u0027s Ashes":[368],"Art of War":[13],"War Paint":["Rage","Shrug It Off"],"obtain_stats":[{"Singing Bowl":26,"King of Hearts":44,"hubris:SlimyHat":54,"hubris:MysteriousPyramids":23,"Bottled Tornado":46,"Burning Blood":0,"Blood Vial":6,"Dream Catcher":10,"Chameleon Ring":47,"hubris:IronBody":37,"conspire:Dentures":9,"Guide Book":53,"Charon\u0027s Ashes":36,"War Paint":53,"White Beast Statue":53,"Bottled Flame":25,"Ornamental Fan":42,"Snecko Eye":19,"Pandora\u0027s Box":17,"Art of War":30,"Coffee Dripper":34,"Membership Card":37,"StrikeDummy":45,"infinitespire:Midas Blood":20,"hubris:NiceRug":53},{"Singing Bowl":14,"King of Hearts":23,"hubris:SlimyHat":28,"hubris:MysteriousPyramids":13,"Bottled Tornado":24,"Burning Blood":0,"Blood Vial":5,"Dream Catcher":6,"Chameleon Ring":24,"hubris:IronBody":19,"conspire:Dentures":5,"Guide Book":27,"Charon\u0027s Ashes":19,"War Paint":27,"White Beast Statue":27,"Bottled Flame":14,"Ornamental Fan":22,"Snecko Eye":11,"Pandora\u0027s Box":10,"Art of War":16,"Coffee Dripper":17,"Membership Card":19,"StrikeDummy":23,"infinitespire:Midas Blood":11,"hubris:NiceRug":27},{"Singing Bowl":73,"King of Hearts":111,"hubris:SlimyHat":136,"hubris:MysteriousPyramids":71,"Bottled Tornado":115,"Burning Blood":0,"Blood Vial":17,"Dream Catcher":32,"Chameleon Ring":115,"hubris:IronBody":98,"conspire:Dentures":17,"Guide Book":130,"Charon\u0027s Ashes":98,"War Paint":130,"White Beast Statue":130,"Bottled Flame":73,"Ornamental Fan":109,"Snecko Eye":64,"Pandora\u0027s Box":44,"Art of War":82,"Coffee Dripper":90,"Membership Card":98,"StrikeDummy":111,"infinitespire:Midas Blood":64,"hubris:NiceRug":130}],"Burning Blood":139},"card_choices":[{"not_picked":["Bludgeon","Corruption"],"picked":"Fiend Fire","floor":0.0},{"not_picked":["True Grit","Pommel Strike"],"picked":"Shrug It Off","floor":1.0},{"not_picked":["Blood for Blood","Flex","Body Slam"],"picked":"SKIP","floor":2.0},{"not_picked":["Reckless Charge","Twin Strike"],"picked":"infinitespire:OneForAll","floor":4.0},{"not_picked":["Clash","Heavy Blade"],"picked":"Ghostly Armor","floor":5.0},{"not_picked":["Entrench","conspire:Charge","ReplayTheSpireMod:Strike From Hell"],"picked":"SKIP","floor":6.0},{"not_picked":["Dropkick","Anger"],"picked":"Offering","floor":10.0},{"not_picked":["Massacre","Run Through","Cleave"],"picked":"SKIP","floor":12.0},{"not_picked":["Heavy Blade","Iron Wave"],"picked":"Disarm","floor":13.0},{"not_picked":["Headbutt","Run Through"],"picked":"Inflame","floor":14.0},{"not_picked":["Brutality","Impervious"],"picked":"Reaper","floor":16.0},{"not_picked":["Twin Strike","Anger"],"picked":"conspire:ExplosiveBarrier","floor":18.0},{"not_picked":["Body Slam+1","Perfected Strike"],"picked":"Sword Boomerang","floor":21.0},{"not_picked":["Headbutt","Perfected Strike"],"picked":"Bludgeon","floor":23.0},{"not_picked":["Wild Strike","Clash"],"picked":"Ghostly Armor","floor":25.0},{"not_picked":["Perfected Strike","Massacre"],"picked":"Heavy Blade","floor":28},{"not_picked":["infinitespire:SealOfDarkness+","ReplayTheSpireMod:??????????????????????"],"picked":"infinitespire:UltimateForm","floor":30},{"not_picked":["Armaments","Wild Strike"],"picked":"Metallicize","floor":30},{"not_picked":["Offering","Hemogenesis"],"picked":"Demon Form","floor":33},{"not_picked":["Cleave","Sword Boomerang","Thunderclap"],"picked":"Singing Bowl","floor":35},{"not_picked":["infinitespire:OneForAll","Whirlwind"],"picked":"Heavy Blade+1","floor":36},{"not_picked":["hubris:ReadiedAction","Twin Strike+1"],"picked":"Uppercut","floor":38},{"not_picked":["Fire Breathing","Blood for Blood+1","Seeing Red+1"],"picked":"Singing Bowl","floor":41},{"not_picked":["Twin Strike","Run Through","Replay:Undeath\u0027s Touch+1"],"picked":"Singing Bowl","floor":42},{"not_picked":["Perfected Strike","Battle Trance","Life Link"],"picked":"Singing Bowl","floor":44},{"not_picked":["Havoc","Clothesline"],"picked":"Shrug It Off","floor":46},{"not_picked":["Life Link","Uppercut"],"picked":"Flame Barrier","floor":48},{"not_picked":["Replay:Undeath\u0027s Touch"],"picked":"Singing Bowl","floor":53},{"not_picked":["Body Slam"],"picked":"Singing Bowl","floor":53},{"not_picked":["Spot Weakness"],"picked":"Singing Bowl","floor":53},{"not_picked":["Havoc"],"picked":"Singing Bowl","floor":53},{"not_picked":["Rupture"],"picked":"Singing Bowl","floor":53},{"not_picked":["Flash of Steel"],"picked":"Singing Bowl","floor":53},{"not_picked":["Panache"],"picked":"Singing Bowl","floor":53},{"not_picked":["Inflame","Replay:Many Hands","Evolve"],"picked":"Singing Bowl","floor":54}],"player_experience":951913,"relics_obtained":[{"floor":6.0,"key":"Blood Vial"},{"floor":9.0,"key":"conspire:Dentures"},{"floor":10.0,"key":"Dream Catcher"},{"floor":20.0,"key":"infinitespire:Midas Blood"},{"floor":23.0,"key":"hubris:MysteriousPyramids"},{"floor":25.0,"key":"Bottled Flame"},{"floor":26.0,"key":"Singing Bowl"},{"floor":30,"key":"Art of War"},{"floor":36,"key":"Charon\u0027s Ashes"},{"floor":42,"key":"Ornamental Fan"},{"floor":44,"key":"King of Hearts"},{"floor":45,"key":"StrikeDummy"},{"floor":46,"key":"Bottled Tornado"},{"floor":53,"key":"White Beast Statue"},{"floor":53,"key":"Guide Book"},{"floor":53,"key":"War Paint"},{"floor":54,"key":"hubris:SlimyHat"}],"event_choices":[{"cards_removed":["hubris:Wrath"],"damage_healed":0.0,"max_hp_gain":0.0,"max_hp_loss":0.0,"gold_gain":0.0,"event_name":"The Cleric","player_choice":"Card Removal","floor":3.0,"gold_loss":50.0,"damage_taken":0.0},{"damage_healed":0.0,"max_hp_gain":0.0,"max_hp_loss":0.0,"gold_gain":0.0,"event_name":"conspire:Investor","player_choice":"Invest 1","floor":22.0,"gold_loss":0.0,"damage_taken":0.0},{"damage_healed":0,"gold_gain":0,"player_choice":"Fight","damage_taken":0,"max_hp_gain":0,"max_hp_loss":0,"event_name":"Mysterious Sphere","floor":36,"gold_loss":0},{"damage_healed":0,"gold_gain":0,"player_choice":"Upgraded","damage_taken":0,"max_hp_gain":0,"max_hp_loss":0,"event_name":"Upgrade Shrine","floor":39,"gold_loss":0,"cards_upgraded":["Demon Form"]}],"is_beta":false,"boss_relics":[{"not_picked":["conspire:RunicOctahedron","Calling Bell"],"picked":"Pandora\u0027s Box"},{"not_picked":["infinitespire:Cupcake","Painkiller Herb"],"picked":"Coffee Dripper"}],"items_purged_floors":[8,31,53],"is_endless":false,"potions_floor_spawned":[4,5,12,14,18,21,30,33,35,42,46,48,54],"ascension_level":14}}