{"host":"s9mizfpm0ux1oq2e","time":1609918614,"event":{"mods":["Aspiration","BaseMod","Downfall","Minty Spire (QoL Compilation)","Permanent Neow","Replay The Spire","StSLib","SuperFastMode"],"gold_per_floor":[99,122,160,160,160,160,186,186,186,215,249,14,14,14,14,14,40,164,164,164,194,223,223,118,118,118,118,130,130,130,130,150,135,147,147,147],"floor_reached":35,"playtime":1324,"items_purged":["sneckomod:Strike","Pain"],"score":245,"play_id":"7aa1570e-e30e-4247-8b71-c59f2b1b44a9","local_time":"25640106143654","is_ascension_mode":false,"campfire_choices":[{"floor":1,"key":"DIG"},{"data":"sneckomod:RainOfDice","floor":9,"key":"SMITH"},{"data":"sneckomod:UnknownRarePower","floor":15,"key":"SMITH"},{"data":"sneckomod:Nope","floor":27,"key":"SMITH"},{"data":"sneckomod:SoulCleanse","floor":29,"key":"SMITH"}],"circlet_count":0,"master_deck":["sneckomod:TailWhip","sneckomod:SnekBite","sneckomod:Unknown","sneckomod:Unknown","sneckomod:RainOfDice+1","sneckomod:DiceBlock","sneckomod:SoulCleanse+1","sneckomod:UnknownExhaust","sneckomod:UnknownRarePower+1","sneckomod:Nope+1","sneckomod:Unknown3Cost","sneckomod:UnknownUncommonSkill","sneckomod:UnknownClassGUARDIAN","sneckomod:SnekBeam+1","Necronomicurse","sneckomod:Unknown3Cost","sneckomod:DiceBlock+1","sneckomod:UnknownClassGREEN"],"relics":["sneckomod:SneckoSoul","MealTicket","aspiration:BabyByrd","Replay:WaspNest","Empty Cage","Ring of Peace","ReplayTheSpireMod:Ring of Exchange","MutagenicStrength","downfall:RedIOU","Toy Ornithopter","Girya","Necronomicon"],"acts_visited":["Exordium","TheCity"],"potions_floor_usage":[12,18,22,32,32,33,35],"damage_taken":[{"damage":0,"enemies":"2 Louse","floor":2,"turns":2},{"damage":2,"enemies":"Small Slimes","floor":3,"turns":2},{"damage":4,"enemies":"Cultist","floor":10,"turns":4},{"damage":8,"enemies":"3 Louse","floor":11,"turns":3},{"damage":2,"enemies":"downfall:FleeingMerchant","floor":12,"turns":4},{"damage":7,"enemies":"Blue Slaver","floor":17,"turns":3},{"damage":55,"enemies":"downfall:Defect","floor":18,"turns":5},{"damage":6,"enemies":"Chosen","floor":21,"turns":6},{"damage":13,"enemies":"Shell Parasite","floor":22,"turns":5},{"damage":21,"enemies":"downfall:FleeingMerchant","floor":24,"turns":4},{"damage":13,"enemies":"3 Cultists","floor":28,"turns":6},{"damage":20,"enemies":"Snake Plant","floor":32,"turns":3},{"damage":12,"enemies":"downfall:FleeingMerchant","floor":33,"turns":4},{"damage":14,"enemies":"Sentry and Sphere","floor":34,"turns":4},{"damage":40,"enemies":"downfall:Watcher","floor":35,"turns":6}],"seed_played":"394919760231448845","potions_obtained":[{"floor":3,"key":"ColorlessPotion"},{"floor":18,"key":"SkillPotion"},{"floor":28,"key":"Elixir"},{"floor":32,"key":"sneckomod:OffclassReductionPotion"}],"is_trial":false,"path_per_floor":["R","M","M","?","?","?","T","?","R","M","M","$","PTL","PTL","R","T","M","B",null,"R","M","M","?","$","?","T","R","M","R","T","?","M","$","M","B"],"character_chosen":"THE_SNECKO","items_purchased":["sneckomod:UnknownRarePower"],"campfire_rested":0,"item_purchase_floors":[12],"current_hp_per_floor":[81,81,79,79,79,84,84,84,84,80,81,86,86,86,86,86,81,27,89,89,84,72,72,66,66,66,66,53,53,53,37,28,36,23,0,0],"gold":147,"neow_bonus":"REMOVE_TWO","is_daily":false,"chose_seed":false,"campfire_upgraded":4,"win_rate":0.0,"timestamp":1609918614,"path_taken":["R","M","M","?","?","?","T","?","R","M","M","$","PTL","PTL","R","?","M","BOSS","R","M","?","?","$","?","T","R","M","R","?","?","M","$","M","BOSS"],"items_purchased_type":["Card"],"build_version":"2020-12-22","purchased_purges":2,"victory":false,"max_hp_per_floor":[81,81,81,81,81,86,86,86,86,86,87,88,88,88,88,88,88,89,89,89,90,91,91,91,91,91,91,91,91,91,91,92,92,93,93,93],"card_choices":[{"not_picked":["sneckomod:Unknown1Cost","sneckomod:UnknownBlock"],"picked":"sneckomod:RainOfDice","floor":2},{"not_picked":["sneckomod:UnknownBlock","sneckomod:SerpentIdol"],"picked":"sneckomod:DiceBlock","floor":3},{"not_picked":["sneckomod:UnknownClassBLUE","sneckomod:UnknownClassHEXA_GHOST_PURPLE"],"picked":"sneckomod:SoulCleanse","floor":10},{"not_picked":["sneckomod:SoulDraw","sneckomod:UnknownUncommonSkill"],"picked":"sneckomod:UnknownExhaust","floor":11},{"not_picked":["sneckomod:UnknownStrike","sneckomod:SoulDraw","sneckomod:UnknownWeak"],"picked":"SKIP","floor":12},{"not_picked":["sneckomod:Unknown1Cost","sneckomod:UnknownVulnerable"],"picked":"sneckomod:Nope","floor":17},{"not_picked":["sneckomod:Mudshield","sneckomod:DangerNoodle"],"picked":"sneckomod:Unknown3Cost","floor":18},{"not_picked":["sneckomod:UnknownBlock","sneckomod:SlitherStrike"],"picked":"sneckomod:UnknownUncommonSkill","floor":21},{"not_picked":["sneckomod:WideSting+1","sneckomod:SoulDraw"],"picked":"sneckomod:UnknownClassGUARDIAN","floor":22},{"not_picked":["sneckomod:Nope+1","sneckomod:UnknownClassRED"],"picked":"sneckomod:SnekBeam+1","floor":24},{"not_picked":["sneckomod:UnknownClassBLUE+1","sneckomod:UnknownClassGUARDIAN","sneckomod:SlitherStrike"],"picked":"SKIP","floor":28},{"not_picked":["sneckomod:UnknownVulnerable+1","sneckomod:SoulRoll"],"picked":"sneckomod:Unknown3Cost","floor":32},{"not_picked":["sneckomod:DefensiveFlair","sneckomod:WideSting"],"picked":"sneckomod:DiceBlock+1","floor":33},{"not_picked":["sneckomod:UnknownVulnerable","sneckomod:DefensiveFlair"],"picked":"sneckomod:UnknownClassGREEN","floor":34}],"player_experience":169592,"relics_obtained":[{"floor":1,"key":"Replay:Bandana"},{"floor":7,"key":"MealTicket"},{"floor":16,"key":"Replay:WaspNest"},{"floor":20,"key":"Ring of Peace"},{"floor":20,"key":"ReplayTheSpireMod:Ring of Exchange"},{"floor":26,"key":"Toy Ornithopter"},{"floor":30,"key":"Girya"},{"floor":31,"key":"Necronomicon"}],"event_choices":[{"damage_healed":0,"gold_gain":0,"player_choice":"Donut","damage_taken":0,"max_hp_gain":5,"max_hp_loss":0,"event_name":"Big Fish","floor":6,"gold_loss":0},{"damage_healed":0,"gold_gain":0,"player_choice":"Inject Mutagens","damage_taken":0,"relics_obtained":["MutagenicStrength"],"max_hp_gain":0,"max_hp_loss":0,"event_name":"Drug Dealer","floor":23,"gold_loss":0}],"is_beta":false,"boss_relics":[{"not_picked":["aspiration:FutureDiary","Runic Dome"],"picked":"Empty Cage"}],"items_purged_floors":[12,24],"is_endless":false,"potions_floor_spawned":[3,17,18,28,32],"killed_by":"downfall:Watcher","ascension_level":0}}