{"host":"7sni158j623xchr2","time":1609918672,"event":{"mods":["BaseMod","Colored Map","Highlight Path","Minty Spire (QoL Compilation)","Permanent Neow","Potion Indicator Mod","Rare Cards Sparkle","Relic Sorter","Relic Stats","StSLib","everything is the same but u backflip on backflip"],"gold_per_floor":[115,115,134,7,24,53,53,86,86,86,98,110,138,138,138,264,264,280,295,96,96,96,96,121,159,159,180,180,223,239,33,33,158,158,183,183,183,246,264,264,304,304,304,304,329,360,426,759,759,759,759,759,60,89,89],"floor_reached":56,"playtime":1776,"items_purged":["Strike_G","Shame","Doubt","Strike_G"],"score":1439,"play_id":"7c4704f5-7b97-4f30-b855-9ea8c11ed392","local_time":"20210106013752","is_ascension_mode":true,"campfire_choices":[{"floor":7.0,"key":"REST"},{"data":"Deadly Poison","floor":10.0,"key":"SMITH"},{"data":"Catalyst","floor":15.0,"key":"SMITH"},{"data":"Bouncing Flask","floor":23.0,"key":"SMITH"},{"data":"Catalyst","floor":28.0,"key":"SMITH"},{"data":"Blade Dance","floor":32.0,"key":"SMITH"},{"floor":40,"key":"REST"},{"floor":44,"key":"RECALL"},{"floor":49,"key":"REST"},{"floor":52,"key":"REST"}],"circlet_count":0,"master_deck":["Strike_G","Strike_G","Strike_G+1","Defend_G+1","Defend_G","Defend_G","Defend_G","Defend_G+1","Survivor","Deadly Poison+1","Dagger Spray","Catalyst+1","Blade Dance+1","Bouncing Flask+1","Caltrops","Die Die Die","Well Laid Plans","Terror+1","Catalyst+1","Blade Dance","Accuracy+1","Dark Shackles","Malaise","Noxious Fumes+1","Master of Strategy","Finesse","Sadistic Nature","PiercingWail","Tools of the Trade","Sadistic Nature","Blade Dance+1"],"relics":["Cursed Key","Kunai","Dead Branch","Thread and Needle","Mummified Hand","WristBlade","Enchiridion","Bottled Flame","War Paint","Fusion Hammer","Bird Faced Urn","Meat on the Bone","Sundial","TungstenRod","Bag of Preparation","Toy Ornithopter","Lantern"],"acts_visited":["Exordium","TheCity","TheBeyond","TheEnding"],"potions_floor_usage":[41,47,55,55,55],"damage_taken":[{"damage":4.0,"enemies":"2 Louse","floor":1.0,"turns":4.0},{"damage":0.0,"enemies":"Small Slimes","floor":3.0,"turns":4.0},{"damage":0.0,"enemies":"Jaw Worm","floor":5.0,"turns":3.0},{"damage":48.0,"enemies":"Gremlin Nob","floor":6.0,"turns":5.0},{"damage":12.0,"enemies":"3 Sentries","floor":8.0,"turns":8.0},{"damage":0.0,"enemies":"Large Slime","floor":11.0,"turns":6.0},{"damage":2.0,"enemies":"Exordium Wildlife","floor":12.0,"turns":4.0},{"damage":8.0,"enemies":"Lagavulin","floor":13.0,"turns":5.0},{"damage":0.0,"enemies":"Slime Boss","floor":16.0,"turns":5.0},{"damage":0.0,"enemies":"Shell Parasite","floor":18.0,"turns":4.0},{"damage":0.0,"enemies":"Spheric Guardian","floor":19.0,"turns":3.0},{"damage":3.0,"enemies":"Centurion and Healer","floor":24.0,"turns":3.0},{"damage":0.0,"enemies":"Book of Stabbing","floor":25.0,"turns":2.0},{"damage":0.0,"enemies":"Cultist and Chosen","floor":27.0,"turns":3.0},{"damage":18.0,"enemies":"Slavers","floor":29.0,"turns":4.0},{"damage":0.0,"enemies":"Snecko","floor":30.0,"turns":3.0},{"damage":2,"enemies":"Automaton","floor":33,"turns":5},{"damage":3,"enemies":"Orb Walker","floor":35,"turns":2},{"damage":15,"enemies":"Mind Bloom Boss Battle","floor":38,"turns":4},{"damage":10,"enemies":"3 Darklings","floor":39,"turns":3},{"damage":0,"enemies":"Reptomancer","floor":41,"turns":4},{"damage":0,"enemies":"4 Shapes","floor":45,"turns":4},{"damage":1,"enemies":"Giant Head","floor":46,"turns":4},{"damage":17,"enemies":"2 Orb Walkers","floor":47,"turns":4},{"damage":17,"enemies":"Donu and Deca","floor":50,"turns":4},{"damage":15,"enemies":"Shield and Spear","floor":54,"turns":3},{"damage":20,"enemies":"The Heart","floor":55,"turns":5}],"seed_played":"5445241873993379340","potions_obtained":[{"floor":1.0,"key":"SneckoOil"},{"floor":8.0,"key":"LiquidBronze"},{"floor":16.0,"key":"LiquidMemories"},{"floor":29.0,"key":"CultistPotion"},{"floor":33,"key":"SpeedPotion"},{"floor":35,"key":"PowerPotion"},{"floor":41,"key":"AttackPotion"}],"is_trial":false,"path_per_floor":["M","?","M","$","M","E","R","E","T","R","M","M","E","?","R","B",null,"M","M","$","?","?","R","M","E","T","M","R","E","M","$","R","B",null,"M","?","?","?","M","R","E","?","T","R","M","E","?","?","R","B",null,"R","$","E","B",null],"character_chosen":"THE_SILENT","items_purchased":["Dagger Spray","GhostInAJar","Dark Shackles","Bag of Preparation","GamblersBrew","Toy Ornithopter","Sadistic Nature"],"campfire_rested":4,"item_purchase_floors":[4,20,31,53,53,53,53],"current_hp_per_floor":[66,52,52,52,52,4,25,13,13,13,13,11,3,3,3,3,65,65,65,65,49,49,49,46,46,46,46,46,28,28,28,28,26,65,62,52,52,37,33,52,62,62,62,62,65,65,48,48,65,54,65,65,65,60,55],"gold":89,"neow_bonus":"BOSS_RELIC","is_daily":false,"chose_seed":false,"campfire_upgraded":5,"win_rate":0.0,"timestamp":1609918672,"path_taken":["M","?","M","$","M","E","R","E","T","R","M","M","E","?","R","BOSS","M","M","$","?","?","R","M","E","T","M","R","E","M","$","R","BOSS","M","?","?","?","M","R","E","?","T","R","?","E","?","?","R","BOSS","R","$","E","BOSS"],"items_purchased_type":["Card","Potion","Card","Relic","Potion","Relic","Card"],"build_version":"2020-12-22","purchased_purges":4,"victory":true,"max_hp_per_floor":[70,70,70,70,70,70,70,70,70,70,70,70,70,65,65,65,65,65,65,65,65,65,65,65,65,65,65,65,65,65,65,65,65,65,65,65,65,65,65,65,65,65,65,65,65,65,65,65,65,65,65,65,65,65,65],"relic_stats":{"counters":[27,108],"Dead Branch":[169],"Bag of Preparation":[4],"War Paint":["Defend_G","Terror"],"Cursed Key":2,"Mummified Hand":[82],"Sundial":[0],"Bird Faced Urn":[51],"Kunai":[42],"obtain_stats":[{"Lantern":54,"Golden Idol":14,"Dead Branch":8,"Enchiridion":21,"Thread and Needle":9,"Bag of Preparation":53,"War Paint":29,"Cursed Key":0,"Bottled Flame":25,"WristBlade":17,"Mummified Hand":13,"Sundial":46,"Bird Faced Urn":38,"Fusion Hammer":34,"Kunai":6,"TungstenRod":47,"Toy Ornithopter":53,"Ring of the Snake":0,"Meat on the Bone":41},{"Lantern":26,"Golden Idol":8,"Dead Branch":5,"Enchiridion":11,"Thread and Needle":5,"Bag of Preparation":25,"War Paint":15,"Cursed Key":0,"Bottled Flame":13,"WristBlade":9,"Mummified Hand":8,"Sundial":23,"Bird Faced Urn":19,"Fusion Hammer":17,"Kunai":4,"TungstenRod":24,"Toy Ornithopter":25,"Ring of the Snake":0,"Meat on the Bone":21},{"Lantern":103,"Golden Idol":39,"Dead Branch":24,"Enchiridion":51,"Thread and Needle":24,"Bag of Preparation":100,"War Paint":63,"Cursed Key":0,"Bottled Flame":56,"WristBlade":44,"Mummified Hand":39,"Sundial":92,"Bird Faced Urn":77,"Fusion Hammer":71,"Kunai":16,"TungstenRod":96,"Toy Ornithopter":100,"Ring of the Snake":0,"Meat on the Bone":84}],"TungstenRod":7,"Toy Ornithopter":0,"Meat on the Bone":0},"card_choices":[{"not_picked":["Reflex","Flechettes"],"picked":"Deadly Poison","floor":1.0},{"not_picked":["Finisher","Prepared","Underhanded Strike"],"picked":"SKIP","floor":3.0},{"not_picked":["Concentrate","Endless Agony","Heel Hook"],"picked":"SKIP","floor":5.0},{"not_picked":["Flying Knee","Outmaneuver","Infinite Blades"],"picked":"SKIP","floor":6.0},{"not_picked":["Deadly Poison","Skewer"],"picked":"Catalyst","floor":8.0},{"not_picked":["Flying Knee","Leg Sweep"],"picked":"Blade Dance","floor":11.0},{"not_picked":["Tactician","Underhanded Strike"],"picked":"Bouncing Flask","floor":12.0},{"not_picked":["Bullet Time","Bane"],"picked":"Caltrops","floor":13.0},{"not_picked":["Phantasmal Killer","Burst"],"picked":"Die Die Die","floor":16.0},{"not_picked":["Infinite Blades+1","Backstab"],"picked":"Well Laid Plans","floor":18.0},{"not_picked":["Distraction","All Out Attack+1"],"picked":"Terror","floor":19.0},{"not_picked":["Backflip","Poisoned Stab"],"picked":"Blade Dance","floor":24.0},{"not_picked":["Dodge and Roll","Deadly Poison"],"picked":"Accuracy+1","floor":25.0},{"not_picked":["Reflex","Heel Hook","Prepared+1"],"picked":"SKIP","floor":27.0},{"not_picked":["Dagger Throw","Underhanded Strike","Deadly Poison"],"picked":"SKIP","floor":29.0},{"not_picked":["Eviscerate","Tactician","Dodge and Roll"],"picked":"SKIP","floor":30.0},{"not_picked":["After Image","Bullet Time"],"picked":"Malaise","floor":33},{"not_picked":["Flying Knee+1","Heel Hook"],"picked":"Noxious Fumes+1","floor":35},{"not_picked":["HandOfGreed","Discovery"],"picked":"Master of Strategy","floor":36},{"not_picked":["Forethought","Purity"],"picked":"Finesse","floor":36},{"not_picked":["Dark Shackles","Madness"],"picked":"Sadistic Nature","floor":36},{"not_picked":["Predator","Cloak And Dagger"],"picked":"PiercingWail","floor":39},{"not_picked":["Dagger Throw+1","Sucker Punch+1"],"picked":"Tools of the Trade","floor":41},{"not_picked":["PiercingWail+1","All Out Attack","Noxious Fumes"],"picked":"SKIP","floor":45},{"not_picked":["Poisoned Stab+1","Deflect+1","Expertise"],"picked":"SKIP","floor":46},{"not_picked":["Noxious Fumes","Caltrops+1"],"picked":"Blade Dance+1","floor":54}],"player_experience":1598674,"relics_obtained":[{"floor":6.0,"key":"Kunai"},{"floor":8.0,"key":"Dead Branch"},{"floor":9.0,"key":"Thread and Needle"},{"floor":13.0,"key":"Mummified Hand"},{"floor":21.0,"key":"Enchiridion"},{"floor":25.0,"key":"Bottled Flame"},{"floor":29.0,"key":"War Paint"},{"floor":38,"key":"Bird Faced Urn"},{"floor":41,"key":"Meat on the Bone"},{"floor":46,"key":"Sundial"},{"floor":47,"key":"TungstenRod"},{"floor":54,"key":"Lantern"}],"event_choices":[{"damage_healed":0.0,"max_hp_gain":0.0,"max_hp_loss":0.0,"gold_gain":0.0,"event_name":"Shining Light","player_choice":"Entered Light","floor":2.0,"gold_loss":0.0,"damage_taken":14.0,"cards_upgraded":["Defend_G","Strike_G"]},{"damage_healed":0.0,"max_hp_gain":0.0,"max_hp_loss":5.0,"gold_gain":0.0,"event_name":"Golden Idol","player_choice":"Lose Max HP","floor":14.0,"gold_loss":0.0,"damage_taken":0.0,"relics_obtained":["Golden Idol"]},{"damage_healed":0.0,"max_hp_gain":0.0,"max_hp_loss":0.0,"gold_gain":0.0,"event_name":"Cursed Tome","player_choice":"Obtained Book","floor":21.0,"gold_loss":0.0,"damage_taken":16.0},{"damage_healed":0.0,"max_hp_gain":0.0,"max_hp_loss":0.0,"gold_gain":0.0,"event_name":"The Library","player_choice":"Read","floor":22.0,"gold_loss":0.0,"damage_taken":0.0,"cards_obtained":["Catalyst"]},{"damage_healed":0,"gold_gain":0,"player_choice":"Memory 3","damage_taken":10,"max_hp_gain":0,"max_hp_loss":0,"event_name":"SensoryStone","floor":36,"gold_loss":0},{"cards_removed":["Neutralize"],"damage_healed":0,"gold_gain":0,"player_choice":"Removed Attack","damage_taken":0,"max_hp_gain":0,"max_hp_loss":0,"event_name":"Falling","floor":37,"gold_loss":0},{"damage_healed":0,"gold_gain":0,"player_choice":"Fight","damage_taken":0,"max_hp_gain":0,"max_hp_loss":0,"event_name":"MindBloom","floor":38,"gold_loss":0},{"damage_healed":0,"gold_gain":0,"player_choice":"Bought 0 Potions","damage_taken":0,"max_hp_gain":0,"max_hp_loss":0,"event_name":"The Woman in Blue","floor":42,"gold_loss":0},{"damage_healed":0,"gold_gain":0,"player_choice":"Fight","damage_taken":0,"max_hp_gain":0,"max_hp_loss":0,"event_name":"Mysterious Sphere","floor":47,"gold_loss":0},{"damage_healed":0,"gold_gain":333,"player_choice":"Gave Idol","damage_taken":0,"max_hp_gain":0,"max_hp_loss":0,"event_name":"The Moai Head","floor":48,"relics_lost":["Golden Idol"],"gold_loss":0}],"is_beta":false,"boss_relics":[{"not_picked":["Pandora\u0027s Box","Busted Crown"],"picked":"WristBlade"},{"not_picked":["Coffee Dripper","Runic Dome"],"picked":"Fusion Hammer"}],"items_purged_floors":[4,20,31,53],"is_endless":false,"potions_floor_spawned":[1,8,16,24,29,33,35,41,45,54],"ascension_level":1}}