{"host":"6a06qhlf17v5rcww","time":1609922667,"event":{"mods":["Act Like it!","BaseMod","Beaked The Cultist","Better Altar","Better Match","Better Note","Better Sensory Stone","Better Skull","Better Third Choice","Better Vampires","BetterRewards","Block Reminder","Colored Powertips","Downfall","Gensokyo","Hallownest","Hermit","Infinite Spire","Minty Spire (QoL Compilation)","Prisma Mod","Rare Cards Sparkle","Replay The Spire","Shade Mod","StSLib","The Bug Knight","The Cursed","The Jungle","The Marked","The Witch"],"gold_per_floor":[110,110,127,127,127,127,127,36,36,36,36,36,47,47,65,83,83,484,484,497,508,519,519,519,519,539,539,563,563,582,149,178,490,490,795,845,859,859,859,473,665,665,698,698,698,698,715,715,275,289,289,289],"floor_reached":53,"playtime":4591,"items_purged":[],"score":793,"play_id":"2b206218-111c-459c-a115-657ba7f3f15d","local_time":"20210106034427","is_ascension_mode":false,"campfire_choices":[{"data":"infinitespire:Collect","floor":6.0,"key":"SMITH"},{"data":"PrismaMod:MiyuOrbIncreasePerm","floor":7.0,"key":"SMITH"},{"data":"PrismaMod:MiyuCheapChannelAttack","floor":12.0,"key":"SMITH"},{"data":"PrismaMod:MiyuCheapChannelDefend","floor":14.0,"key":"SMITH"},{"floor":17.0,"key":"REST"},{"floor":25.0,"key":"REST"},{"data":"PrismaMod:MiyuCheapDexBuff","floor":27.0,"key":"SMITH"},{"data":"PrismaMod:MiyuUberAOEAttack","floor":29.0,"key":"SMITH"},{"data":"Gensokyo:EightFeetTall","floor":42.0,"key":"SMITH"},{"data":"PrismaMod:MiyuUberDefend","floor":44,"key":"SMITH"},{"data":"PrismaMod:MiyuDefenseAbsorbMinor","floor":46,"key":"SMITH"},{"data":"PrismaMod:MiyuCheapDefend1","floor":51,"key":"SMITH"}],"circlet_count":0,"master_deck":["PrismaMod:MiyuCommonDefend","PrismaMod:MiyuCommonDefend","PrismaMod:MiyuCommonDefend","PrismaMod:MiyuCommonDefend","PrismaMod:MiyuCommonDefend","PrismaMod:MiyuCommonAttack","PrismaMod:MiyuCommonAttack","PrismaMod:MiyuCommonAttack+1","PrismaMod:MiyuCommonAttack","PrismaMod:MiyuCheapChannelAttack+1","PrismaMod:MiyuCheapChannelDefend+1","PrismaMod:MiyuEvokeCheapAttack","PrismaMod:MiyuEvokeCheapAttack","expansioncontent:FaceSlap+1","PrismaMod:MiyuUncommonPlate+1","PrismaMod:MiyuUncommonAttack","PrismaMod:MiyuUberAOEAttack+1","PrismaMod:MiyuCheapDexBuff","PrismaMod:MiyuOrbIncreasePerm+1","PrismaMod:MiyuCarnivalAttack","infinitespire:Collect+1","PrismaMod:MiyuCommonAOEAttack","PrismaMod:MiyuCheapDexBuff+1","PrismaMod:MiyuCheapAttack2","PrismaMod:MiyuCheapDefend2","PrismaMod:MiyuUncommonDexBuff+1","PrismaMod:MiyuCheapChannelAttack+1","PrismaMod:MiyuEvokeAll+1","PrismaMod:MiyuUberAttack","PrismaMod:MiyuCheapEvoke","Gensokyo:EightFeetTall+1","PrismaMod:MiyuUncommonDexBuff","PrismaMod:MiyuEvokeAllDefend+1","PrismaMod:MiyuUncommonAttack","Pot Of Greed","Pot Of Greed","Pot Of Greed","Pot Of Greed","PrismaMod:MiyuDefenseAbsorbMinor+1","PrismaMod:MiyuCheapDefend1+1","PrismaMod:MiyuCommonAOEAttack+1","PrismaMod:MiyuUberDefend+1","Panacea","PrismaMod:MiyuUncommonDexBuff","PrismaMod:MiyuUberAttack","PrismaMod:MiyuOrbIncreasePerm+1","PrismaMod:MiyuEvokeAllDefend+1","infinitespire:Collect+1","Pot Of Greed","Gensokyo:BlemishedSteel","PrismaMod:MiyuCheapChannelWeak+1"],"relics":["PrismaMod:PrismaSapphire","TungstenRod","FossilizedHelix","Gensokyo:PortableGap","infinitespire:EmpoweringShard","StoneCalendar","ChewingGum","InkBottle","infinitespire:Satchel","Replay:Mystery Machine","Potion Belt","infinitespire:ShieldingShard","Gensokyo:DirgeOfMelancholy","Grinning Jar","Tiny House","Durian","ClockworkSouvenir","ReplayTheSpireMod:TigerMarble","Shuriken","Guide Book","DollysMirror"],"acts_visited":["Exordium","Gensokyo:Gensokyo","Gensokyo:Gensokyoer"],"potions_floor_usage":[52,52],"damage_taken":[{"damage":0.0,"enemies":"Gensokyo:2_Kodama","floor":1.0,"turns":4.0},{"damage":0.0,"enemies":"Gensokyo:Python","floor":3.0,"turns":4.0},{"damage":0.0,"enemies":"Gensokyo:3_Fairies","floor":13.0,"turns":3.0},{"damage":3.0,"enemies":"Gensokyo:3_Kodama","floor":15.0,"turns":3.0},{"damage":0.0,"enemies":"Gensokyo:5_Fairies","floor":16.0,"turns":6.0},{"damage":0.0,"enemies":"Gensokyo:Kokoro","floor":18.0,"turns":10.0},{"damage":0.0,"enemies":"Gensokyo:CosmicMonolith","floor":20.0,"turns":4.0},{"damage":0.0,"enemies":"Gensokyo:Chomper","floor":21.0,"turns":4.0},{"damage":5.0,"enemies":"Gensokyo:Monolith_and_Dog","floor":22.0,"turns":5.0},{"damage":0.0,"enemies":"Gensokyo:Slime_Group","floor":26.0,"turns":6.0},{"damage":0.0,"enemies":"Gensokyo:Wraith","floor":30.0,"turns":7.0},{"damage":8.0,"enemies":"Gensokyo:Reisen","floor":32.0,"turns":5.0},{"damage":4.0,"enemies":"Gensokyo:Mirror_and_Dog","floor":33.0,"turns":7.0},{"damage":17.0,"enemies":"Gensokyo:Kaguya","floor":35.0,"turns":11.0},{"damage":0.0,"enemies":"Gensokyo:3_Bats","floor":37.0,"turns":5.0},{"damage":8,"enemies":"Nightmare","floor":43,"turns":5},{"damage":0,"enemies":"Gensokyo:3_Boulders","floor":47,"turns":5},{"damage":0,"enemies":"Gensokyo:Rafflesia","floor":50,"turns":5},{"damage":12,"enemies":"Gensokyo:Scarlet_Devils","floor":52,"turns":11}],"seed_played":"6836520492022353884","potions_obtained":[{"floor":1.0,"key":"Elixir"},{"floor":13.0,"key":"BlessingOfTheForge"},{"floor":16.0,"key":"Elixir"},{"floor":30.0,"key":"sneckomod:MuddlingPotion"},{"floor":33.0,"key":"Weak Potion"},{"floor":36.0,"key":"DistilledChaos"},{"floor":43,"key":"Dexterity Potion"},{"floor":50,"key":"Adrenaline Potion"}],"is_trial":false,"path_per_floor":["M","?","M","?","?","R","R","COS","PTL","PTL","T","R","M","R","M","M","R","B",null,"M","M","M","AVR","?","R","M","R","T","R","M","COS","E","M","R","B",null,"M","?","?","$","?","R","NM","R","T","R","M","?","COS","M","R","B",null],"character_chosen":"MIYU","items_purchased":["PrismaMod:MiyuEvokeCheapAttack","PrismaMod:MiyuUncommonPlate+1","PrismaMod:MiyuUncommonAttack","ClockworkSouvenir","PrismaMod:MiyuUberDefend","Panacea"],"campfire_rested":2,"item_purchase_floors":[0,0,0,40,40,40],"current_hp_per_floor":[40,40,40,40,26,26,26,26,26,26,26,26,26,26,23,23,41,41,60,60,60,55,55,17,34,34,34,34,34,38,38,30,30,30,17,59,64,64,56,56,32,32,28,28,28,28,32,32,32,50,50,46],"gold":289,"neow_bonus":"","is_daily":false,"chose_seed":false,"campfire_upgraded":10,"win_rate":0.0,"timestamp":1609922667,"path_taken":["M","?","M","?","?","R","R","COS","PTL","PTL","T","R","?","R","?","M","R","BOSS","M","M","?","AVR","?","R","M","R","T","R","M","COS","E","?","R","BOSS","M","?","?","$","?","R","NM","R","T","R","?","?","COS","M","R","BOSS"],"items_purchased_type":["Card","Card","Card","Relic","Card","Card"],"build_version":"2020-12-22","purchased_purges":0,"victory":true,"max_hp_per_floor":[70,70,70,63,63,60,60,60,60,60,60,60,60,60,60,60,60,60,60,60,60,60,57,57,57,57,57,57,57,54,54,54,54,54,54,59,64,64,64,64,64,64,64,64,64,64,61,61,61,61,61,61],"card_choices":[{"not_picked":["PrismaMod:MiyuAttackChannelAttack","PrismaMod:MiyuUncommonAOEAttack"],"picked":"PrismaMod:MiyuUberAOEAttack","floor":1.0},{"not_picked":["PrismaMod:MiyuUncommonAttack","PrismaMod:MiyuCheapAttack1"],"picked":"PrismaMod:MiyuCheapDexBuff","floor":2.0},{"not_picked":["PrismaMod:MiyuMaid","PrismaMod:MiyuEvokeBuffStr"],"picked":"PrismaMod:MiyuOrbIncreasePerm","floor":2.0},{"not_picked":["PrismaMod:MiyuEvokeBuffDex","PrismaMod:MiyuCheapAttack2"],"picked":"PrismaMod:MiyuCarnivalAttack","floor":3.0},{"not_picked":["infinitespire:Fortify","ReplayTheSpireMod:??????????????????????"],"picked":"infinitespire:Collect","floor":5.0},{"not_picked":["PrismaMod:MiyuMaid","PrismaMod:MiyuEvokeCheapDefend"],"picked":"PrismaMod:MiyuCommonAOEAttack","floor":13.0},{"not_picked":["PrismaMod:MiyuEvokeCheapAttack","PrismaMod:MiyuCheapDefend1"],"picked":"PrismaMod:MiyuCheapDexBuff","floor":15.0},{"not_picked":["PrismaMod:MiyuUberDefend","PrismaMod:MiyuUncommonAttack"],"picked":"PrismaMod:MiyuCheapAttack2","floor":16.0},{"not_picked":["PrismaMod:MiyuUberDefend","PrismaMod:MiyuDefenseAbsorbMinor"],"picked":"PrismaMod:MiyuCheapDefend2","floor":18.0},{"not_picked":["PrismaMod:MiyuCarnivalAttack","PrismaMod:MiyuCheapChannelVul"],"picked":"PrismaMod:MiyuUncommonDexBuff","floor":20.0},{"not_picked":["PrismaMod:MiyuCommonAOEAttack+1","PrismaMod:MiyuCheapChannelHeal"],"picked":"PrismaMod:MiyuCheapChannelAttack+1","floor":21.0},{"not_picked":["PrismaMod:MiyuCheapAttack2","PrismaMod:MiyuMaid"],"picked":"PrismaMod:MiyuEvokeAll+1","floor":22.0},{"not_picked":["PrismaMod:MiyuCheapEvoke","PrismaMod:MiyuDevil+1"],"picked":"PrismaMod:MiyuUberAttack","floor":26.0},{"not_picked":["PrismaMod:MiyuChristmas","PrismaMod:MiyuDevil"],"picked":"PrismaMod:MiyuCheapEvoke","floor":30.0},{"not_picked":["PrismaMod:MiyuEvokeAllAttack","PrismaMod:MiyuUncommonStrBuff"],"picked":"PrismaMod:MiyuUncommonDexBuff","floor":32.0},{"not_picked":["PrismaMod:MiyuChannelDefendEvoke","PrismaMod:MiyuBride"],"picked":"PrismaMod:MiyuEvokeAllDefend","floor":33.0},{"not_picked":["PrismaMod:MiyuCheapChannelWeak","PrismaMod:MiyuEvokeCheapAttack"],"picked":"PrismaMod:MiyuUncommonAttack","floor":33.0},{"not_picked":["PrismaMod:MiyuDefendChannelDefend","PrismaMod:MiyuChannelAttackEvoke"],"picked":"PrismaMod:MiyuDefenseAbsorbMinor","floor":35.0},{"not_picked":["PrismaMod:MiyuUncommonAOEAttack","PrismaMod:MiyuCheapAttack2+1"],"picked":"PrismaMod:MiyuCheapDefend1","floor":36.0},{"not_picked":["PrismaMod:MiyuEvokeBuffStr+1","PrismaMod:MiyuUncommonAttack"],"picked":"PrismaMod:MiyuCommonAOEAttack+1","floor":37.0},{"not_picked":["PrismaMod:MiyuCheapDexBuff+1","PrismaMod:MiyuUncommonAttack"],"picked":"PrismaMod:MiyuUncommonDexBuff","floor":41.0},{"not_picked":["PrismaMod:MiyuDefenseRemoval","PrismaMod:MiyuOrbIncreasePerm"],"picked":"PrismaMod:MiyuUberAttack","floor":43},{"not_picked":["PrismaMod:MiyuDefenseRemoval+1","PrismaMod:MiyuDevil+1"],"picked":"PrismaMod:MiyuOrbIncreasePerm+1","floor":47},{"not_picked":["PrismaMod:MiyuCheapAttack1","PrismaMod:MiyuChristmas"],"picked":"PrismaMod:MiyuCheapChannelWeak+1","floor":50}],"player_experience":758865,"relics_obtained":[{"floor":11.0,"key":"infinitespire:EmpoweringShard"},{"floor":28.0,"key":"Potion Belt"},{"floor":32.0,"key":"infinitespire:ShieldingShard"},{"floor":43,"key":"ReplayTheSpireMod:TigerMarble"},{"floor":45,"key":"Shuriken"}],"event_choices":[{"damage_healed":0.0,"max_hp_gain":0.0,"max_hp_loss":0.0,"gold_gain":0.0,"event_name":"betterSkull:BetterSkull","player_choice":"RE RE UP UP ","floor":24.0,"gold_loss":0.0,"damage_taken":51.0,"cards_upgraded":["PrismaMod:MiyuUncommonDexBuff","PrismaMod:MiyuCommonAttack"],"relics_obtained":["infinitespire:Satchel","Replay:Mystery Machine"]}],"is_beta":false,"boss_relics":[{"not_picked":["ReplayTheSpireMod:DimensionalGlitch","Black Star"],"picked":"ChewingGum"},{"not_picked":["Honey Jar","Calling Bell"],"picked":"Tiny House"}],"items_purged_floors":[],"is_endless":false,"potions_floor_spawned":[1,13,16,21,26,30,33,43,50],"ascension_level":0}}