{"host":"nptej036rrbiurf5","time":1609896740,"event":{"mods":["BaseMod","Colored Map","Colored Powertips","DeckTracker","Minty Spire (QoL Compilation)","StSLib","SuperFastMode"],"gold_per_floor":[114,39,39,339,24,63,63,76,76,106,149,149,164,185,185,283,283,302,8,0,0],"floor_reached":20,"playtime":358,"items_purged":["Strike_B","Strike_B","Strike_B"],"score":390,"play_id":"7333d396-1739-4fae-a52a-35e866d53f99","local_time":"20210106103220","is_ascension_mode":true,"campfire_choices":[{"data":"Apotheosis","floor":12.0,"key":"SMITH"},{"data":"Consume","floor":15.0,"key":"SMITH"}],"circlet_count":0,"master_deck":["AscendersBane","Strike_B","Defend_B","Defend_B","Defend_B","Defend_B","Zap","Dualcast","Loop","Apotheosis+1","Consume+1","Redo","BootSequence","Compile Driver","Creative AI","CurseOfTheBell","Conserve Battery"],"relics":["Cracked Core","NeowsBlessing","Golden Idol","Old Coin","Pantograph","InkBottle","Mummified Hand","Strawberry","Shuriken","Calling Bell","Question Card","Ice Cream","MealTicket","OrangePellets"],"acts_visited":["Exordium","TheCity"],"potions_floor_usage":[18],"damage_taken":[{"damage":0.0,"enemies":"Jaw Worm","floor":1.0,"turns":1.0},{"damage":0.0,"enemies":"3 Sentries","floor":6.0,"turns":2.0},{"damage":0.0,"enemies":"Small Slimes","floor":8.0,"turns":1.0},{"damage":12.0,"enemies":"Lagavulin","floor":11.0,"turns":5.0},{"damage":0.0,"enemies":"Cultist","floor":13.0,"turns":4.0},{"damage":8.0,"enemies":"3 Louse","floor":14.0,"turns":3.0},{"damage":26.0,"enemies":"Slime Boss","floor":16.0,"turns":7.0},{"damage":51,"enemies":"3 Byrds","floor":18,"turns":5},{"damage":29,"enemies":"2 Thieves","floor":20,"turns":3}],"seed_played":"3671792097738955191","potions_obtained":[{"floor":1.0,"key":"FearPotion"},{"floor":8.0,"key":"PotionOfCapacity"},{"floor":11.0,"key":"Block Potion"},{"floor":18,"key":"Strength Potion"}],"is_trial":false,"path_per_floor":["M","$","?","?","$","E","?","M","T","?","E","R","M","M","R","B",null,"M","$","M"],"character_chosen":"DEFECT","items_purchased":["Apotheosis","OrangePellets"],"campfire_rested":0,"item_purchase_floors":[5,19],"current_hp_per_floor":[64,64,64,59,59,59,59,59,59,66,54,54,54,46,46,45,65,14,29,0,0],"gold":0,"neow_bonus":"THREE_ENEMY_KILL","is_daily":false,"chose_seed":false,"campfire_upgraded":2,"win_rate":0.0,"timestamp":1609896740,"path_taken":["M","$","?","?","$","E","?","?","T","?","E","R","M","M","R","BOSS","M","$","M"],"items_purchased_type":["Card","Relic"],"build_version":"2020-12-22","purchased_purges":3,"victory":false,"max_hp_per_floor":[71,71,64,64,64,64,64,64,64,71,71,71,71,71,71,71,71,71,71,71,71],"card_choices":[{"not_picked":["Cold Snap","Go for the Eyes"],"picked":"Loop","floor":1.0},{"not_picked":["Cold Snap","Aggregate"],"picked":"Consume","floor":6.0},{"not_picked":["Beam Cell","Hologram"],"picked":"Redo","floor":8.0},{"not_picked":["Steam","Leap"],"picked":"BootSequence","floor":11.0},{"not_picked":["Go for the Eyes","Rebound"],"picked":"Compile Driver","floor":13.0},{"not_picked":["Redo","Gash","Force Field"],"picked":"SKIP","floor":14.0},{"not_picked":["Rainbow","Seek"],"picked":"Creative AI","floor":16.0},{"not_picked":["Redo","Rebound+1","Tempest+1"],"picked":"Conserve Battery","floor":18}],"player_experience":880328,"relics_obtained":[{"floor":6.0,"key":"Pantograph"},{"floor":9.0,"key":"Mummified Hand"},{"floor":11.0,"key":"Shuriken"},{"floor":17,"key":"Question Card"},{"floor":17,"key":"Ice Cream"},{"floor":17,"key":"MealTicket"}],"event_choices":[{"damage_healed":0.0,"max_hp_gain":0.0,"max_hp_loss":7.0,"gold_gain":0.0,"event_name":"Golden Idol","player_choice":"Lose Max HP","floor":3.0,"gold_loss":0.0,"damage_taken":0.0,"relics_obtained":["Golden Idol"]},{"damage_healed":0.0,"max_hp_gain":0.0,"max_hp_loss":0.0,"gold_gain":0.0,"event_name":"Scrap Ooze","player_choice":"Success","floor":4.0,"gold_loss":0.0,"damage_taken":5.0,"relics_obtained":["Old Coin"]},{"damage_healed":0.0,"max_hp_gain":0.0,"max_hp_loss":0.0,"gold_gain":0.0,"event_name":"WeMeetAgain","player_choice":"Gave Potion","floor":7.0,"gold_loss":0.0,"damage_taken":0.0,"relics_obtained":["InkBottle"]},{"damage_healed":0.0,"max_hp_gain":0.0,"max_hp_loss":0.0,"gold_gain":30.0,"event_name":"Dead Adventurer","player_choice":"Searched \u00272\u0027 times","floor":10.0,"gold_loss":0.0,"damage_taken":0.0,"relics_obtained":["Strawberry"]}],"is_beta":false,"boss_relics":[{"not_picked":["Astrolabe","Runic Dome"],"picked":"Calling Bell"}],"items_purged_floors":[2,5,19],"is_endless":false,"potions_floor_spawned":[1,8,11,18],"killed_by":"2 Thieves","ascension_level":18}}