{"host":"8fjsnt81u6xsmhji","time":1609910263,"event":{"mods":["BaseMod","Beaked The Cultist","Colored Powertips","Downfall","Glutton Mod","Hermit","Minty Spire (QoL Compilation)","Quick Restart","StSLib","The Bug Knight","The Forsaken","The Hierophant","The Runesmith"],"gold_per_floor":[99,113,127,145,145,145,145,17,17,33,33,49,49,62,80,176,176,101,113,123,123,123,139,187,187,205,222,222,235,235,235],"floor_reached":30,"playtime":2055,"items_purged":["hexamod:Haunted"],"score":249,"play_id":"feb3c57e-08bd-4646-a39e-5e87f02020d9","local_time":"20210105231743","is_ascension_mode":true,"campfire_choices":[{"data":"Runesmith:CraftPrismatica","floor":1.0,"key":"SMITH"},{"floor":11.0,"key":"RECALL"},{"floor":13.0,"key":"REST"},{"data":"Runesmith:ReplicatingBarrier","floor":18.0,"key":"SMITH"},{"floor":25.0,"key":"REST"},{"floor":28,"key":"REST"}],"circlet_count":0,"master_deck":["Runesmith:Strike_RS","Runesmith:Strike_RS","Runesmith:Strike_RS","Runesmith:Strike_RS","Runesmith:Defend_RS","Runesmith:Defend_RS","Runesmith:Defend_RS","Runesmith:CraftFirestone","Runesmith:Fortify","Runesmith:CraftPrismatica+1","Runesmith:Grindstone","Runesmith:CraftMagma+1","Runesmith:Firestorm","Runesmith:CraftIndustria","Runesmith:RuneHurl+1","Runesmith:EarthShield+1","Runesmith:ReplicatingBarrier+1","Runesmith:OneForEveryone+1","Runesmith:Empowerment","Runesmith:Permafrost","Runesmith:EnergizedChisel+1"],"relics":["Runesmith:BrokenRuby","theForsaken:HumbleEgg","Omamori","Calling Bell","Runesmith:Nanobots","Incense Burner","downfall:HeartBlessingRed","downfall:RedIOU","MealTicket"],"acts_visited":["Exordium","TheCity"],"potions_floor_usage":[29,30],"damage_taken":[{"damage":0.0,"enemies":"Small Slimes","floor":2.0,"turns":4.0},{"damage":2.0,"enemies":"Jaw Worm","floor":3.0,"turns":6.0},{"damage":3.0,"enemies":"2 Louse","floor":4.0,"turns":3.0},{"damage":0.0,"enemies":"downfall:FleeingMerchant","floor":8.0,"turns":4.0},{"damage":1.0,"enemies":"Red Slaver","floor":10.0,"turns":4.0},{"damage":1.0,"enemies":"2 Fungi Beasts","floor":12.0,"turns":4.0},{"damage":7.0,"enemies":"Exordium Thugs","floor":14.0,"turns":4.0},{"damage":0.0,"enemies":"Large Slime","floor":15.0,"turns":5.0},{"damage":31.0,"enemies":"downfall:Silent","floor":16.0,"turns":8.0},{"damage":10.0,"enemies":"Spheric Guardian","floor":19.0,"turns":8.0},{"damage":14.0,"enemies":"Chosen and Byrds","floor":20.0,"turns":8.0},{"damage":24.0,"enemies":"Cultist and Chosen","floor":23.0,"turns":7.0},{"damage":2,"enemies":"Centurion and Healer","floor":26,"turns":7},{"damage":19,"enemies":"Snake Plant","floor":27,"turns":5},{"damage":10,"enemies":"Shelled Parasite and Fungi","floor":29,"turns":5},{"damage":43,"enemies":"Slavers","floor":30,"turns":3}],"seed_played":"-1105351506572423183","potions_obtained":[{"floor":3.0,"key":"Block Potion"},{"floor":10.0,"key":"DuplicationPotion"},{"floor":14.0,"key":"LiquidBronze"},{"floor":15.0,"key":"CultistPotion"},{"floor":19.0,"key":"SkillPotion"},{"floor":23.0,"key":"Slimebound:ThreeZeroPotion"}],"is_trial":false,"path_per_floor":["R","M","M","M","?","T","T","$","?","M","R","M","R","M","M","B",null,"R","M","M","?","?","M","T","R","M","M","R","M","E"],"character_chosen":"RUNESMITH_CLASS","items_purchased":["Runesmith:Firestorm"],"campfire_rested":3,"item_purchase_floors":[8],"current_hp_per_floor":[70,70,68,65,58,58,58,58,58,57,57,56,70,63,63,32,70,70,60,46,46,46,22,22,43,41,22,43,33,0,0],"gold":235,"neow_bonus":"THREE_RARE_CARDS","is_daily":false,"chose_seed":false,"campfire_upgraded":2,"win_rate":0.0,"timestamp":1609910263,"path_taken":["R","M","M","M","?","?","T","$","?","M","R","M","R","M","M","BOSS","R","M","M","?","?","M","T","R","M","M","R","M","E"],"items_purchased_type":["Card"],"build_version":"2020-12-22","purchased_purges":1,"victory":false,"max_hp_per_floor":[70,70,70,70,70,70,70,70,70,70,70,70,70,70,70,70,70,70,70,70,70,70,70,70,70,70,70,70,70,70,70],"card_choices":[{"not_picked":["Runesmith:CraftIndustria","Runesmith:GenerateForcefield"],"picked":"Runesmith:CraftPrismatica","floor":0.0},{"not_picked":["Runesmith:ChiselStab","Runesmith:Augment"],"picked":"Runesmith:CraftReservo","floor":2.0},{"not_picked":["Runesmith:Malloc","Runesmith:ChiselStab","Runesmith:UnstableHammer"],"picked":"SKIP","floor":3.0},{"not_picked":["Runesmith:Accelerate","Runesmith:Repurpose"],"picked":"Runesmith:Grindstone","floor":4.0},{"not_picked":["Runesmith:HammerAndChisel","Runesmith:Malloc"],"picked":"Runesmith:CraftMagma+1","floor":8.0},{"not_picked":["Runesmith:HeatExchange+1","Runesmith:HammerThrow+1"],"picked":"Runesmith:RuneHurl+1","floor":10.0},{"not_picked":["Runesmith:Repurpose+1","Runesmith:Augment","Runesmith:HeatedChisel+1"],"picked":"SKIP","floor":12.0},{"not_picked":["Runesmith:GrandSlam","Runesmith:Firestorm"],"picked":"Runesmith:EarthShield+1","floor":14.0},{"not_picked":["Runesmith:NanitesCloud","Runesmith:Accelerate","Runesmith:Refine"],"picked":"SKIP","floor":15.0},{"not_picked":["Runesmith:FissionHammer","Runesmith:GrandSlam"],"picked":"Runesmith:ReplicatingBarrier","floor":16.0},{"not_picked":["Runesmith:CraftSpiculum","Runesmith:PerfectChisel"],"picked":"Runesmith:OneForEveryone+1","floor":19.0},{"not_picked":["Runesmith:ChiselStab+1","Runesmith:BackupBattery+1"],"picked":"Runesmith:Empowerment","floor":20.0},{"not_picked":["Runesmith:EarthShield+1","Runesmith:BackupBattery+1"],"picked":"Runesmith:Permafrost","floor":23.0},{"not_picked":["Runesmith:CraftProtectio+1","Runesmith:HeatedChisel+1","Runesmith:ReplicatingBarrier"],"picked":"SKIP","floor":26},{"not_picked":["Runesmith:Attraction","Runesmith:HeatExchange+1"],"picked":"Runesmith:EnergizedChisel+1","floor":27},{"not_picked":["Runesmith:CraftProtectio+1","Runesmith:HammerThrow+1","Runesmith:EarthShield+1"],"picked":"SKIP","floor":29}],"player_experience":706113,"relics_obtained":[{"floor":6.0,"key":"theForsaken:HumbleEgg"},{"floor":7.0,"key":"Omamori"},{"floor":17.0,"key":"Potion Belt"},{"floor":17.0,"key":"Runesmith:Nanobots"},{"floor":17.0,"key":"Incense Burner"},{"floor":24.0,"key":"MealTicket"}],"event_choices":[{"damage_healed":0.0,"max_hp_gain":0.0,"max_hp_loss":0.0,"gold_gain":0.0,"event_name":"Scrap Ooze","player_choice":"Fled","floor":5.0,"gold_loss":0.0,"damage_taken":7.0},{"damage_healed":0.0,"max_hp_gain":0.0,"max_hp_loss":0.0,"gold_gain":0.0,"cards_transformed":["Runesmith:Defend_RS"],"event_name":"Transmorgrifier","player_choice":"Transformed","floor":9.0,"gold_loss":0.0,"damage_taken":0.0,"cards_obtained":["Runesmith:CraftIndustria"]}],"is_beta":false,"boss_relics":[{"not_picked":["Runesmith:CoreCrystal","Philosopher\u0027s Stone"],"picked":"Calling Bell"}],"items_purged_floors":[8],"is_endless":false,"potions_floor_spawned":[3,10,14,15,19,23],"killed_by":"Slavers","ascension_level":2}}