{"host":"daa8jqyg4gqfaysm","time":1609948509,"event":{"mods":["BaseMod","Colored Powertips","Minty Spire (QoL Compilation)","StSLib"],"gold_per_floor":[112,112,130,146,164,164,200,375,402,81,119,119,135,149,149,270,270,293,144,144,159,184,184,220,220,245,245,270,270,306,319,319,443,443,463,24,87,111,136,136,161,194,220,244,265,24,24,24,24,24,24,24,24,24,24],"floor_reached":54,"playtime":4131,"items_purged":["Strike_P","Strike_P","Defend_P","Defend_P"],"score":996,"play_id":"fe8af105-fb98-4681-95e1-5b250e7b1a3f","local_time":"20210106235509","is_ascension_mode":true,"campfire_choices":[{"data":"Conclude","floor":6.0,"key":"SMITH"},{"data":"CutThroughFate","floor":12.0,"key":"SMITH"},{"data":"CrushJoints","floor":15.0,"key":"SMITH"},{"data":"ThirdEye","floor":23.0,"key":"SMITH"},{"floor":29.0,"key":"REST"},{"floor":32.0,"key":"REST"},{"floor":40,"key":"RECALL"},{"floor":47,"key":"REST"},{"data":"TalkToTheHand","floor":49,"key":"SMITH"},{"floor":52,"key":"REST"}],"circlet_count":0,"master_deck":["Defend_P+1","Defend_P","Eruption","Vigilance","CutThroughFate+1","Conclude+1","FlyingSleeves","Sanctity","WheelKick+1","Evaluate+1","Protect","ThirdEye+1","CrushJoints+1","DeusExMachina","Crescendo+1","ClearTheMind","EmptyFist+1","DeceiveReality+1","LessonLearned+1","Secret Weapon+1","MentalFortress+1","LikeWater","Wireheading+1","TalkToTheHand+1","CutThroughFate"],"relics":["PureWater","Blood Vial","Golden Idol","Omamori","Bag of Marbles","ClockworkSouvenir","Strawberry","Runic Pyramid","HornCleat","Bag of Preparation","Bottled Lightning","Pen Nib","Velvet Choker","Strange Spoon","Incense Burner","Dead Branch"],"acts_visited":["Exordium","TheCity","TheBeyond","TheEnding"],"potions_floor_usage":[42,50,54],"damage_taken":[{"damage":4.0,"enemies":"Small Slimes","floor":1.0,"turns":4.0},{"damage":0.0,"enemies":"Cultist","floor":3.0,"turns":4.0},{"damage":2.0,"enemies":"Jaw Worm","floor":4.0,"turns":3.0},{"damage":16.0,"enemies":"Exordium Wildlife","floor":5.0,"turns":4.0},{"damage":11.0,"enemies":"3 Sentries","floor":7.0,"turns":5.0},{"damage":0.0,"enemies":"Gremlin Nob","floor":11.0,"turns":2.0},{"damage":3.0,"enemies":"Red Slaver","floor":13.0,"turns":3.0},{"damage":1.0,"enemies":"2 Fungi Beasts","floor":14.0,"turns":3.0},{"damage":26.0,"enemies":"Slime Boss","floor":16.0,"turns":8.0},{"damage":6.0,"enemies":"Chosen","floor":18.0,"turns":4.0},{"damage":12.0,"enemies":"3 Byrds","floor":21.0,"turns":5.0},{"damage":5.0,"enemies":"Snake Plant","floor":22.0,"turns":4.0},{"damage":16.0,"enemies":"Book of Stabbing","floor":24.0,"turns":5.0},{"damage":2.0,"enemies":"Sentry and Sphere","floor":28.0,"turns":5.0},{"damage":7.0,"enemies":"Slavers","floor":30.0,"turns":5.0},{"damage":2.0,"enemies":"Chosen and Byrds","floor":31.0,"turns":3.0},{"damage":61.0,"enemies":"Automaton","floor":33.0,"turns":12.0},{"damage":0.0,"enemies":"Orb Walker","floor":35.0,"turns":4.0},{"damage":0.0,"enemies":"Mind Bloom Boss Battle","floor":37.0,"turns":5.0},{"damage":2.0,"enemies":"3 Shapes","floor":38.0,"turns":7.0},{"damage":4,"enemies":"Writhing Mass","floor":39,"turns":6},{"damage":5,"enemies":"4 Shapes","floor":41,"turns":8},{"damage":10,"enemies":"Nemesis","floor":42,"turns":5},{"damage":11,"enemies":"Jaw Worm Horde","floor":44,"turns":4},{"damage":3,"enemies":"3 Darklings","floor":45,"turns":4},{"damage":55,"enemies":"Awakened One","floor":50,"turns":32},{"damage":76,"enemies":"Shield and Spear","floor":54,"turns":9}],"seed_played":"1217113570800820680","potions_obtained":[{"floor":3.0,"key":"ColorlessPotion"},{"floor":4.0,"key":"Swift Potion"},{"floor":5.0,"key":"Ambrosia"},{"floor":11.0,"key":"FearPotion"},{"floor":13.0,"key":"Block Potion"},{"floor":21.0,"key":"LiquidMemories"},{"floor":38.0,"key":"BlessingOfTheForge"},{"floor":41,"key":"LiquidMemories"},{"floor":42,"key":"SkillPotion"},{"floor":44,"key":"GamblersBrew"}],"is_trial":false,"path_per_floor":["M","?","M","M","M","R","E","?","T","$","E","R","M","M","R","B",null,"M","$","?","M","M","R","E","?","T","T","M","R","E","M","R","B",null,"M","$","?","M","M","R","M","E","T","M","M","$","R","?","R","B",null,"R","$","E"],"character_chosen":"WATCHER","items_purchased":["ClockworkSouvenir","Evaluate","FearPotion","Fire Potion","Secret Weapon","Strange Spoon","TalkToTheHand","CutThroughFate"],"campfire_rested":4,"item_purchase_floors":[10,10,10,19,36,36,46,46],"current_hp_per_floor":[63,63,65,65,51,51,42,42,42,42,51,51,50,51,51,27,62,58,58,58,48,45,45,31,31,31,31,31,53,48,48,70,11,58,60,60,62,62,60,60,57,49,49,40,39,39,61,61,61,8,58,74,74,0,0],"gold":24,"neow_bonus":"RANDOM_COMMON_RELIC","is_daily":false,"chose_seed":false,"campfire_upgraded":5,"win_rate":0.0,"timestamp":1609948509,"path_taken":["M","?","M","M","M","R","E","?","T","$","E","R","M","M","R","BOSS","M","$","?","?","M","R","E","?","T","?","M","R","E","M","R","BOSS","M","$","?","M","M","R","M","E","T","M","M","$","R","?","R","BOSS","R","$","E"],"items_purchased_type":["Relic","Card","Potion","Potion","Card","Relic","Card","Card"],"build_version":"2020-12-22","purchased_purges":4,"victory":false,"max_hp_per_floor":[72,67,67,67,67,67,67,67,67,67,74,74,74,74,74,74,74,74,74,74,74,74,74,74,74,74,74,74,74,74,74,74,74,74,74,74,74,74,74,74,74,74,74,74,74,74,74,74,74,74,74,74,74,74,74],"card_choices":[{"not_picked":["SashWhip","Adaptation"],"picked":"CutThroughFate","floor":1.0},{"not_picked":["FlurryOfBlows","EmptyBody"],"picked":"Conclude","floor":3.0},{"not_picked":["JustLucky","ReachHeaven"],"picked":"FlyingSleeves","floor":4.0},{"not_picked":["Consecrate","Nirvana"],"picked":"Sanctity","floor":5.0},{"not_picked":["Omniscience","Fasting2"],"picked":"WheelKick","floor":7.0},{"not_picked":["Sanctity","WreathOfFlame"],"picked":"Protect","floor":11.0},{"not_picked":["Perseverance","PathToVictory"],"picked":"ThirdEye","floor":13.0},{"not_picked":["Collect","CutThroughFate"],"picked":"CrushJoints","floor":14.0},{"not_picked":["Brilliance","Judgement"],"picked":"DeusExMachina","floor":16.0},{"not_picked":["ThirdEye","JustLucky"],"picked":"Crescendo","floor":18.0},{"not_picked":["Evaluate+1","Meditate"],"picked":"EmptyFist","floor":21.0},{"not_picked":["BowlingBash","PathToVictory+1","ClearTheMind"],"picked":"SKIP","floor":22.0},{"not_picked":["EmptyBody","SignatureMove","Crescendo+1"],"picked":"SKIP","floor":24.0},{"not_picked":["CrushJoints","WreathOfFlame"],"picked":"DeceiveReality","floor":28.0},{"not_picked":["Collect","Pray","WreathOfFlame+1"],"picked":"SKIP","floor":30.0},{"not_picked":["Crescendo","Consecrate","BattleHymn"],"picked":"SKIP","floor":31.0},{"not_picked":["ConjureBlade","DeusExMachina"],"picked":"LessonLearned","floor":33.0},{"not_picked":["EmptyFist+1","Collect","Crescendo"],"picked":"SKIP","floor":35.0},{"not_picked":["JustLucky","PathToVictory+1"],"picked":"MentalFortress+1","floor":38.0},{"not_picked":["SashWhip+1","Adaptation"],"picked":"LikeWater","floor":39},{"not_picked":["FlyingSleeves","Blasphemy","EmptyBody+1"],"picked":"SKIP","floor":41},{"not_picked":["CrushJoints","FlyingSleeves"],"picked":"Wireheading+1","floor":42},{"not_picked":["Collect","Worship","DeceiveReality+1"],"picked":"SKIP","floor":44},{"not_picked":["FollowUp","FlurryOfBlows+1","Prostrate+1"],"picked":"SKIP","floor":45}],"player_experience":780569,"relics_obtained":[{"floor":7.0,"key":"Omamori"},{"floor":9.0,"key":"Bag of Marbles"},{"floor":11.0,"key":"Strawberry"},{"floor":24.0,"key":"HornCleat"},{"floor":26.0,"key":"Bag of Preparation"},{"floor":27.0,"key":"Bottled Lightning"},{"floor":30.0,"key":"Pen Nib"},{"floor":37.0,"key":"Incense Burner"},{"floor":42,"key":"Dead Branch"}],"event_choices":[{"damage_healed":0.0,"max_hp_gain":0.0,"max_hp_loss":5.0,"gold_gain":0.0,"event_name":"Golden Idol","player_choice":"Lose Max HP","floor":2.0,"gold_loss":0.0,"damage_taken":0.0,"relics_obtained":["Golden Idol"]},{"damage_healed":0.0,"max_hp_gain":0.0,"max_hp_loss":0.0,"gold_gain":175.0,"event_name":"Liars Game","player_choice":"AGREE","floor":8.0,"gold_loss":0.0,"damage_taken":0.0,"cards_obtained":["Doubt"]},{"damage_healed":0.0,"max_hp_gain":0.0,"max_hp_loss":0.0,"gold_gain":0.0,"cards_transformed":["Strike_P"],"event_name":"Transmorgrifier","player_choice":"Transformed","floor":20.0,"gold_loss":0.0,"damage_taken":0.0,"cards_obtained":["ClearTheMind"]},{"cards_removed":["Strike_P"],"damage_healed":0.0,"max_hp_gain":0.0,"max_hp_loss":0.0,"gold_gain":0.0,"event_name":"Back to Basics","player_choice":"Elegance","floor":25.0,"gold_loss":0.0,"damage_taken":0.0},{"damage_healed":0.0,"max_hp_gain":0.0,"max_hp_loss":0.0,"gold_gain":0.0,"event_name":"MindBloom","player_choice":"Fight","floor":37.0,"gold_loss":0.0,"damage_taken":0.0},{"damage_healed":0,"gold_gain":0,"player_choice":"Ignored","damage_taken":0,"max_hp_gain":0,"max_hp_loss":0,"event_name":"SecretPortal","floor":48,"gold_loss":0}],"is_beta":false,"boss_relics":[{"not_picked":["Pandora\u0027s Box","Snecko Eye"],"picked":"Runic Pyramid"},{"not_picked":["Sozu","Calling Bell"],"picked":"Velvet Choker"}],"items_purged_floors":[10,19,36,46],"is_endless":false,"potions_floor_spawned":[3,4,5,11,13,21,22,28,30,38,41,42,44],"killed_by":"Shield and Spear","ascension_level":7}}