{"host":"4u66lrbz4v7cei5p","time":1609922083,"event":{"mods":["BaseMod","Bestiary","Colored Map","Filter the Spire","Minty Spire (QoL Compilation)","Permanent Neow","StSLib"],"gold_per_floor":[109,34,51,51,66,66,95,95,177,203,203,213,231,258,270,384,396,391,17,17,31,44,76,76,105,153,173,190,190,207,218,218,323,323,342,342,354,3,19,53,103,117,117,146,163,182,40,70,70,70,70,70,2,33,33],"floor_reached":56,"playtime":6789,"items_purged":["Concentrate","Regret","Storm of Steel","Doubt"],"score":1431,"play_id":"9f106bbe-8008-4eb2-a649-07200ec8f22c","local_time":"20210106003443","is_ascension_mode":true,"campfire_choices":[{"data":"Adrenaline","floor":6,"key":"SMITH"},{"data":"Deadly Poison","floor":8,"key":"SMITH"},{"data":"Backflip","floor":11,"key":"SMITH"},{"data":"Wraith Form v2","floor":15,"key":"SMITH"},{"data":"Night Terror","floor":24,"key":"SMITH"},{"data":"Well Laid Plans","floor":29,"key":"SMITH"},{"data":"Acrobatics","floor":32,"key":"SMITH"},{"floor":49,"key":"RECALL"},{"data":"Noxious Fumes","floor":52,"key":"SMITH"}],"circlet_count":0,"master_deck":["Survivor+1","Neutralize","Caltrops","Adrenaline+1","Calculated Gamble+1","Calculated Gamble","Skewer","Masterful Stab","Tactician","Footwork","Deadly Poison+1","Dodge and Roll","Night Terror+1","Backflip+1","Leg Sweep","Wraith Form v2+1","Burst","Well Laid Plans+1","Backflip","Bouncing Flask","Clumsy","After Image","Acrobatics+1","Acrobatics+1","Corpse Explosion","Backflip","Reflex","Noxious Fumes+1","Well Laid Plans","Deadly Poison+1","Noxious Fumes"],"relics":["Pandora\u0027s Box","Toy Ornithopter","The Courier","HornCleat","Blood Vial","MawBank","Cursed Key","Bronze Scales","War Paint","Pen Nib","Smiling Mask","Philosopher\u0027s Stone","OrangePellets","Potion Belt","InkBottle","Unceasing Top","Du-Vu Doll","Dream Catcher","Anchor","Nunchaku"],"acts_visited":["Exordium","TheCity","TheBeyond","TheEnding"],"potions_floor_usage":[7,10,10,16,18,23,25,31,44,45,50,50,55,55,55,55,55,55,55,55,55,55,55,55,55],"damage_taken":[{"damage":8,"enemies":"Jaw Worm","floor":1,"turns":2},{"damage":0,"enemies":"Cultist","floor":3,"turns":3},{"damage":0,"enemies":"Small Slimes","floor":5,"turns":2},{"damage":33,"enemies":"3 Sentries","floor":7,"turns":7},{"damage":0,"enemies":"Gremlin Nob","floor":10,"turns":3},{"damage":10,"enemies":"Looter","floor":12,"turns":2},{"damage":5,"enemies":"Exordium Wildlife","floor":13,"turns":2},{"damage":19,"enemies":"3 Sentries","floor":14,"turns":11},{"damage":1,"enemies":"Slime Boss","floor":16,"turns":6},{"damage":3,"enemies":"2 Thieves","floor":18,"turns":5},{"damage":4,"enemies":"Shell Parasite","floor":21,"turns":5},{"damage":17,"enemies":"Snake Plant","floor":22,"turns":4},{"damage":13,"enemies":"Slavers","floor":23,"turns":6},{"damage":3,"enemies":"Gremlin Leader","floor":25,"turns":7},{"damage":1,"enemies":"Cultist and Chosen","floor":27,"turns":8},{"damage":0,"enemies":"3 Cultists","floor":28,"turns":6},{"damage":0,"enemies":"Snecko","floor":30,"turns":4},{"damage":0,"enemies":"Snake Plant","floor":31,"turns":1},{"damage":0,"enemies":"Champ","floor":33,"turns":14},{"damage":12,"enemies":"3 Shapes","floor":35,"turns":3},{"damage":9,"enemies":"3 Darklings","floor":37,"turns":2},{"damage":0,"enemies":"Maw","floor":39,"turns":8},{"damage":14,"enemies":"Giant Head","floor":40,"turns":10},{"damage":0,"enemies":"Mind Bloom Boss Battle","floor":41,"turns":7},{"damage":11,"enemies":"Transient","floor":42,"turns":5},{"damage":0,"enemies":"Reptomancer","floor":44,"turns":8},{"damage":4,"enemies":"Writhing Mass","floor":45,"turns":7},{"damage":0,"enemies":"4 Shapes","floor":46,"turns":2},{"damage":5,"enemies":"Nemesis","floor":48,"turns":9},{"damage":8,"enemies":"Awakened One","floor":50,"turns":13},{"damage":27,"enemies":"Shield and Spear","floor":54,"turns":5},{"damage":3,"enemies":"The Heart","floor":55,"turns":8}],"seed_played":"2171528959431708344","potions_obtained":[{"floor":1,"key":"LiquidMemories"},{"floor":5,"key":"Fire Potion"},{"floor":7,"key":"LiquidMemories"},{"floor":10,"key":"CultistPotion"},{"floor":16,"key":"Fire Potion"},{"floor":18,"key":"Energy Potion"},{"floor":20,"key":"CunningPotion"},{"floor":20,"key":"SneckoOil"},{"floor":23,"key":"PowerPotion"},{"floor":25,"key":"DistilledChaos"},{"floor":27,"key":"EntropicBrew"},{"floor":35,"key":"LiquidBronze"},{"floor":40,"key":"CunningPotion"},{"floor":42,"key":"CunningPotion"},{"floor":45,"key":"DuplicationPotion"},{"floor":46,"key":"SneckoOil"}],"is_trial":false,"path_per_floor":["M","$","M","?","M","R","E","R","T","E","R","M","M","E","R","B",null,"M","$","?","M","M","E","R","E","T","M","M","R","M","M","R","B",null,"M","?","M","$","M","E","?","M","T","E","M","M","$","E","R","B",null,"R","$","E","B",null],"character_chosen":"THE_SILENT","items_purchased":["Well Laid Plans","Bronze Scales","Backflip","War Paint","OrangePellets","Reflex","Potion Belt","Noxious Fumes","Well Laid Plans","Noxious Fumes","Swift Potion"],"campfire_rested":0,"item_purchase_floors":[19,19,19,19,38,38,38,47,47,53,53],"current_hp_per_floor":[62,62,62,62,62,62,34,34,34,44,44,36,33,16,16,22,70,70,70,70,66,51,45,45,49,49,50,52,52,54,61,61,63,70,58,58,51,51,53,41,43,34,34,41,44,46,46,43,43,47,70,70,70,43,69],"gold":33,"neow_bonus":"BOSS_RELIC","is_daily":false,"chose_seed":false,"campfire_upgraded":8,"win_rate":0.0,"timestamp":1609922083,"path_taken":["M","$","M","?","M","R","E","R","T","E","R","M","M","E","R","BOSS","M","$","?","M","M","E","R","E","T","M","?","R","M","M","R","BOSS","M","?","M","$","M","E","?","M","T","E","M","M","?","E","R","BOSS","R","$","E","BOSS"],"items_purchased_type":["Card","Relic","Card","Relic","Relic","Card","Relic","Card","Card","Card","Potion"],"build_version":"2020-12-22","purchased_purges":4,"victory":true,"max_hp_per_floor":[70,70,70,70,70,70,70,70,70,70,70,70,70,70,70,70,70,70,70,70,70,70,70,70,70,70,70,70,70,70,70,70,70,70,70,70,70,70,70,70,70,70,70,70,70,70,70,70,70,70,70,70,70,70,70],"card_choices":[{"not_picked":["Poisoned Stab","Sucker Punch"],"picked":"Footwork","floor":1},{"not_picked":["Calculated Gamble","Bane"],"picked":"Deadly Poison","floor":3},{"not_picked":["Dagger Throw","Terror"],"picked":"Dodge and Roll","floor":5},{"not_picked":["Expertise","Footwork"],"picked":"Night Terror","floor":7},{"not_picked":["Flying Knee","Predator"],"picked":"Backflip","floor":10},{"not_picked":["Outmaneuver","Quick Slash","All Out Attack"],"picked":"SKIP","floor":12},{"not_picked":["Sucker Punch","Flying Knee"],"picked":"Leg Sweep","floor":13},{"not_picked":["Backflip","Cloak And Dagger"],"picked":"Wraith Form v2","floor":14},{"not_picked":["Unload","Venomology"],"picked":"Burst","floor":16},{"not_picked":["Outmaneuver","Quick Slash","Deflect"],"picked":"SKIP","floor":18},{"not_picked":["Blade Dance","Riddle With Holes","Distraction"],"picked":"SKIP","floor":21},{"not_picked":["Flying Knee","Noxious Fumes"],"picked":"Bouncing Flask","floor":22},{"not_picked":["Flying Knee","Dagger Spray","Concentrate"],"picked":"SKIP","floor":23},{"not_picked":["Flying Knee","Dagger Spray","Concentrate"],"picked":"SKIP","floor":23},{"not_picked":["Cloak And Dagger","Deflect","Dodge and Roll+1"],"picked":"SKIP","floor":25},{"not_picked":["Slice+1","Dagger Throw"],"picked":"After Image","floor":27},{"not_picked":["PiercingWail+1","Distraction"],"picked":"Acrobatics+1","floor":28},{"not_picked":["Bane","PiercingWail"],"picked":"Acrobatics","floor":30},{"not_picked":["Flechettes","Blur","Deflect"],"picked":"SKIP","floor":31},{"not_picked":["A Thousand Cuts","Tools of the Trade"],"picked":"Corpse Explosion","floor":33},{"not_picked":["Sucker Punch+1","Finisher","Bane"],"picked":"SKIP","floor":35},{"not_picked":["Calculated Gamble","Outmaneuver+1"],"picked":"Backflip","floor":37},{"not_picked":["Tactician+1","Escape Plan+1","Outmaneuver"],"picked":"SKIP","floor":39},{"not_picked":["Masterful Stab","Dash","Outmaneuver"],"picked":"SKIP","floor":40},{"not_picked":["Blade Dance+1","Infinite Blades","Accuracy"],"picked":"SKIP","floor":42},{"not_picked":["Predator+1","Sucker Punch","Deflect"],"picked":"SKIP","floor":44},{"not_picked":["Slice+1","Poisoned Stab","Dagger Spray+1"],"picked":"SKIP","floor":45},{"not_picked":["Poisoned Stab","Dash+1","Infinite Blades+1"],"picked":"SKIP","floor":46},{"not_picked":["All Out Attack+1","Tactician+1"],"picked":"Deadly Poison+1","floor":48},{"not_picked":["Dagger Throw","Glass Knife","Footwork"],"picked":"SKIP","floor":54}],"player_experience":70468,"relics_obtained":[{"floor":7,"key":"The Courier"},{"floor":9,"key":"HornCleat"},{"floor":10,"key":"Blood Vial"},{"floor":14,"key":"MawBank"},{"floor":23,"key":"Pen Nib"},{"floor":25,"key":"Smiling Mask"},{"floor":40,"key":"InkBottle"},{"floor":41,"key":"Unceasing Top"},{"floor":43,"key":"Du-Vu Doll"},{"floor":44,"key":"Dream Catcher"},{"floor":48,"key":"Anchor"},{"floor":54,"key":"Nunchaku"}],"event_choices":[{"damage_healed":0,"gold_gain":0,"player_choice":"Box","damage_taken":0,"relics_obtained":["Toy Ornithopter"],"max_hp_gain":0,"max_hp_loss":0,"event_name":"Big Fish","floor":4,"gold_loss":0,"cards_obtained":["Regret"]},{"damage_healed":0,"gold_gain":0,"player_choice":"Got Potions","damage_taken":0,"max_hp_gain":0,"max_hp_loss":0,"event_name":"Lab","floor":20,"gold_loss":0},{"cards_removed":["Doppelganger"],"damage_healed":0,"gold_gain":0,"player_choice":"Removed Skill","damage_taken":0,"max_hp_gain":0,"max_hp_loss":0,"event_name":"Falling","floor":36,"gold_loss":0},{"damage_healed":0,"gold_gain":0,"player_choice":"Fight","damage_taken":0,"max_hp_gain":0,"max_hp_loss":0,"event_name":"MindBloom","floor":41,"gold_loss":0}],"is_beta":false,"boss_relics":[{"not_picked":["Busted Crown","Fusion Hammer"],"picked":"Cursed Key"},{"not_picked":["WristBlade","Runic Dome"],"picked":"Philosopher\u0027s Stone"}],"items_purged_floors":[2,19,38,47],"is_endless":false,"potions_floor_spawned":[1,5,7,10,16,18,22,23,25,27,35,40,42,45,46],"ascension_level":1}}