{"host":"w01zow3jg16g8jdh","time":1609943775,"event":{"mods":["AchievementEnabler","BaseMod","DeckTracker","Keyboard Shortcuts","Minty Spire (QoL Compilation)","Permanent Neow","StSLib","SuperFastMode"],"gold_per_floor":[110,122,122,138,138,138,178,199,279,279,300,316,316,337,337,428,428,447,462,387,412,425,458,458,458,458],"floor_reached":25,"playtime":608,"items_purged":["Wild Strike+1"],"score":479,"play_id":"69de7362-07b6-4a73-9c47-171143a49f62","local_time":"20210106233615","is_ascension_mode":true,"campfire_choices":[{"data":"Wild Strike","floor":6.0,"key":"SMITH"},{"data":"Feed","floor":10.0,"key":"SMITH"},{"data":"Inflame","floor":13.0,"key":"SMITH"},{"data":"Limit Break","floor":15.0,"key":"SMITH"}],"circlet_count":0,"master_deck":["AscendersBane","Defend_R","Defend_R","Defend_R","Defend_R","Feed+1","Limit Break+1","Sword Boomerang","Shockwave","Pommel Strike","Inflame+1","Offering+1","Demon Form+1","Clash+1","Burning Pact","Intimidate+1"],"relics":["Burning Blood","Golden Idol","Thread and Needle","Kunai","Astrolabe","Regal Pillow"],"acts_visited":["Exordium","TheCity"],"potions_floor_usage":[25],"damage_taken":[{"damage":12.0,"enemies":"Cultist","floor":1.0,"turns":4.0},{"damage":13.0,"enemies":"2 Louse","floor":2.0,"turns":4.0},{"damage":17.0,"enemies":"Small Slimes","floor":4.0,"turns":5.0},{"damage":20.0,"enemies":"3 Sentries","floor":7.0,"turns":9.0},{"damage":14.0,"enemies":"Blue Slaver","floor":8.0,"turns":4.0},{"damage":4.0,"enemies":"3 Louse","floor":11.0,"turns":4.0},{"damage":9.0,"enemies":"Large Slime","floor":12.0,"turns":4.0},{"damage":2.0,"enemies":"2 Fungi Beasts","floor":14.0,"turns":4.0},{"damage":51.0,"enemies":"Slime Boss","floor":16.0,"turns":9.0},{"damage":15.0,"enemies":"2 Thieves","floor":18.0,"turns":3.0},{"damage":18.0,"enemies":"Spheric Guardian","floor":19.0,"turns":4.0},{"damage":27.0,"enemies":"Shelled Parasite and Fungi","floor":21.0,"turns":3.0},{"damage":10.0,"enemies":"Snecko","floor":22.0,"turns":3.0},{"damage":27.0,"enemies":"Gremlin Leader","floor":23.0,"turns":4.0},{"damage":11,"enemies":"Centurion and Healer","floor":25,"turns":4}],"seed_played":"-3293644921065779372","potions_obtained":[{"floor":2.0,"key":"BloodPotion"},{"floor":4.0,"key":"SteroidPotion"},{"floor":12.0,"key":"EssenceOfSteel"},{"floor":16.0,"key":"Explosive Potion"},{"floor":19.0,"key":"SteroidPotion"},{"floor":23.0,"key":"ColorlessPotion"}],"is_trial":false,"path_per_floor":["M","M","?","M","?","R","E","M","T","R","M","M","R","M","R","B",null,"M","M","$","M","M","E","?","M"],"character_chosen":"IRONCLAD","items_purchased":[],"campfire_rested":0,"item_purchase_floors":[],"current_hp_per_floor":[65,61,61,53,46,46,35,30,30,30,36,37,37,45,45,17,70,65,53,53,36,32,15,15,4,4],"gold":458,"neow_bonus":"TRANSFORM_TWO_CARDS","is_daily":false,"chose_seed":false,"campfire_upgraded":4,"win_rate":0.0,"timestamp":1609943775,"path_taken":["M","?","?","M","?","R","E","M","T","R","M","M","R","M","R","BOSS","M","M","$","M","M","E","?","M"],"items_purchased_type":[],"build_version":"2020-12-22","purchased_purges":1,"victory":false,"max_hp_per_floor":[71,74,67,70,70,70,73,76,76,76,80,84,84,88,88,88,88,92,92,92,96,96,100,100,100,100],"card_choices":[{"not_picked":["Headbutt","Warcry"],"picked":"Wild Strike","floor":1.0},{"not_picked":["Clothesline","Body Slam"],"picked":"Sword Boomerang","floor":2.0},{"not_picked":["Thunderclap","Rampage","Iron Wave"],"picked":"SKIP","floor":4.0},{"not_picked":["Evolve","Rage"],"picked":"Shockwave","floor":7.0},{"not_picked":["Cleave","Reckless Charge"],"picked":"Pommel Strike","floor":8.0},{"not_picked":["Iron Wave","Armaments"],"picked":"Inflame","floor":11.0},{"not_picked":["Pommel Strike","Anger","Inflame"],"picked":"SKIP","floor":12.0},{"not_picked":["Warcry","Infernal Blade","Evolve"],"picked":"SKIP","floor":14.0},{"not_picked":["Body Slam","Perfected Strike","Warcry"],"picked":"SKIP","floor":18.0},{"not_picked":["Headbutt","Bloodletting"],"picked":"Burning Pact","floor":19.0},{"not_picked":["Dropkick","Sword Boomerang","Clothesline"],"picked":"SKIP","floor":21.0},{"not_picked":["Anger","Body Slam"],"picked":"Intimidate+1","floor":22.0},{"not_picked":["Feed","Cleave","Clash"],"picked":"SKIP","floor":23.0}],"player_experience":297700,"relics_obtained":[{"floor":7.0,"key":"Thread and Needle"},{"floor":9.0,"key":"Kunai"},{"floor":23.0,"key":"Regal Pillow"}],"event_choices":[{"damage_healed":0.0,"max_hp_gain":0.0,"max_hp_loss":7.0,"gold_gain":0.0,"event_name":"Golden Idol","player_choice":"Lose Max HP","floor":3.0,"gold_loss":0.0,"damage_taken":0.0,"relics_obtained":["Golden Idol"]},{"cards_removed":["Strike_R"],"damage_healed":0.0,"max_hp_gain":0.0,"max_hp_loss":0.0,"gold_gain":0.0,"event_name":"Golden Wing","player_choice":"Card Removal","floor":5.0,"gold_loss":0.0,"damage_taken":7.0},{"damage_healed":0.0,"max_hp_gain":0.0,"max_hp_loss":0.0,"gold_gain":0.0,"event_name":"Vampires","player_choice":"Ignored","floor":24.0,"gold_loss":0.0,"damage_taken":0.0}],"is_beta":false,"boss_relics":[{"not_picked":["Runic Cube","SacredBark"],"picked":"Astrolabe"}],"items_purged_floors":[20],"is_endless":false,"potions_floor_spawned":[2,4,12,14,16,19,23],"killed_by":"Centurion and Healer","ascension_level":20}}