{"host":"uexwcb0k0pockgi8","time":1609906849,"event":{"mods":["BaseMod","Minty Spire (QoL Compilation)","Robot Space Explorer","StSLib","The Marked","The Senshi"],"gold_per_floor":[112,112,62,62,82,120,120,120,143,30,46,90,106,131,131,131,131],"floor_reached":16,"playtime":1168,"items_purged":[],"score":110,"play_id":"d270ea25-0e8e-48e2-8c3b-92c1fce1ac7c","local_time":"20210105202049","is_ascension_mode":false,"campfire_choices":[{"data":"theSenshi:SailorCosmosAssists","floor":7,"key":"SMITH"},{"data":"theSenshi:SaturnsMystery","floor":15,"key":"SMITH"}],"circlet_count":0,"master_deck":["theSenshi:SailorKick","theSenshi:SailorKick","theSenshi:SailorKick","theSenshi:SailorKick","theSenshi:SailorBlock","theSenshi:SailorBlock","theSenshi:SailorBlock","theSenshi:SailorBlock","theSenshi:RoseThrow","theSenshi:MoonPrismPowerMakeUp","theSenshi:SailorMercuryAssists","theSenshi:LateForSchool","theSenshi:SailorCosmosAssists+1","theSenshi:SaturnsMystery+1","theSenshi:SailorVenusAssists","theSenshi:MoonlightKnight","theSenshi:MoonKick","theSenshi:TuxedoSmokingBomber","theSenshi:PlutosSolemnity"],"relics":["theSenshi:TransformationBroochRelic","PreservedInsect","Golden Idol","Bag of Preparation","NlothsMask","The Courier"],"acts_visited":["Exordium"],"potions_floor_usage":[6,16,16,16],"damage_taken":[{"damage":0,"enemies":"Jaw Worm","floor":1,"turns":3},{"damage":0,"enemies":"2 Louse","floor":5,"turns":3},{"damage":46,"enemies":"Lagavulin","floor":6,"turns":13},{"damage":0,"enemies":"Cultist","floor":11,"turns":5},{"damage":14,"enemies":"Gremlin Nob","floor":12,"turns":5},{"damage":7,"enemies":"Looter","floor":13,"turns":4},{"damage":6,"enemies":"Red Slaver","floor":14,"turns":6},{"damage":55,"enemies":"Slime Boss","floor":16,"turns":9}],"seed_played":"-7703991065020468312","potions_obtained":[{"floor":1,"key":"LiquidMemories"},{"floor":12,"key":"Dexterity Potion"},{"floor":13,"key":"PowerPotion"},{"floor":14,"key":"LiquidBronze"}],"is_trial":false,"path_per_floor":["M","?","?","$","M","E","R","?","T","$","M","E","M","M","R","B"],"character_chosen":"THE_SENSHI","items_purchased":["theSenshi:SaturnsMystery","theSenshi:SailorVenusAssists"],"campfire_rested":0,"item_purchase_floors":[10,10],"current_hp_per_floor":[75,75,75,75,75,29,29,29,29,29,39,31,34,29,29,0,0],"gold":131,"neow_bonus":"RANDOM_COMMON_RELIC","is_daily":false,"chose_seed":false,"campfire_upgraded":2,"win_rate":0.0,"timestamp":1609906849,"path_taken":["M","?","?","$","M","E","R","?","T","$","?","E","M","M","R","BOSS"],"items_purchased_type":["Card","Card"],"build_version":"2020-12-22","purchased_purges":0,"victory":false,"max_hp_per_floor":[75,75,75,75,75,75,75,75,75,75,75,75,75,75,75,75,75],"card_choices":[{"not_picked":["theSenshi:MoonCrystalPowerMakeUp","theSenshi:RainbowMoonHeartAche"],"picked":"theSenshi:SailorMercuryAssists","floor":1},{"not_picked":["theSenshi:MoonSpiralHeartAttack","theSenshi:SailorUranusAssists"],"picked":"theSenshi:LateForSchool","floor":5},{"not_picked":["theSenshi:MoonPrincessHalation","theSenshi:SailorChibiMoonAssists"],"picked":"theSenshi:SailorCosmosAssists","floor":6},{"not_picked":["theSenshi:MoonKick","theSenshi:SailorMercuryAssists"],"picked":"theSenshi:MoonlightKnight","floor":11},{"not_picked":["theSenshi:MoonPower","theSenshi:UranusStrength"],"picked":"theSenshi:MoonKick","floor":12},{"not_picked":["theSenshi:LateForSchool","theSenshi:MoonCrystalPowerMakeUp"],"picked":"theSenshi:TuxedoSmokingBomber","floor":13},{"not_picked":["theSenshi:LunasBite","theSenshi:SailorMarsAssists"],"picked":"theSenshi:PlutosSolemnity","floor":14}],"player_experience":153359,"relics_obtained":[{"floor":6,"key":"Bag of Preparation"},{"floor":12,"key":"The Courier"}],"event_choices":[{"damage_healed":0,"gold_gain":0,"player_choice":"Take Wound","damage_taken":0,"relics_obtained":["Golden Idol"],"max_hp_gain":0,"max_hp_loss":0,"event_name":"Golden Idol","floor":2,"gold_loss":0,"cards_obtained":["Injury"]},{"cards_removed":["Injury"],"damage_healed":0,"gold_gain":0,"player_choice":"Card Removal","damage_taken":0,"max_hp_gain":0,"max_hp_loss":0,"event_name":"The Cleric","floor":3,"gold_loss":50},{"damage_healed":0,"gold_gain":0,"player_choice":"Trade","damage_taken":0,"relics_obtained":["NlothsMask"],"max_hp_gain":0,"max_hp_loss":0,"event_name":"FaceTrader","floor":8,"gold_loss":0}],"is_beta":false,"boss_relics":[],"items_purged_floors":[],"is_endless":false,"potions_floor_spawned":[1,12,13,14],"killed_by":"Slime Boss","ascension_level":0}}