{"host":"x205naxbihvu3p76","time":1609937209,"event":{"mods":["AchievementEnabler","BaseMod","Minty Spire (QoL Compilation)","StSLib","SuperFastMode"],"gold_per_floor":[110,29,29,29,42,76,76,108,108,108,108,108,124,142,142,142,142],"floor_reached":16,"playtime":195,"items_purged":[],"score":259,"play_id":"75307216-3d99-47c5-84bd-cd7d08b74d7c","local_time":"20210106214649","is_ascension_mode":true,"campfire_choices":[{"data":"Sunder","floor":7,"key":"SMITH"},{"data":"Go for the Eyes","floor":12,"key":"SMITH"},{"floor":15,"key":"REST"}],"circlet_count":0,"master_deck":["AscendersBane","Strike_B","Strike_B","Defend_B","Defend_B","Defend_B","Defend_B","Zap+1","Dualcast","Go for the Eyes+1","Sunder+1","Core Surge","Doom and Gloom"],"relics":["Cracked Core","NeowsBlessing","Matryoshka","Singing Bowl","Shuriken","Pear"],"acts_visited":["Exordium"],"potions_floor_usage":[16],"damage_taken":[{"damage":0,"enemies":"Small Slimes","floor":1,"turns":1},{"damage":0,"enemies":"Jaw Worm","floor":5,"turns":1},{"damage":0,"enemies":"Lagavulin","floor":6,"turns":1},{"damage":37,"enemies":"Gremlin Nob","floor":8,"turns":4},{"damage":6,"enemies":"2 Louse","floor":13,"turns":3},{"damage":10,"enemies":"Red Slaver","floor":14,"turns":2},{"damage":45,"enemies":"Hexaghost","floor":16,"turns":9}],"seed_played":"-772490836199896995","potions_obtained":[{"floor":5,"key":"Dexterity Potion"},{"floor":8,"key":"LiquidMemories"},{"floor":13,"key":"FearPotion"}],"is_trial":false,"path_per_floor":["M","$","?","?","M","E","R","E","T","$","?","R","M","M","R","B"],"character_chosen":"DEFECT","items_purchased":["Sunder"],"campfire_rested":1,"item_purchase_floors":[2],"current_hp_per_floor":[64,64,57,57,57,57,57,22,32,32,32,32,28,18,43,0,0],"gold":142,"neow_bonus":"THREE_ENEMY_KILL","is_daily":false,"chose_seed":false,"campfire_upgraded":2,"win_rate":0.0,"timestamp":1609937209,"path_taken":["M","$","?","?","M","E","R","E","T","?","?","R","M","?","R","BOSS"],"items_purchased_type":["Card"],"build_version":"2020-12-22","purchased_purges":0,"victory":false,"max_hp_per_floor":[71,71,71,71,71,71,71,73,83,83,83,83,85,85,85,85,85],"card_choices":[{"not_picked":["Coolheaded","Blizzard"],"picked":"Go for the Eyes","floor":1},{"not_picked":["Compile Driver","Hello World","Heatsinks"],"picked":"SKIP","floor":5},{"not_picked":["Lockon","Rip and Tear","Streamline"],"picked":"SKIP","floor":6},{"not_picked":["Reprogram","Loop","Recycle"],"picked":"Singing Bowl","floor":8},{"not_picked":["Hello World","Steam","Barrage"],"picked":"Singing Bowl","floor":13},{"not_picked":["Rebound","Barrage"],"picked":"Doom and Gloom","floor":14}],"player_experience":950747,"relics_obtained":[{"floor":6,"key":"Matryoshka"},{"floor":8,"key":"Singing Bowl"},{"floor":9,"key":"Shuriken"},{"floor":9,"key":"Pear"}],"event_choices":[{"cards_removed":["Strike_B"],"damage_healed":0,"gold_gain":0,"player_choice":"Card Removal","damage_taken":7,"max_hp_gain":0,"max_hp_loss":0,"event_name":"Golden Wing","floor":3,"gold_loss":0},{"damage_healed":0,"gold_gain":0,"cards_transformed":["Strike_B"],"player_choice":"Change","damage_taken":0,"max_hp_gain":0,"max_hp_loss":0,"event_name":"Living Wall","floor":4,"gold_loss":0,"cards_obtained":["Core Surge"]},{"damage_healed":0,"gold_gain":0,"player_choice":"Forge","damage_taken":0,"max_hp_gain":0,"max_hp_loss":0,"event_name":"Accursed Blacksmith","floor":11,"gold_loss":0,"cards_upgraded":["Zap"]}],"is_beta":false,"boss_relics":[],"items_purged_floors":[],"is_endless":false,"potions_floor_spawned":[5,8,13],"killed_by":"Hexaghost","ascension_level":19}}