{"host":"9l1knhxfturzliqa","time":1609902929,"event":{"mods":["BaseMod","Colored Map","Colored Powertips","DeckTracker","Highlight Path","Keyboard Shortcuts","Minty Spire (QoL Compilation)","Random Character Button"],"gold_per_floor":[368,368,29,46,61,61,87,87,112,175,185,185,203,217,217,317,317,336,349,349,349,364,391,403,403,403,434,434,79,104,117,117,220,220,239,259,259,272,289,314,314,314,341,341,9,25,38,51,51,51],"floor_reached":51,"playtime":6419,"items_purged":["Masterful Stab","Parasite"],"score":1096,"play_id":"4b7e67bd-16ed-4808-82c3-547608a8410c","local_time":"20210106121529","is_ascension_mode":true,"campfire_choices":[{"data":"Leg Sweep","floor":6.0,"key":"SMITH"},{"floor":8.0,"key":"DIG"},{"floor":12.0,"key":"REST"},{"data":"Setup","floor":15.0,"key":"SMITH"},{"data":"Acrobatics","floor":25.0,"key":"SMITH"},{"data":"Tactician","floor":28.0,"key":"SMITH"},{"floor":32.0,"key":"REST"},{"floor":42.0,"key":"DIG"},{"data":"Tactician","floor":44.0,"key":"SMITH"},{"data":"Reflex","floor":49,"key":"SMITH"}],"circlet_count":0,"master_deck":["Survivor","Neutralize+1","Leg Sweep+1","Caltrops","Dagger Throw+1","Deflect","Setup+1","Heel Hook","PiercingWail","A Thousand Cuts","Caltrops","Masterful Stab","Corpse Explosion","Acrobatics+1","Footwork","Blur","Tactician+1","Tactician+1","Reflex+1","Well Laid Plans+1","Wraith Form v2","Calculated Gamble+1","Backflip+1","PiercingWail+1","Noxious Fumes","SashWhip+1","Acrobatics"],"relics":["Ring of the Snake","Ancient Tea Set","PreservedInsect","Lantern","Shovel","Calipers","Art of War","Regal Pillow","Pandora\u0027s Box","Dream Catcher","Mercury Hourglass","Pen Nib","Letter Opener","Strawberry","Empty Cage","Blood Vial","Whetstone","Happy Flower","PrismaticShard"],"acts_visited":["Exordium","TheCity","TheBeyond"],"potions_floor_usage":[50,50,50],"damage_taken":[{"damage":0.0,"enemies":"Small Slimes","floor":1.0,"turns":3.0},{"damage":7.0,"enemies":"Jaw Worm","floor":4.0,"turns":5.0},{"damage":1.0,"enemies":"Cultist","floor":5.0,"turns":4.0},{"damage":10.0,"enemies":"Gremlin Nob","floor":7.0,"turns":5.0},{"damage":2.0,"enemies":"3 Sentries","floor":10.0,"turns":8.0},{"damage":0.0,"enemies":"Blue Slaver","floor":11.0,"turns":5.0},{"damage":0.0,"enemies":"Red Slaver","floor":13.0,"turns":5.0},{"damage":3.0,"enemies":"Large Slime","floor":14.0,"turns":12.0},{"damage":33.0,"enemies":"Hexaghost","floor":16.0,"turns":16.0},{"damage":15.0,"enemies":"2 Thieves","floor":18.0,"turns":3.0},{"damage":10.0,"enemies":"Shell Parasite","floor":19.0,"turns":7.0},{"damage":0.0,"enemies":"Sentry and Sphere","floor":20.0,"turns":1.0},{"damage":6.0,"enemies":"Centurion and Healer","floor":22.0,"turns":8.0},{"damage":0.0,"enemies":"Slavers","floor":23.0,"turns":3.0},{"damage":12.0,"enemies":"Snake Plant","floor":24.0,"turns":4.0},{"damage":0.0,"enemies":"Gremlin Leader","floor":27.0,"turns":5.0},{"damage":0.0,"enemies":"Slavers","floor":30.0,"turns":1.0},{"damage":12.0,"enemies":"Snecko","floor":31.0,"turns":5.0},{"damage":30.0,"enemies":"Champ","floor":33.0,"turns":12.0},{"damage":21.0,"enemies":"3 Darklings","floor":35.0,"turns":4.0},{"damage":0.0,"enemies":"3 Shapes","floor":36.0,"turns":3.0},{"damage":18.0,"enemies":"Writhing Mass","floor":38.0,"turns":7.0},{"damage":0.0,"enemies":"Transient","floor":39.0,"turns":5.0},{"damage":8.0,"enemies":"Nemesis","floor":40.0,"turns":7.0},{"damage":7.0,"enemies":"3 Darklings","floor":46.0,"turns":3.0},{"damage":7.0,"enemies":"Sphere and 2 Shapes","floor":47.0,"turns":4.0},{"damage":0.0,"enemies":"Maw","floor":48.0,"turns":7.0},{"damage":23,"enemies":"Donu and Deca","floor":50,"turns":7}],"seed_played":"-5806100210607538307","potions_obtained":[{"floor":4.0,"key":"Energy Potion"},{"floor":13.0,"key":"DistilledChaos"},{"floor":14.0,"key":"AttackPotion"},{"floor":16.0,"key":"Explosive Potion"},{"floor":18.0,"key":"SmokeBomb"},{"floor":21.0,"key":"Explosive Potion"},{"floor":21.0,"key":"SkillPotion"},{"floor":21.0,"key":"Regen Potion"},{"floor":22.0,"key":"BlessingOfTheForge"},{"floor":24.0,"key":"SteroidPotion"},{"floor":30.0,"key":"LiquidBronze"},{"floor":35.0,"key":"GamblersBrew"},{"floor":40.0,"key":"BlessingOfTheForge"},{"floor":48.0,"key":"ColorlessPotion"}],"is_trial":false,"path_per_floor":["M","?","$","M","M","R","E","R","T","?","M","R","M","M","R","B",null,"M","M","M","?","M","E","M","R","T","E","R","$","E","M","R","B",null,"M","M","?","M","M","E","?","R","T","R","$","M","M","M","R","B",null],"character_chosen":"THE_SILENT","items_purchased":["PreservedInsect","Lantern","Caltrops","Tactician","Letter Opener","PrismaticShard","Noxious Fumes"],"campfire_rested":2,"item_purchase_floors":[3,3,3,29,29,45,45],"current_hp_per_floor":[63,38,38,31,30,30,20,20,20,18,18,51,51,48,48,15,51,36,26,26,26,35,35,23,23,23,23,23,23,30,18,54,24,59,38,38,80,62,62,54,54,54,54,54,54,49,44,46,46,25],"gold":51,"neow_bonus":"TWO_FIFTY_GOLD","is_daily":false,"chose_seed":false,"campfire_upgraded":6,"win_rate":0.0,"timestamp":1609902929,"path_taken":["M","?","$","M","M","R","E","R","T","?","M","R","M","M","R","BOSS","M","M","M","?","M","E","M","R","T","E","R","$","E","?","R","BOSS","M","M","?","?","M","E","?","R","T","R","$","M","M","M","R","BOSS"],"items_purchased_type":["Relic","Relic","Card","Card","Relic","Relic","Card"],"build_version":"2020-12-22","purchased_purges":2,"victory":true,"max_hp_per_floor":[63,63,63,63,63,63,63,63,63,63,63,63,63,63,63,63,63,63,63,63,63,63,63,63,63,63,63,63,63,70,70,70,70,70,70,70,80,80,80,80,80,80,80,80,77,77,77,77,77,77],"card_choices":[{"not_picked":["Quick Slash","Heel Hook"],"picked":"Leg Sweep","floor":1.0},{"not_picked":["Sucker Punch","Blade Dance","Dagger Throw"],"picked":"SKIP","floor":4.0},{"not_picked":["Sucker Punch","Blade Dance"],"picked":"Dagger Throw","floor":4.0},{"not_picked":["Outmaneuver","Prepared"],"picked":"Deflect","floor":5.0},{"not_picked":["Endless Agony","Masterful Stab"],"picked":"Setup","floor":7.0},{"not_picked":["Accuracy","Riddle With Holes"],"picked":"Heel Hook","floor":11.0},{"not_picked":["Underhanded Strike","Deflect"],"picked":"PiercingWail","floor":13.0},{"not_picked":["Expertise","Sucker Punch","Predator"],"picked":"SKIP","floor":14.0},{"not_picked":["Unload","Envenom"],"picked":"A Thousand Cuts","floor":16.0},{"not_picked":["Blade Dance","Dagger Throw","Outmaneuver"],"picked":"SKIP","floor":18.0},{"not_picked":["Blade Dance","Dagger Throw","Outmaneuver"],"picked":"SKIP","floor":18.0},{"not_picked":["Flying Knee","Deadly Poison+1"],"picked":"Tactician","floor":19.0},{"not_picked":["Bouncing Flask","Leg Sweep+1","Eviscerate"],"picked":"SKIP","floor":22.0},{"not_picked":["Leg Sweep","Poisoned Stab","Slice"],"picked":"SKIP","floor":23.0},{"not_picked":["Blade Dance","Setup+1","Dagger Spray+1"],"picked":"SKIP","floor":24.0},{"not_picked":["Flying Knee","Footwork+1","Acrobatics"],"picked":"SKIP","floor":27.0},{"not_picked":["Eviscerate","Quick Slash"],"picked":"Reflex","floor":30.0},{"not_picked":["Deflect+1","Quick Slash+1"],"picked":"Well Laid Plans+1","floor":31.0},{"not_picked":["Envenom","Storm of Steel"],"picked":"Wraith Form v2","floor":33.0},{"not_picked":["Tactician","Bane+1"],"picked":"Calculated Gamble+1","floor":35.0},{"not_picked":["Acrobatics","Backstab+1"],"picked":"Backflip+1","floor":36.0},{"not_picked":["Calculated Gamble","Heel Hook","Unload"],"picked":"SKIP","floor":38.0},{"not_picked":["Cloak And Dagger","Dagger Spray"],"picked":"PiercingWail+1","floor":39.0},{"not_picked":["Masterful Stab+1","Poisoned Stab"],"picked":"Backflip+1","floor":40.0},{"not_picked":["Establishment","Flex+1"],"picked":"SashWhip+1","floor":46.0},{"not_picked":["FlurryOfBlows+1","FlyingSleeves+1","Bane+1"],"picked":"SKIP","floor":47.0},{"not_picked":["ClearTheMind+1","Ghostly Armor+1"],"picked":"Acrobatics","floor":48.0}],"player_experience":334895,"relics_obtained":[{"floor":7.0,"key":"Shovel"},{"floor":8.0,"key":"Calipers"},{"floor":9.0,"key":"Art of War"},{"floor":23.0,"key":"Dream Catcher"},{"floor":26.0,"key":"Mercury Hourglass"},{"floor":27.0,"key":"Pen Nib"},{"floor":30.0,"key":"Strawberry"},{"floor":40.0,"key":"Blood Vial"},{"floor":42.0,"key":"Whetstone"},{"floor":43.0,"key":"Happy Flower"}],"event_choices":[{"damage_healed":0.0,"max_hp_gain":0.0,"max_hp_loss":0.0,"gold_gain":0.0,"event_name":"Scrap Ooze","player_choice":"Success","floor":2.0,"gold_loss":0.0,"damage_taken":25.0,"relics_obtained":["Ancient Tea Set"]},{"damage_healed":0.0,"max_hp_gain":0.0,"max_hp_loss":0.0,"gold_gain":30.0,"event_name":"Dead Adventurer","player_choice":"Searched \u00273\u0027 times","floor":10.0,"gold_loss":0.0,"damage_taken":0.0,"relics_obtained":["Regal Pillow"]},{"damage_healed":0.0,"max_hp_gain":0.0,"max_hp_loss":0.0,"gold_gain":0.0,"event_name":"Lab","player_choice":"Got Potions","floor":21.0,"gold_loss":0.0,"damage_taken":0.0},{"cards_removed":["Storm of Steel"],"damage_healed":32.0,"max_hp_gain":10.0,"max_hp_loss":0.0,"gold_gain":0.0,"event_name":"Bonfire Elementals","player_choice":"Offered Rare","floor":37.0,"gold_loss":0.0,"damage_taken":0.0},{"cards_removed":["Backflip"],"damage_healed":0.0,"max_hp_gain":0.0,"max_hp_loss":0.0,"gold_gain":0.0,"event_name":"Falling","player_choice":"Removed Skill","floor":41.0,"gold_loss":0.0,"damage_taken":0.0}],"is_beta":false,"boss_relics":[{"not_picked":["SlaversCollar","Philosopher\u0027s Stone"],"picked":"Pandora\u0027s Box"},{"not_picked":["Coffee Dripper","Velvet Choker"],"picked":"Empty Cage"}],"items_purged_floors":[29,45],"is_endless":false,"potions_floor_spawned":[4,13,14,16,18,22,24,30,35,40,46,48],"ascension_level":7}}