{"host":"ttzdpsscxkem3xrs","time":1609959408,"event":{"mods":["BaseMod","Colored Map","Downfall","Minty Spire (QoL Compilation)","Replay The Spire","StSLib","The Cursed","The Hierophant"],"gold_per_floor":[0,12,12,27,27,27,38,38,38,38,71,81,81,115,115,129,142,239,239,239,254,266,280,280,280,280,299,317,351,13,41,41,55,66,171,171,171,185,240,250,250,264,264,264,296,310,320,335,335,0,12,12,12,12],"floor_reached":52,"playtime":3846,"items_purged":["hexamod:Defend"],"score":620,"play_id":"a62b3452-2661-412d-be82-7fda0a08b857","local_time":"20210106105648","is_ascension_mode":true,"campfire_choices":[{"data":"hexamod:Strike","floor":1.0,"key":"PURGE"},{"data":"hexamod:GhostflameBarrier","floor":8.0,"key":"SMITH"},{"data":"hexamod:Sear","floor":10.0,"key":"SMITH"},{"data":"hexamod:AdvancingGuard","floor":13.0,"key":"SMITH"},{"data":"hexamod:FastForward","floor":15.0,"key":"SMITH"},{"floor":20.0,"key":"DIG"},{"floor":25.0,"key":"RECALL"},{"floor":32.0,"key":"REST"},{"floor":37,"key":"REST"},{"floor":44,"key":"REST"},{"floor":49,"key":"REST"}],"circlet_count":0,"master_deck":["hexamod:Strike","hexamod:Strike","hexamod:Strike","hexamod:Defend","hexamod:Defend","hexamod:Defend","hexamod:Sear+1","hexamod:Float","hexamod:GhostflameBarrier+1","hexamod:FirstSeal","hexamod:RetreatToShadows","hexamod:Hexaguard","hexamod:AdvancingGuard+1","hexamod:FastForward+1","hexamod:WildfireWeapon","hexamod:EmpoweringStance+1","hexamod:ChargedBarrage+1","hexamod:FastForward","hexamod:FourthSeal","hexamod:BurningTouch+1","hexamod:WildfireWeapon","hexamod:TimeOfNeed","expansioncontent:TimeRipple","hexamod:FlamesFromBeyond+1","hexamod:HexaLevel","hexamod:RetreatToShadows","hexamod:RainOfEmbers+1","hexamod:ExtraCrispy"],"relics":["hexamod:SpiritBrand","Ice Cream","Happy Flower","Regal Pillow","hexamod:MatchstickCase","Fusion Hammer","Onion Ring","Snack Pack","Bronze Scales","Potion Belt","Runic Pyramid","Torii","Divine Protection","Pet Ghost","Pear"],"acts_visited":["Exordium","TheCity","TheBeyond"],"potions_floor_usage":[39,39,45,45,48,52],"damage_taken":[{"damage":2.0,"enemies":"Small Slimes","floor":2.0,"turns":3.0},{"damage":5.0,"enemies":"Jaw Worm","floor":4.0,"turns":4.0},{"damage":0.0,"enemies":"Cultist","floor":7.0,"turns":4.0},{"damage":13.0,"enemies":"Replay:BlueRogue","floor":11.0,"turns":6.0},{"damage":6.0,"enemies":"Gremlin Gang","floor":12.0,"turns":5.0},{"damage":0.0,"enemies":"Lagavulin","floor":14.0,"turns":9.0},{"damage":0.0,"enemies":"2 Fungi Beasts","floor":16.0,"turns":3.0},{"damage":0.0,"enemies":"Gremlin Gang","floor":17.0,"turns":5.0},{"damage":56.0,"enemies":"downfall:Defect","floor":18.0,"turns":12.0},{"damage":6.0,"enemies":"Shell Parasite","floor":21.0,"turns":6.0},{"damage":4.0,"enemies":"3 Byrds","floor":22.0,"turns":4.0},{"damage":8.0,"enemies":"Shelled Parasite and Fungi","floor":23.0,"turns":6.0},{"damage":12.0,"enemies":"3 Cultists","floor":27.0,"turns":6.0},{"damage":6.0,"enemies":"Snake Plant","floor":28.0,"turns":3.0},{"damage":15.0,"enemies":"Slavers","floor":29.0,"turns":5.0},{"damage":6.0,"enemies":"downfall:FleeingMerchant","floor":30.0,"turns":4.0},{"damage":14.0,"enemies":"Book of Stabbing","floor":31.0,"turns":6.0},{"damage":0.0,"enemies":"Centurion and Healer","floor":33.0,"turns":4.0},{"damage":0.0,"enemies":"Snecko","floor":34.0,"turns":3.0},{"damage":19.0,"enemies":"downfall:Watcher","floor":35.0,"turns":9.0},{"damage":5,"enemies":"3 Shapes","floor":38,"turns":6},{"damage":27,"enemies":"2 Orb Walkers","floor":39,"turns":4},{"damage":0,"enemies":"Orb Walker","floor":40,"turns":3},{"damage":6,"enemies":"4 Shapes","floor":42,"turns":4},{"damage":44,"enemies":"Reptomancer","floor":45,"turns":6},{"damage":1,"enemies":"Writhing Mass","floor":46,"turns":5},{"damage":11,"enemies":"3 Darklings","floor":47,"turns":3},{"damage":11,"enemies":"Spire Growth","floor":48,"turns":5},{"damage":0,"enemies":"downfall:FleeingMerchant","floor":50,"turns":4},{"damage":7,"enemies":"Writhing Mass","floor":51,"turns":5},{"damage":89,"enemies":"downfall:Silent","floor":52,"turns":5}],"seed_played":"-165423833572646375","potions_obtained":[{"floor":4.0,"key":"Explosive Potion"},{"floor":11.0,"key":"DuplicationPotion"},{"floor":17.0,"key":"AttackPotion"},{"floor":18.0,"key":"Elixir"},{"floor":22.0,"key":"Toxic Potion"},{"floor":27.0,"key":"BlessingOfTheForge"},{"floor":29.0,"key":"hexamod:InfernoChargePotion"},{"floor":30.0,"key":"Death Potion"},{"floor":31.0,"key":"champ:CounterPotion"},{"floor":31.0,"key":"Explosive Potion"},{"floor":34.0,"key":"Weak Potion"},{"floor":35.0,"key":"FearPotion"},{"floor":38,"key":"PowerPotion"},{"floor":39,"key":"Toxic Potion"},{"floor":39,"key":"hexamod:DoubleChargePotion"},{"floor":40,"key":"Adrenaline Potion"},{"floor":45,"key":"Death Potion"},{"floor":45,"key":"Reflective Coating"},{"floor":48,"key":"Dexterity Potion"}],"is_trial":false,"path_per_floor":["R_BF","M","?","M","PTL","PTL","M","R","T","R","E","M","R","E","R","M","M","B",null,"R_BF","M","M","M","?","R","T","M","M","E","$","E","R","M","M","B",null,"R","M","?","M","?","M","T","R","E","M","M","M","R","$","M","B"],"character_chosen":"THE_SPIRIT","items_purchased":["Bronze Scales","expansioncontent:TimeRipple","Pear","hexamod:ExtraCrispy"],"campfire_rested":4,"item_purchase_floors":[30,30,50,50],"current_hp_per_floor":[70,68,61,63,63,63,70,70,70,70,64,58,58,65,65,65,70,21,70,70,70,70,69,69,69,69,64,65,57,58,51,70,70,70,58,70,70,70,43,43,43,44,44,70,26,32,21,17,53,63,65,0,0,0],"gold":12,"neow_bonus":"ONE_RARE_RELIC","is_daily":false,"chose_seed":false,"campfire_upgraded":4,"win_rate":0.0,"timestamp":1609959408,"path_taken":["R_BF","M","?","M","PTL","PTL","M","R","T","R","E","M","R","E","R","M","M","BOSS","R_BF","M","M","M","?","R","T","?","M","E","$","E","R","?","M","BOSS","R","M","?","M","?","?","T","R","E","M","M","?","R","$","M","BOSS"],"items_purchased_type":["Relic","Card","Relic","Card"],"build_version":"2020-12-22","purchased_purges":1,"victory":false,"max_hp_per_floor":[70,70,70,70,70,70,70,70,70,70,70,70,70,70,70,70,70,70,70,70,70,70,70,70,70,70,70,70,70,70,70,70,70,70,70,70,70,70,70,70,70,70,70,70,70,70,70,70,70,80,80,80,80,80],"card_choices":[{"not_picked":["hexamod:GhostLash","hexamod:SwordOfDarkness"],"picked":"hexamod:GhostflameBarrier","floor":2.0},{"not_picked":["hexamod:Rewind","hexamod:BacktrackSmack","hexamod:Firestarter"],"picked":"SKIP","floor":4.0},{"not_picked":["hexamod:GhostShield","hexamod:ShieldOfDarkness"],"picked":"hexamod:RetreatToShadows","floor":7.0},{"not_picked":["hexamod:PhantomCloak","hexamod:GhostLash"],"picked":"hexamod:Hexaguard","floor":11.0},{"not_picked":["hexamod:ShieldOfDarkness","hexamod:GhostLash"],"picked":"hexamod:AdvancingGuard","floor":12.0},{"not_picked":["hexamod:Hexaguard","hexamod:SpectersWail"],"picked":"hexamod:FastForward","floor":14.0},{"not_picked":["hexamod:AdvancingGuard","hexamod:NightmareGuise","hexamod:NightmareStrike"],"picked":"SKIP","floor":16.0},{"not_picked":["hexamod:RadiantFlame","hexamod:Again"],"picked":"hexamod:WildfireWeapon","floor":17.0},{"not_picked":["hexamod:TimeWarp","hexamod:ApocalypseNow"],"picked":"hexamod:EmpoweringStance","floor":18.0},{"not_picked":["hexamod:FastForward+1","hexamod:NightmareStrike"],"picked":"hexamod:ChargedBarrage+1","floor":21.0},{"not_picked":["hexamod:RecurringNightmare","hexamod:Hexaguard+1"],"picked":"hexamod:FastForward","floor":22.0},{"not_picked":["hexamod:ShieldOfDarkness","hexamod:FastForward"],"picked":"hexamod:FourthSeal","floor":23.0},{"not_picked":["hexamod:Again+1","hexamod:NightmareStrike"],"picked":"hexamod:BurningTouch+1","floor":27.0},{"not_picked":["hexamod:EtherealExpedition+1","hexamod:DynamicBlow"],"picked":"hexamod:WildfireWeapon","floor":28.0},{"not_picked":["hexamod:SkipABeat","hexamod:CatchUp"],"picked":"hexamod:TimeOfNeed","floor":29.0},{"not_picked":["hexamod:Firestarter+1","hexamod:NightmareStrike","hexamod:RainOfEmbers"],"picked":"SKIP","floor":30.0},{"not_picked":["hexamod:NightmareStrike","hexamod:SecondSeal"],"picked":"hexamod:FlamesFromBeyond+1","floor":31.0},{"not_picked":["hexamod:SpectersWail","hexamod:NightmareGuise+1","hexamod:ChargedBarrage"],"picked":"SKIP","floor":33.0},{"not_picked":["hexamod:ThermalTransfer+1","hexamod:InspiringFlames","hexamod:GhostLash"],"picked":"SKIP","floor":34.0},{"not_picked":["hexamod:VolcanoVisage","hexamod:CrushingStance"],"picked":"hexamod:HexaLevel","floor":35.0},{"not_picked":["hexamod:RecurringNightmare+1","hexamod:InspiringFlames+1","hexamod:SecondSeal"],"picked":"SKIP","floor":38},{"not_picked":["hexamod:SpectralAdrenaline+1","hexamod:HeatShield"],"picked":"hexamod:RetreatToShadows","floor":39},{"not_picked":["hexamod:Hexaguard","hexamod:NightmareStrike+1","hexamod:SpectralAdrenaline+1"],"picked":"SKIP","floor":40},{"not_picked":["hexamod:NightmareGuise+1","hexamod:Rewind"],"picked":"hexamod:RainOfEmbers+1","floor":42},{"not_picked":["hexamod:Again+1","hexamod:AdvancingGuard+1","hexamod:FastForward"],"picked":"SKIP","floor":45},{"not_picked":["hexamod:GhostflameInferno","hexamod:HauntingEcho+1","hexamod:SwordOfDarkness+1"],"picked":"SKIP","floor":46},{"not_picked":["hexamod:InspiringFlames","hexamod:Incineration","hexamod:RainOfEmbers+1"],"picked":"SKIP","floor":47},{"not_picked":["hexamod:BacktrackSmack","hexamod:AdvancingGuard","hexamod:FastForward"],"picked":"SKIP","floor":48},{"not_picked":["hexamod:GhostOfSpirePast+1","hexamod:AdvancingGuard","hexamod:Firestarter"],"picked":"SKIP","floor":50},{"not_picked":["hexamod:PhantomCloak","hexamod:Hexaguard+1","hexamod:SixthSeal"],"picked":"SKIP","floor":51}],"player_experience":1301744,"relics_obtained":[{"floor":9.0,"key":"Happy Flower"},{"floor":11.0,"key":"Regal Pillow"},{"floor":14.0,"key":"hexamod:MatchstickCase"},{"floor":20.0,"key":"Onion Ring"},{"floor":29.0,"key":"Snack Pack"},{"floor":31.0,"key":"Potion Belt"},{"floor":39,"key":"Torii"},{"floor":43,"key":"Divine Protection"},{"floor":45,"key":"Pet Ghost"}],"event_choices":[{"damage_healed":0,"gold_gain":0,"player_choice":"Fight","damage_taken":0,"max_hp_gain":0,"max_hp_loss":0,"event_name":"Mysterious Sphere","floor":39,"gold_loss":0},{"damage_healed":0,"gold_gain":0,"player_choice":"Upgraded","damage_taken":0,"max_hp_gain":0,"max_hp_loss":0,"event_name":"Upgrade Shrine","floor":41,"gold_loss":0,"cards_upgraded":["hexamod:EmpoweringStance"]}],"is_beta":false,"boss_relics":[{"not_picked":["Busted Crown","Snecko Eye"],"picked":"Fusion Hammer"},{"not_picked":["Painkiller Herb","Philosopher\u0027s Stone"],"picked":"Runic Pyramid"}],"items_purged_floors":[30],"is_endless":false,"potions_floor_spawned":[4,11,17,18,22,29,31,34,39,40,45,48,51],"killed_by":"downfall:Silent","ascension_level":1}}