{"host":"tw7a6rmo9h75ssrt","time":1609926482,"event":{"mods":["AchievementEnabler","Act Like it!","BaseMod","Colored Map","Highlight Path","Minty Spire (QoL Compilation)","Permanent Neow","Quick Restart","Relic Stats","SuperFastMode"],"gold_per_floor":[112,112,112,137,62,102,102,137,163,182,182,46,46,70,70,194,194,210,210,230,130,144,144,19,19,42,42,167,181,181,181,181,181,181],"floor_reached":33,"playtime":948,"items_purged":["Strike_R","Strike_R","Strike_R"],"score":463,"play_id":"06173eb6-ae2a-467d-b859-ac99fa46cfb2","local_time":"20210106174802","is_ascension_mode":true,"campfire_choices":[{"data":"Berserk","floor":7.0,"key":"SMITH"},{"data":"Bludgeon","floor":13.0,"key":"SMITH"},{"data":"Metallicize","floor":15.0,"key":"SMITH"},{"floor":23.0,"key":"REST"},{"floor":25.0,"key":"REST"},{"data":"Bludgeon","floor":27.0,"key":"SMITH"},{"floor":30.0,"key":"REST"},{"floor":32.0,"key":"REST"}],"circlet_count":0,"master_deck":["AscendersBane","Strike_R","Defend_R","Defend_R","Defend_R","Defend_R","Bash","Clothesline","Berserk+1","Flex","Metallicize+1","Bludgeon+1","Bludgeon+1"],"relics":["Burning Blood","NeowsBlessing","Golden Idol","Red Skull","Boot","Lantern","Bag of Preparation","Runic Cube","Omamori","Ginger","Mercury Hourglass"],"acts_visited":["Exordium","TheCity"],"potions_floor_usage":[33,33],"damage_taken":[{"damage":0.0,"enemies":"Jaw Worm","floor":1.0,"turns":1.0},{"damage":0.0,"enemies":"Gremlin Nob","floor":6.0,"turns":1.0},{"damage":0.0,"enemies":"3 Sentries","floor":8.0,"turns":2.0},{"damage":0.0,"enemies":"Cultist","floor":10.0,"turns":3.0},{"damage":0.0,"enemies":"Small Slimes","floor":14.0,"turns":3.0},{"damage":56.0,"enemies":"Hexaghost","floor":16.0,"turns":8.0},{"damage":7.0,"enemies":"Chosen","floor":18.0,"turns":4.0},{"damage":23.0,"enemies":"Shell Parasite","floor":20.0,"turns":4.0},{"damage":25.0,"enemies":"Sentry and Sphere","floor":22.0,"turns":5.0},{"damage":32.0,"enemies":"Colosseum Slavers","floor":28.0,"turns":5.0},{"damage":7.0,"enemies":"Colosseum Nobs","floor":28.0,"turns":4.0},{"damage":11.0,"enemies":"Snake Plant","floor":29.0,"turns":3.0},{"damage":74,"enemies":"Automaton","floor":33,"turns":8}],"seed_played":"-7831112187165564274","potions_obtained":[{"floor":1.0,"key":"Fire Potion"},{"floor":6.0,"key":"SteroidPotion"},{"floor":29.0,"key":"Energy Potion"}],"is_trial":false,"path_per_floor":["M","?","?","T","$","E","R","E","T","M","?","$","R","M","R","B",null,"M","?","M","$","M","R","$","R","T","R","?","M","R","?","R","B"],"character_chosen":"IRONCLAD","items_purchased":["Bludgeon"],"campfire_rested":4,"item_purchase_floors":[12],"current_hp_per_floor":[78,78,74,74,74,74,74,74,74,74,74,74,74,74,74,24,62,61,54,37,37,18,40,40,62,62,62,35,30,52,52,74,0,0],"gold":181,"neow_bonus":"THREE_ENEMY_KILL","is_daily":false,"chose_seed":false,"campfire_upgraded":4,"win_rate":0.0,"timestamp":1609926482,"path_taken":["M","?","?","?","?","E","R","E","T","?","?","$","R","M","R","BOSS","M","?","M","$","M","R","?","R","T","R","?","M","R","?","R","BOSS"],"items_purchased_type":["Card"],"build_version":"2020-12-22","purchased_purges":3,"victory":false,"max_hp_per_floor":[80,80,74,74,74,74,74,74,74,74,74,74,74,74,74,74,74,74,74,74,74,74,74,74,74,74,74,74,74,74,74,74,74,74],"relic_stats":{"counters":[13,51],"Golden Idol":87,"Bag of Preparation":[20],"Ginger":[2],"Boot":[9],"obtain_stats":[{"Lantern":8,"NeowsBlessing":0,"Golden Idol":3,"Bag of Preparation":9,"Omamori":26,"Ginger":28,"Boot":6,"Burning Blood":0,"Red Skull":4,"Runic Cube":17,"Mercury Hourglass":28},{"Lantern":3,"NeowsBlessing":0,"Golden Idol":1,"Bag of Preparation":3,"Omamori":9,"Ginger":11,"Boot":2,"Burning Blood":0,"Red Skull":1,"Runic Cube":6,"Mercury Hourglass":11},{"Lantern":4,"NeowsBlessing":0,"Golden Idol":1,"Bag of Preparation":4,"Omamori":31,"Ginger":40,"Boot":2,"Burning Blood":0,"Red Skull":1,"Runic Cube":18,"Mercury Hourglass":40}],"Burning Blood":48,"Runic Cube":[24],"Mercury Hourglass":[45]},"card_choices":[{"not_picked":["Entrench","True Grit"],"picked":"Clothesline","floor":1.0},{"not_picked":["Pummel","Corruption"],"picked":"Berserk","floor":6.0},{"not_picked":["Heavy Blade","Anger"],"picked":"Flex","floor":8.0},{"not_picked":["Clash","Perfected Strike"],"picked":"Metallicize","floor":10.0},{"not_picked":["Hemokinesis","Combust","Intimidate"],"picked":"SKIP","floor":14.0},{"not_picked":["Reaper","Brutality"],"picked":"Bludgeon","floor":16.0},{"not_picked":["Armaments","Infernal Blade","Whirlwind"],"picked":"SKIP","floor":18.0},{"not_picked":["Havoc","Pommel Strike","Anger"],"picked":"SKIP","floor":20.0},{"not_picked":["Whirlwind","Sentinel","Anger"],"picked":"SKIP","floor":22.0},{"not_picked":["Carnage+1","Metallicize","Clash"],"picked":"SKIP","floor":29.0}],"player_experience":63726,"relics_obtained":[{"floor":4.0,"key":"Red Skull"},{"floor":6.0,"key":"Boot"},{"floor":8.0,"key":"Lantern"},{"floor":9.0,"key":"Bag of Preparation"},{"floor":26.0,"key":"Omamori"},{"floor":28.0,"key":"Ginger"},{"floor":28.0,"key":"Mercury Hourglass"}],"event_choices":[{"damage_healed":0.0,"max_hp_gain":0.0,"max_hp_loss":0.0,"gold_gain":0.0,"event_name":"Shining Light","player_choice":"Ignored","floor":2.0,"gold_loss":0.0,"damage_taken":0.0},{"damage_healed":0.0,"max_hp_gain":0.0,"max_hp_loss":6.0,"gold_gain":0.0,"event_name":"Golden Idol","player_choice":"Lose Max HP","floor":3.0,"gold_loss":0.0,"damage_taken":0.0,"relics_obtained":["Golden Idol"]},{"damage_healed":0.0,"max_hp_gain":0.0,"max_hp_loss":0.0,"gold_gain":0.0,"event_name":"Liars Game","player_choice":"Ignored","floor":11.0,"gold_loss":0.0,"damage_taken":0.0},{"damage_healed":0.0,"max_hp_gain":0.0,"max_hp_loss":0.0,"gold_gain":0.0,"event_name":"Wheel of Change","player_choice":"Damaged","floor":19.0,"gold_loss":0.0,"damage_taken":7.0},{"damage_healed":0.0,"max_hp_gain":0.0,"max_hp_loss":0.0,"gold_gain":0.0,"event_name":"Colosseum","player_choice":"Fight","floor":28.0,"gold_loss":0.0,"damage_taken":0.0},{"damage_healed":0.0,"max_hp_gain":0.0,"max_hp_loss":0.0,"gold_gain":0.0,"event_name":"Colosseum","player_choice":"Fought Nobs","floor":28.0,"gold_loss":0.0,"damage_taken":0.0},{"cards_removed":["Strike_R"],"damage_healed":0.0,"max_hp_gain":0.0,"max_hp_loss":0.0,"gold_gain":0.0,"event_name":"Back to Basics","player_choice":"Elegance","floor":31.0,"gold_loss":0.0,"damage_taken":0.0}],"is_beta":false,"boss_relics":[{"not_picked":["Busted Crown","SlaversCollar"],"picked":"Runic Cube"}],"items_purged_floors":[5,21,24],"is_endless":false,"potions_floor_spawned":[1,6,16,28,29],"killed_by":"Automaton","ascension_level":11}}