{"host":"867cnhxguf2bzj4x","time":1609950381,"event":{"mods":["BaseMod","BetterRewards","Duelist Mod","GifTheSpireLib","Lobotomy","Minty Spire (QoL Compilation)","Replay The Spire","StSLib","The Bug Knight","The Cursed","The Necromancer"],"gold_per_floor":[115,115,41,53,53,91,91,107,107,107,130,130,130,144,144,273,273,292,335,209,124,49,49,65,65,65,108,8,8,26,26,26,149,149,164,164,184,247,247,247,97,124,148,23,63,86,110,17,17,17,17],"floor_reached":50,"playtime":2163,"items_purged":["Perfected Strike","HollowMod:ChannelNail","HollowMod:NailStrikeStart"],"score":661,"play_id":"8e8f2288-e261-4ddb-9059-78cafc793271","local_time":"20210106172621","is_ascension_mode":false,"campfire_choices":[{"data":"HollowMod:QuirrelsAssistance","floor":7,"key":"SMITH"},{"data":"HollowMod:SoulEater","floor":13,"key":"SMITH"},{"data":"HollowMod:SharpenedNail","floor":15,"key":"SMITH"},{"data":"HollowMod:CycloneSlash","floor":23,"key":"SMITH"},{"data":"HollowMod:MantisMark","floor":25,"key":"SMITH"},{"data":"HollowMod:MonomonsArchive","floor":32,"key":"SMITH"},{"data":"HollowMod:Weaversong","floor":40,"key":"SMITH"},{"floor":49,"key":"REST"}],"circlet_count":0,"master_deck":["HollowMod:NailStrikeStart","HollowMod:NailStrikeStart","HollowMod:NailStrikeStart","HollowMod:QuickDashStart","HollowMod:QuickDashStart","HollowMod:QuickDashStart","HollowMod:FocusHealStart","HollowMod:PogoStrike","HollowMod:CloakDash+1","HollowMod:QuirrelsAssistance+1","HollowMod:SoulStrike","HollowMod:MantisMark+1","HollowMod:SoulEater+1","HollowMod:MonomonsArchive+1","HollowMod:SharpenedNail+1","HollowMod:SoulMaster","HollowMod:CycloneSlash+1","HollowMod:RecoilStrike+1","HollowMod:ChannelNail","HollowMod:SoulSplash","HollowMod:Weaversong+1","Madness","Madness","HollowMod:CloakDash","Discovery"],"relics":["HollowMod:KingsSoulRelic","Golden Idol","Iron Hammer","Replay:Rubber Ducky","Pocketwatch","Counterbalance","Pantograph","Nunchaku","Calipers","Unceasing Top","Toolbox","Omamori","Boot","HollowMod:QueensCombRelic"],"acts_visited":["Exordium","TheCity","TheBeyond"],"potions_floor_usage":[31,31,33,45,50,50,50],"damage_taken":[{"damage":1,"enemies":"2 Louse","floor":1,"turns":3},{"damage":0,"enemies":"Cultist","floor":4,"turns":2},{"damage":26,"enemies":"HollowMod:MossKnight","floor":6,"turns":7},{"damage":0,"enemies":"Jaw Worm","floor":8,"turns":1},{"damage":1,"enemies":"Large Slime","floor":11,"turns":3},{"damage":10,"enemies":"Exordium Thugs","floor":14,"turns":3},{"damage":8,"enemies":"Hexaghost","floor":16,"turns":7},{"damage":5,"enemies":"Spheric Guardian","floor":18,"turns":4},{"damage":8,"enemies":"3 Byrds","floor":24,"turns":5},{"damage":23,"enemies":"Replay:Snechameleon","floor":27,"turns":5},{"damage":16,"enemies":"Centurion and Healer","floor":30,"turns":6},{"damage":0,"enemies":"Snake Plant","floor":31,"turns":2},{"damage":15,"enemies":"Automaton","floor":33,"turns":9},{"damage":20,"enemies":"3 Shapes","floor":35,"turns":4},{"damage":0,"enemies":"Orb Walker","floor":37,"turns":4},{"damage":20,"enemies":"Mind Bloom Boss Battle","floor":38,"turns":7},{"damage":17,"enemies":"Reptomancer","floor":45,"turns":7},{"damage":13,"enemies":"4 Shapes","floor":46,"turns":4},{"damage":45,"enemies":"HollowMod:SlobberingHusk","floor":47,"turns":9},{"damage":55,"enemies":"Time Eater","floor":50,"turns":9}],"seed_played":"-2720088486078268255","potions_obtained":[{"floor":1,"key":"SmokeBomb"},{"floor":8,"key":"Swift Potion"},{"floor":16,"key":"Reflective Coating"},{"floor":33,"key":"FearPotion"},{"floor":38,"key":"Adrenaline Potion"},{"floor":45,"key":"Swift Potion"},{"floor":46,"key":"Weak Potion"}],"is_trial":false,"path_per_floor":["M","?","$","M","?","E","R","M","T","?","M","?","R","M","R","B",null,"M","?","$","?","?","R","M","R","T","E","$","T","M","M","R","B",null,"M","?","M","?","?","R","$","T","T","$","E","M","M","$","R","B"],"character_chosen":"THE_BUGKNIGHT","items_purchased":["HollowMod:QuirrelsAssistance","HollowMod:ChannelNail","Toolbox","Discovery"],"campfire_rested":1,"item_purchase_floors":[3,20,41,48],"current_hp_per_floor":[74,74,74,74,56,30,30,30,30,55,54,54,54,44,44,36,75,70,52,52,52,57,57,49,49,49,26,26,26,10,10,10,30,80,60,50,50,66,66,66,66,66,66,66,52,39,8,8,23,0,0],"gold":17,"neow_bonus":"","is_daily":false,"chose_seed":false,"campfire_upgraded":7,"win_rate":0.0,"timestamp":1609950381,"path_taken":["M","?","$","?","?","E","R","M","T","?","?","?","R","?","R","BOSS","M","?","$","?","?","R","M","R","T","E","?","?","?","M","R","BOSS","M","?","M","?","?","R","$","?","T","?","E","M","?","$","R","BOSS"],"items_purchased_type":["Card","Card","Relic","Card"],"build_version":"2020-12-22","purchased_purges":3,"victory":false,"max_hp_per_floor":[75,75,75,75,75,75,75,75,75,75,75,75,75,75,75,75,75,75,75,75,75,80,80,80,80,80,80,80,80,80,80,80,80,80,80,80,80,80,80,80,80,80,80,80,52,52,52,52,52,52,52],"card_choices":[{"not_picked":["HollowMod:MonarchWings","HollowMod:InfectedAttack"],"picked":"HollowMod:CloakDash","floor":1},{"not_picked":["HollowMod:VengefulVoid","HollowMod:NewJinnsSoul"],"picked":"HollowMod:SoulStrike","floor":4},{"not_picked":["HollowMod:Grubsong","HollowMod:SiblingsSouls"],"picked":"HollowMod:MantisMark","floor":6},{"not_picked":["HollowMod:DescendingDark","HollowMod:ShapeofUnn"],"picked":"HollowMod:SoulEater","floor":8},{"not_picked":["HollowMod:LifebloodCocoon","HollowMod:ZotesMagnificence"],"picked":"HollowMod:MonomonsArchive","floor":11},{"not_picked":["HollowMod:SoulStrike","HollowMod:MonomonsArchive"],"picked":"HollowMod:SharpenedNail","floor":14},{"not_picked":["HollowMod:VoidDash","HollowMod:HornetsHelp"],"picked":"HollowMod:SoulMaster","floor":16},{"not_picked":["HollowMod:WraithStrike+1","HollowMod:MothsMistake"],"picked":"HollowMod:CycloneSlash","floor":18},{"not_picked":["HollowMod:DungDefenderAura+1","HollowMod:MothsMistake+1"],"picked":"HollowMod:RecoilStrike+1","floor":19},{"not_picked":["HollowMod:NewJinnsSoul","HollowMod:DoubleDash"],"picked":"HollowMod:ChannelNail","floor":24},{"not_picked":["HollowMod:InfectedAttack","HollowMod:DoubleDash","HollowMod:CornifersMapStart"],"picked":"SKIP","floor":27},{"not_picked":["HollowMod:ShadowDash+1","HollowMod:ChannelNail+1"],"picked":"HollowMod:SoulSplash","floor":30},{"not_picked":["HollowMod:Hiveblood","HollowMod:LordofShades"],"picked":"HollowMod:Weaversong","floor":33},{"not_picked":["HollowMod:VengefulVoid","HollowMod:SoulSplash","HollowMod:LuriensSpire+1"],"picked":"SKIP","floor":35},{"not_picked":["HollowMod:ChannelNail+1","HollowMod:SharpenedNail","HollowMod:DescendingDark+1"],"picked":"SKIP","floor":37},{"not_picked":["HollowMod:PerfectDash","HollowMod:CornifersMapStart+1"],"picked":"HollowMod:CloakDash","floor":38},{"not_picked":["HollowMod:TaintedHusks+1","HollowMod:NewLittleFool","HollowMod:SoulMaster"],"picked":"SKIP","floor":45},{"not_picked":["HollowMod:NewJinnsSoul","HollowMod:SharpenedNail","HollowMod:InfectedCysts+1"],"picked":"SKIP","floor":46},{"not_picked":["HollowMod:DescendingDark+1","HollowMod:PerfectDash","HollowMod:VengefulVoid+1"],"picked":"SKIP","floor":47}],"player_experience":112154,"relics_obtained":[{"floor":6,"key":"Iron Hammer"},{"floor":9,"key":"Replay:Rubber Ducky"},{"floor":19,"key":"Pocketwatch"},{"floor":26,"key":"Pantograph"},{"floor":27,"key":"Nunchaku"},{"floor":29,"key":"Calipers"},{"floor":38,"key":"Unceasing Top"},{"floor":42,"key":"Omamori"},{"floor":43,"key":"Boot"},{"floor":45,"key":"HollowMod:QueensCombRelic"}],"event_choices":[{"cards_removed":["HollowMod:QuickDashStart"],"damage_healed":0,"gold_gain":0,"player_choice":"Took Card","damage_taken":0,"max_hp_gain":0,"max_hp_loss":0,"event_name":"NoteForYourself","floor":2,"gold_loss":0,"cards_obtained":["Perfected Strike"]},{"damage_healed":0,"gold_gain":0,"player_choice":"Take Damage","damage_taken":18,"relics_obtained":["Golden Idol"],"max_hp_gain":0,"max_hp_loss":0,"event_name":"Golden Idol","floor":5,"gold_loss":0},{"damage_healed":25,"gold_gain":0,"player_choice":"Banana","damage_taken":0,"max_hp_gain":0,"max_hp_loss":0,"event_name":"Big Fish","floor":10,"gold_loss":0},{"damage_healed":0,"gold_gain":0,"player_choice":"Upgraded","damage_taken":0,"max_hp_gain":0,"max_hp_loss":0,"event_name":"Upgrade Shrine","floor":12,"gold_loss":0,"cards_upgraded":["HollowMod:CloakDash"]},{"damage_healed":0,"gold_gain":0,"player_choice":"Obtained Relic","damage_taken":0,"relics_obtained":["Counterbalance"],"max_hp_gain":0,"max_hp_loss":0,"event_name":"Addict","floor":21,"gold_loss":85},{"damage_healed":0,"gold_gain":0,"player_choice":"Embrace Madness","damage_taken":10,"max_hp_gain":0,"max_hp_loss":0,"event_name":"Winding Halls","floor":36,"gold_loss":0,"cards_obtained":["Madness","Madness"]},{"damage_healed":0,"gold_gain":0,"player_choice":"Fight","damage_taken":0,"max_hp_gain":0,"max_hp_loss":0,"event_name":"MindBloom","floor":38,"gold_loss":0},{"damage_healed":0,"gold_gain":0,"player_choice":"Ignored","damage_taken":0,"max_hp_gain":0,"max_hp_loss":0,"event_name":"Tomb of Lord Red Mask","floor":39,"gold_loss":0}],"is_beta":false,"boss_relics":[{"not_picked":["SlaversCollar","Calling Bell"],"picked":"HollowMod:KingsSoulRelic"},{"not_picked":["Astrolabe","Kintsugi","Snecko Eye"]}],"items_purged_floors":[20,28,44],"is_endless":false,"potions_floor_spawned":[1,8,16,31,33,38,45,46,47],"killed_by":"Time Eater","ascension_level":0}}