{"host":"xx5zt3jtdyh8iun7","time":1609945722,"event":{"mods":["AchievementEnabler","Act Like it!","BaseMod","Gensokyo","Minty Spire (QoL Compilation)","StSLib"],"gold_per_floor":[114,114,114,114,126,154,154,170,170,185,205,240,263,363,363,464,464,480,492,41,41,53,53,78,78,105,131,31,31,31,31,31,136,136,147,164,48,48,65,96,96,113,138,138,138,138,13,29,29,29],"floor_reached":51,"playtime":3495,"items_purged":["Pain","Strike_G","Strike_G"],"score":801,"play_id":"2a298f29-7f3d-41a4-8425-7c8b08653b13","local_time":"20210106160842","is_ascension_mode":true,"campfire_choices":[{"data":"Dagger Spray","floor":7,"key":"SMITH"},{"floor":15,"key":"REST"},{"data":"Envenom","floor":23,"key":"SMITH"},{"floor":25,"key":"REST"},{"floor":30,"key":"REST"},{"data":"Sadistic Nature","floor":32,"key":"SMITH"},{"floor":44,"key":"REST"},{"floor":46,"key":"REST"},{"data":"Reflex","floor":49,"key":"SMITH"}],"circlet_count":0,"master_deck":["Strike_G","Defend_G","Defend_G","Survivor","Dagger Spray+1","Clumsy","Unload","Reflex+1","Bane","Acrobatics+1","Blade Dance+1","Outmaneuver+1","Dodge and Roll+1","Concentrate+1","Envenom+1","CurseOfTheBell","Backflip+1","Dagger Throw","Sadistic Nature+1","Accuracy","Noxious Fumes","Quick Slash+1","Underhanded Strike+1","Burst+1","Concentrate+1","Glass Knife","Glass Knife+1","Glass Knife+1","Tactician+1","Cloak And Dagger+1","Footwork","Gensokyo:MorningMist+1","Corpse Explosion+1","Die Die Die","PiercingWail+1","Dagger Throw+1"],"relics":["Ring of the Snake","Gensokyo:NagashiBinaDoll","Gensokyo:LunaticRedEyes","Toxic Egg 2","Mercury Hourglass","Lantern","Centennial Puzzle","Calling Bell","Happy Flower","Paper Crane","FossilizedHelix","Boot","Gensokyo:ChorusOfJoy","Dream Catcher","Oddly Smooth Stone","Anchor","Astrolabe","Akabeko","Pen Nib","Juzu Bracelet","TungstenRod"],"acts_visited":["Gensokyo:Gensokyo","Gensokyo:Gensokyoer","Gensokyo:Gensokyoest"],"potions_floor_usage":[6,12,12,24,27,33,40,50],"damage_taken":[{"damage":3,"enemies":"Gensokyo:Python","floor":1,"turns":4},{"damage":3,"enemies":"Gensokyo:2_Kodama","floor":5,"turns":2},{"damage":7,"enemies":"Gensokyo:Aya","floor":6,"turns":8},{"damage":3,"enemies":"Gensokyo:3_Fairies","floor":8,"turns":3},{"damage":3,"enemies":"Gensokyo:2_Rabbits","floor":10,"turns":2},{"damage":1,"enemies":"Gensokyo:Python_and_Kodama","floor":11,"turns":2},{"damage":17,"enemies":"Gensokyo:Mamizou","floor":12,"turns":9},{"damage":37,"enemies":"Gensokyo:Yukari","floor":16,"turns":10},{"damage":4,"enemies":"Gensokyo:Chomper","floor":18,"turns":4},{"damage":0,"enemies":"Gensokyo:AngelMirror","floor":19,"turns":3},{"damage":5,"enemies":"Gensokyo:Monolith_and_Dog","floor":22,"turns":4},{"damage":39,"enemies":"Gensokyo:Koishi","floor":24,"turns":5},{"damage":0,"enemies":"Gensokyo:Tenshi","floor":27,"turns":3},{"damage":11,"enemies":"Gensokyo:Eternal_Rivals","floor":33,"turns":6},{"damage":0,"enemies":"Gensokyo:AncientGuardian","floor":35,"turns":4},{"damage":0,"enemies":"Gensokyo:3_Boulders","floor":36,"turns":3},{"damage":9,"enemies":"Gensokyo:Sharpion","floor":39,"turns":3},{"damage":36,"enemies":"Gensokyo:Marisa","floor":40,"turns":5},{"damage":20,"enemies":"Gensokyo:Rafflesia","floor":42,"turns":5},{"damage":0,"enemies":"Gensokyo:Dusk_and_Dawn","floor":48,"turns":5},{"damage":26,"enemies":"Gensokyo:Shinki","floor":50,"turns":9}],"seed_played":"-6612107317084753447","potions_obtained":[{"floor":5,"key":"EssenceOfSteel"},{"floor":8,"key":"FearPotion"},{"floor":10,"key":"BlessingOfTheForge"},{"floor":16,"key":"EssenceOfSteel"},{"floor":19,"key":"GamblersBrew"},{"floor":24,"key":"Poison Potion"},{"floor":39,"key":"DuplicationPotion"},{"floor":42,"key":"DistilledChaos"}],"is_trial":false,"path_per_floor":["M","?","?","?","M","E","R","M","T","M","M","E","T","?","R","B",null,"M","M","$","?","M","R","E","R","T","E","$","?","R","$","R","B",null,"M","M","COS","$","M","E","?","M","T","R","?","R","$","M","R","B",null],"character_chosen":"THE_SILENT","items_purchased":["Boot","Sadistic Nature","Accuracy"],"campfire_rested":5,"item_purchase_floors":[20,20,20],"current_hp_per_floor":[67,67,67,67,64,57,57,54,54,51,50,33,33,33,54,17,70,66,66,66,66,61,61,22,43,43,43,43,43,64,64,64,53,70,70,70,70,70,61,25,25,5,5,26,26,47,47,47,47,21],"gold":29,"neow_bonus":"REMOVE_CARD","is_daily":false,"chose_seed":false,"campfire_upgraded":4,"win_rate":0.0,"timestamp":1609945722,"path_taken":["M","?","?","?","M","E","R","M","T","?","M","E","?","?","R","BOSS","M","?","$","?","?","R","E","R","T","E","$","?","R","?","R","BOSS","M","?","COS","?","M","E","?","M","T","R","?","R","$","M","R","BOSS"],"items_purchased_type":["Relic","Card","Card"],"build_version":"2020-12-22","purchased_purges":3,"victory":true,"max_hp_per_floor":[70,70,70,70,70,70,70,70,70,70,70,70,70,70,70,70,70,70,70,70,70,70,70,70,70,70,70,70,70,70,70,70,70,70,70,70,70,70,70,70,70,70,70,70,70,70,70,70,70,70],"card_choices":[{"not_picked":["Bane","PiercingWail"],"picked":"Dagger Spray","floor":1},{"not_picked":["Dagger Spray","Finisher"],"picked":"Unload","floor":4},{"not_picked":["Expertise","Acrobatics"],"picked":"Reflex","floor":4},{"not_picked":["Deflect","PiercingWail"],"picked":"Bane","floor":5},{"not_picked":["PiercingWail+1","Dagger Spray"],"picked":"Acrobatics+1","floor":6},{"not_picked":["Flechettes","Deadly Poison+1"],"picked":"Blade Dance+1","floor":8},{"not_picked":["Underhanded Strike","Sucker Punch"],"picked":"Outmaneuver+1","floor":10},{"not_picked":["Deflect+1","Masterful Stab"],"picked":"Dodge and Roll+1","floor":11},{"not_picked":["Flechettes","Underhanded Strike"],"picked":"Concentrate+1","floor":12},{"not_picked":["Doppelganger+1","Wraith Form v2"],"picked":"Envenom","floor":16},{"not_picked":["Bouncing Flask+1","Bane"],"picked":"Backflip+1","floor":18},{"not_picked":["All Out Attack","Footwork"],"picked":"Dagger Throw","floor":19},{"not_picked":["Catalyst+1","A Thousand Cuts"],"picked":"Noxious Fumes","floor":22},{"not_picked":["Glass Knife","Flechettes+1"],"picked":"Quick Slash+1","floor":24},{"not_picked":["Sucker Punch","Deadly Poison+1"],"picked":"Underhanded Strike+1","floor":27},{"not_picked":["Underhanded Strike+1","Dagger Spray"],"picked":"Concentrate+1","floor":30},{"not_picked":["Wraith Form v2","A Thousand Cuts"],"picked":"Glass Knife","floor":33},{"not_picked":["Dagger Spray+1","Dagger Throw+1","Dodge and Roll+1"],"picked":"SKIP","floor":35},{"not_picked":["Outmaneuver+1","Noxious Fumes","Slice+1"],"picked":"SKIP","floor":36},{"not_picked":["Catalyst+1","Crippling Poison+1"],"picked":"Cloak And Dagger+1","floor":39},{"not_picked":["Outmaneuver+1","Backflip+1"],"picked":"Footwork","floor":40},{"not_picked":["Gensokyo:SalamanderShield","Gensokyo:NewMoon"],"picked":"Gensokyo:MorningMist","floor":41},{"not_picked":["Slice","Catalyst+1"],"picked":"Corpse Explosion+1","floor":42},{"not_picked":["Endless Agony","Deflect+1"],"picked":"PiercingWail+1","floor":46},{"not_picked":["Dodge and Roll+1","Dagger Spray"],"picked":"Dagger Throw+1","floor":48}],"player_experience":588170,"relics_obtained":[{"floor":6,"key":"Toxic Egg 2"},{"floor":9,"key":"Mercury Hourglass"},{"floor":12,"key":"Lantern"},{"floor":13,"key":"Centennial Puzzle"},{"floor":17,"key":"Happy Flower"},{"floor":17,"key":"Paper Crane"},{"floor":17,"key":"FossilizedHelix"},{"floor":24,"key":"Dream Catcher"},{"floor":26,"key":"Oddly Smooth Stone"},{"floor":27,"key":"Anchor"},{"floor":40,"key":"Akabeko"},{"floor":43,"key":"Juzu Bracelet"}],"event_choices":[],"is_beta":false,"boss_relics":[{"not_picked":["Ring of the Serpent","Cursed Key"],"picked":"Calling Bell"},{"not_picked":["Snecko Eye","Runic Pyramid"],"picked":"Astrolabe"}],"items_purged_floors":[20,28,47],"is_endless":false,"potions_floor_spawned":[5,8,10,16,19,24,39,42],"ascension_level":1}}