{"host":"jm9833yuloeli2yd","time":1609961556,"event":{"mods":["BaseMod","Better Altar","Better Match","Better Note","Better Sensory Stone","Better Skull","Better Third Choice","Better Vampires","BetterRewards","Colored Map","Colored Powertips","DeckTracker","Minty Spire (QoL Compilation)","Permanent Neow","Quick Restart","StSLib","SuperFastMode"],"gold_per_floor":[118,118,268,282,282,282,292,323,323,338,363,377,252,262,262,337,337,356,368,368,283,283,283,317,9,9,20,20,46,64,24,24,98,98,112,161,161,176,176,176,18,46,98,116,134,147,182,38,38,38,38,38,38,25,58,58],"floor_reached":57,"playtime":2553,"items_purged":["Strike_B","Strike_B","Strike_B"],"score":3445,"play_id":"89a10233-abee-4b45-bd04-1ffe2d061e1b","local_time":"20210106143236","is_ascension_mode":true,"campfire_choices":[{"data":"Streamline","floor":6.0,"key":"SMITH"},{"floor":15.0,"key":"REST"},{"data":"Defragment","floor":23.0,"key":"SMITH"},{"data":"Defragment","floor":32.0,"key":"SMITH"},{"data":"Defragment","floor":40.0,"key":"SMITH"},{"floor":49.0,"key":"RECALL"},{"data":"Coolheaded","floor":53.0,"key":"SMITH"}],"circlet_count":0,"master_deck":["AscendersBane","Defend_B+1","Defend_B","Defend_B+1","Defend_B","Zap","Dualcast","Flash of Steel","Streamline+1","Cold Snap","Coolheaded","Melter","Hologram","Recycle","Echo Form+1","Seek+1","Electrodynamics+1","Echo Form","Steam","Defragment+1","Double Energy+1","Defragment+1","Turbo","FTL+1","FTL+1","Ghostly","Ghostly","Ghostly","Loop+1","Defragment+1","Meteor Strike+1","Conserve Battery+1","Coolheaded+1","Glacier","Capacitor","Echo Form","Capacitor","Reinforced Body","Coolheaded","Compile Driver+1"],"relics":["Cracked Core","Membership Card","Omamori","TungstenRod","Girya","Akabeko","Sozu","Blue Candle","Molten Egg 2","MawBank","Torii","Meat on the Bone","Matryoshka","Cursed Key","Ice Cream","Lee\u0027s Waffle","Mercury Hourglass","Bottled Lightning","Orichalcum","Art of War","Unceasing Top"],"acts_visited":["Exordium","TheCity","TheBeyond","TheEnding"],"potions_floor_usage":[],"damage_taken":[{"damage":7.0,"enemies":"Small Slimes","floor":1.0,"turns":4.0},{"damage":6.0,"enemies":"2 Louse","floor":4.0,"turns":3.0},{"damage":0.0,"enemies":"Cultist","floor":7.0,"turns":3.0},{"damage":8.0,"enemies":"Lagavulin","floor":8.0,"turns":5.0},{"damage":2.0,"enemies":"Blue Slaver","floor":10.0,"turns":4.0},{"damage":10.0,"enemies":"Gremlin Nob","floor":11.0,"turns":3.0},{"damage":6.0,"enemies":"Lots of Slimes","floor":12.0,"turns":4.0},{"damage":0.0,"enemies":"2 Fungi Beasts","floor":14.0,"turns":2.0},{"damage":15.0,"enemies":"The Guardian","floor":16.0,"turns":11.0},{"damage":0.0,"enemies":"3 Byrds","floor":18.0,"turns":3.0},{"damage":0.0,"enemies":"Spheric Guardian","floor":19.0,"turns":1.0},{"damage":41.0,"enemies":"Book of Stabbing","floor":24.0,"turns":8.0},{"damage":7.0,"enemies":"Snake Plant","floor":27.0,"turns":3.0},{"damage":0.0,"enemies":"Gremlin Leader","floor":29.0,"turns":5.0},{"damage":0.0,"enemies":"Shelled Parasite and Fungi","floor":30.0,"turns":2.0},{"damage":13.0,"enemies":"Collector","floor":33.0,"turns":7.0},{"damage":16.0,"enemies":"3 Shapes","floor":35.0,"turns":6.0},{"damage":18.0,"enemies":"2 Orb Walkers","floor":36.0,"turns":4.0},{"damage":19.0,"enemies":"3 Darklings","floor":38.0,"turns":3.0},{"damage":0.0,"enemies":"Giant Head","floor":42.0,"turns":9.0},{"damage":15.0,"enemies":"Spire Growth","floor":44.0,"turns":6.0},{"damage":0.0,"enemies":"Jaw Worm Horde","floor":45.0,"turns":4.0},{"damage":0.0,"enemies":"3 Darklings","floor":46.0,"turns":5.0},{"damage":6.0,"enemies":"Reptomancer","floor":47.0,"turns":5.0},{"damage":23.0,"enemies":"Donu and Deca","floor":50.0,"turns":8.0},{"damage":7.0,"enemies":"Time Eater","floor":51.0,"turns":14.0},{"damage":9.0,"enemies":"Shield and Spear","floor":55.0,"turns":6.0},{"damage":13,"enemies":"The Heart","floor":56,"turns":11}],"seed_played":"-7721961687276309004","potions_obtained":[{"floor":1.0,"key":"EssenceOfSteel"},{"floor":5.0,"key":"EssenceOfDarkness"},{"floor":10.0,"key":"SkillPotion"},{"floor":11.0,"key":"FocusPotion"},{"floor":14.0,"key":"SkillPotion"}],"is_trial":false,"path_per_floor":["M","?","?","M","?","R","M","E","T","M","E","M","?","M","R","B",null,"M","M","?","?","T","R","E","$","T","M","?","E","M","$","R","B",null,"M","?","?","M","?","R","$","E","T","M","M","M","E","$","R","B","B",null,"R","$","E","B",null],"character_chosen":"DEFECT","items_purchased":["Membership Card","Omamori","FocusPotion","Flash of Steel","Torii","Defragment","Turbo","FTL+1","Defragment","Lee\u0027s Waffle","Coolheaded","Art of War","Capacitor","Reinforced Body","Coolheaded"],"campfire_rested":1,"item_purchase_floors":[0,0,0,0,25,25,25,25,31,41,41,48,48,48,54],"current_hp_per_floor":[57,36,36,30,30,30,30,22,22,20,10,4,4,4,25,10,56,56,56,56,56,56,56,15,15,15,20,20,20,20,20,20,19,31,27,21,21,14,14,14,40,40,40,25,25,25,31,31,31,20,25,36,36,36,27,26],"gold":58,"neow_bonus":"","is_daily":false,"chose_seed":false,"campfire_upgraded":5,"win_rate":0.0,"timestamp":1609961556,"path_taken":["M","?","?","M","?","R","M","E","T","M","E","?","?","M","R","BOSS","M","M","?","?","?","R","E","?","T","M","?","E","M","$","R","BOSS","M","?","?","M","?","R","$","E","T","M","M","M","E","$","R","BOSS","BOSS","R","$","E","BOSS"],"items_purchased_type":["Relic","Relic","Potion","Card","Relic","Card","Card","Card","Card","Relic","Card","Relic","Card","Card","Card"],"build_version":"2020-12-22","purchased_purges":3,"victory":true,"max_hp_per_floor":[71,71,71,71,71,71,71,71,71,71,71,71,71,71,71,71,71,71,71,71,71,71,71,71,71,71,71,35,35,35,35,35,35,35,35,35,33,33,33,33,40,40,40,40,40,40,40,40,40,40,40,40,40,40,40,40],"card_choices":[{"not_picked":["Aggregate","Blizzard","Leap"],"picked":"SKIP","floor":1.0},{"not_picked":["Darkness","Storm"],"picked":"Streamline","floor":4.0},{"not_picked":["Lockon","Undo"],"picked":"Cold Snap","floor":7.0},{"not_picked":["Scrape","Aggregate"],"picked":"Coolheaded","floor":8.0},{"not_picked":["Conserve Battery","Leap"],"picked":"Melter","floor":10.0},{"not_picked":["Lockon","Redo"],"picked":"Hologram","floor":11.0},{"not_picked":["Leap","Tempest"],"picked":"Recycle","floor":12.0},{"not_picked":["Buffer+1","Meteor Strike+1"],"picked":"Echo Form+1","floor":13.0},{"not_picked":["Meteor Strike+1","Electrodynamics+1"],"picked":"Seek+1","floor":13.0},{"not_picked":["Buffer+1","Fission+1"],"picked":"Electrodynamics+1","floor":13.0},{"not_picked":["Gash","Rebound","Barrage"],"picked":"SKIP","floor":14.0},{"not_picked":["All For One","Hyperbeam"],"picked":"Echo Form","floor":16.0},{"not_picked":["Rebound","Streamline"],"picked":"Steam","floor":18.0},{"not_picked":["Streamline","Steam"],"picked":"Defragment","floor":19.0},{"not_picked":["Undo","Recycle"],"picked":"Double Energy+1","floor":24.0},{"not_picked":["Sweeping Beam+1","Hello World+1"],"picked":"FTL+1","floor":27.0},{"not_picked":["Consume","Coolheaded"],"picked":"Loop+1","floor":29.0},{"not_picked":["Chaos","Gash+1","Stack"],"picked":"SKIP","floor":30.0},{"not_picked":["Thunder Strike+1","Creative AI"],"picked":"Meteor Strike+1","floor":33.0},{"not_picked":["Redo","Beam Cell+1","Self Repair"],"picked":"SKIP","floor":35.0},{"not_picked":["Cold Snap+1","Loop"],"picked":"Conserve Battery+1","floor":38.0},{"not_picked":["Compile Driver+1","Hologram+1"],"picked":"Glacier","floor":42.0},{"not_picked":["Sweeping Beam+1","Beam Cell+1","Redo"],"picked":"SKIP","floor":44.0},{"not_picked":["Rebound+1","Stack"],"picked":"Capacitor","floor":45.0},{"not_picked":["Gash+1","Double Energy"],"picked":"Echo Form","floor":46.0},{"not_picked":["Cold Snap+1","Go for the Eyes+1","Sweeping Beam+1"],"picked":"SKIP","floor":47.0},{"not_picked":["Streamline+1","Barrage+1"],"picked":"Compile Driver+1","floor":55.0}],"player_experience":1270335,"relics_obtained":[{"floor":8.0,"key":"TungstenRod"},{"floor":9.0,"key":"Girya"},{"floor":11.0,"key":"Akabeko"},{"floor":22.0,"key":"Molten Egg 2"},{"floor":24.0,"key":"MawBank"},{"floor":26.0,"key":"Meat on the Bone"},{"floor":29.0,"key":"Matryoshka"},{"floor":36.0,"key":"Ice Cream"},{"floor":42.0,"key":"Mercury Hourglass"},{"floor":43.0,"key":"Bottled Lightning"},{"floor":47.0,"key":"Orichalcum"},{"floor":55.0,"key":"Unceasing Top"}],"event_choices":[{"damage_healed":57.0,"max_hp_gain":0.0,"max_hp_loss":71.0,"gold_gain":0.0,"event_name":"betterThird:BetterShining","player_choice":"Upgrade","floor":2.0,"gold_loss":0.0,"damage_taken":21.0,"cards_upgraded":["Defend_B","Defend_B"]},{"damage_healed":0.0,"max_hp_gain":0.0,"max_hp_loss":0.0,"gold_gain":150.0,"event_name":"betterThird:BetterSerpent","player_choice":"AGREE","floor":3.0,"gold_loss":0.0,"damage_taken":118.0},{"damage_healed":0.0,"max_hp_gain":0.0,"max_hp_loss":0.0,"gold_gain":0.0,"event_name":"Lab","player_choice":"Got Potions","floor":5.0,"gold_loss":0.0,"damage_taken":0.0},{"damage_healed":0.0,"max_hp_gain":0.0,"max_hp_loss":0.0,"gold_gain":0.0,"event_name":"betterMatch:BetterMatch","player_choice":"3","floor":13.0,"gold_loss":0.0,"damage_taken":0.0,"cards_obtained":["betterMatch:RareCard"]},{"damage_healed":0.0,"max_hp_gain":0.0,"max_hp_loss":0.0,"gold_gain":0.0,"event_name":"betterThird:BetterWriting","player_choice":"Adaptability","floor":20.0,"gold_loss":0.0,"damage_taken":0.0},{"damage_healed":0.0,"max_hp_gain":0.0,"max_hp_loss":0.0,"gold_gain":0.0,"event_name":"Addict","player_choice":"Obtained Relic","floor":21.0,"gold_loss":85.0,"damage_taken":0.0,"relics_obtained":["Blue Candle"]},{"damage_healed":0.0,"max_hp_gain":0.0,"max_hp_loss":36.0,"gold_gain":0.0,"event_name":"Ghosts","player_choice":"Became a Ghost","floor":28.0,"gold_loss":0.0,"damage_taken":0.0,"cards_obtained":["Ghostly","Ghostly","Ghostly"]},{"damage_healed":0.0,"max_hp_gain":0.0,"max_hp_loss":0.0,"gold_gain":0.0,"event_name":"Mysterious Sphere","player_choice":"Fight","floor":36.0,"gold_loss":0.0,"damage_taken":0.0},{"damage_healed":0.0,"max_hp_gain":0.0,"max_hp_loss":2.0,"gold_gain":0.0,"event_name":"Winding Halls","player_choice":"Max HP","floor":37.0,"gold_loss":0.0,"damage_taken":0.0},{"cards_removed":["Strike_B"],"damage_healed":0.0,"max_hp_gain":0.0,"max_hp_loss":0.0,"gold_gain":0.0,"event_name":"Falling","player_choice":"Removed Attack","floor":39.0,"gold_loss":0.0,"damage_taken":0.0}],"is_beta":false,"boss_relics":[{"not_picked":["FrozenCore","Tiny House"],"picked":"Sozu"},{"not_picked":["Runic Pyramid","Philosopher\u0027s Stone"],"picked":"Cursed Key"}],"items_purged_floors":[0,25,41],"is_endless":false,"potions_floor_spawned":[1,7,10,11,14,18,19,24,38,42,44,45,47,55],"ascension_level":20}}