{"host":"9eiowk8mxro5m2sz","time":1609917043,"event":{"mods":["Act Like it!","Alarm Clock","Arknights The Spire","BaseMod","CapriCore","Decade(王小明)","Friendly Minions","Gensokyo","Kiyohime（清姬）","LagranYue(拉格朗・月)","Luminous","Minty Spire (QoL Compilation)","Prisma Mod","Quick Restart","Reimu（博丽灵梦）","Relic Stats","Replay The Spire","StSLib","The Alterego","The Immortal","The Servant 0.9.4","WarShipGirlsR/战舰少女R mod","Yakumo Yukari mod","Yohane!","Youmu（魂魄妖梦）","Yuri Mod","Yuyuko","【遗物卡牌】REMEMod"],"gold_per_floor":[111,129,145,44,44,44,44],"floor_reached":6,"playtime":434,"items_purged":[],"score":36,"play_id":"c50d4818-e82d-40f7-9daa-495475a72557","local_time":"20210106151043","daily_mods":["Heirloom","Time Dilation","Flight"],"is_ascension_mode":false,"campfire_choices":[],"circlet_count":0,"master_deck":["ats:Strike C","ats:Strike G","ats:Strike S","ats:Strike V","ats:Defend","ats:Defend","ats:Defend","ats:Defend","ats:Emotion Absorption","ats:Revitalization","ats:Assault Order","ats:Steam Pump","ReplayTheSpireMod:IOU"],"relics":["ats:Sanity","REME_ComplimentaryCards","Counterbalance","Replay:Wax Seal","TheAbacus","Gensokyo:Mercy"],"acts_visited":["Exordium"],"potions_floor_usage":[],"damage_taken":[{"damage":4,"enemies":"Gensokyo:2_Kodama","floor":1,"turns":5},{"damage":13,"enemies":"Gensokyo:Gryphon","floor":2,"turns":4},{"damage":5,"enemies":"Gensokyo:3_Fairies","floor":3,"turns":5},{"damage":90,"enemies":"Gensokyo:Aya","floor":6,"turns":20}],"seed_played":"1398178233473184478","potions_obtained":[],"is_trial":true,"path_per_floor":["M","M","M","$","?","E"],"character_chosen":"DOCTOR_CLASS","items_purchased":["Replay:Wax Seal","TheAbacus"],"campfire_rested":0,"item_purchase_floors":[4,4],"current_hp_per_floor":[68,58,59,59,59,0,0],"gold":44,"neow_bonus":"","is_daily":false,"chose_seed":false,"campfire_upgraded":0,"win_rate":0.0,"timestamp":1609917043,"path_taken":["M","M","M","$","?","E"],"items_purchased_type":["Relic","Relic"],"build_version":"2020-12-22","purchased_purges":0,"victory":false,"max_hp_per_floor":[72,72,72,72,72,72,72],"relic_stats":{"TheAbacus":[54],"counters":[4,34],"obtain_stats":[{"TheAbacus":4,"Gensokyo:Mercy":5,"Counterbalance":0,"ats:Sanity":0,"Replay:Wax Seal":4,"REME_ComplimentaryCards":0},{"TheAbacus":3,"Gensokyo:Mercy":3,"Counterbalance":0,"ats:Sanity":0,"Replay:Wax Seal":3,"REME_ComplimentaryCards":0},{"TheAbacus":14,"Gensokyo:Mercy":14,"Counterbalance":0,"ats:Sanity":0,"Replay:Wax Seal":14,"REME_ComplimentaryCards":0}]},"card_choices":[{"not_picked":["ats:Flexible Camouflage","ats:Childhood Dance"],"picked":"ats:Revitalization","floor":1},{"not_picked":["ats:Thorns","ats:Very Hot Blade"],"picked":"ats:Assault Order","floor":2},{"not_picked":["ats:Poison Spread","ats:Consecutive Shot Auto"],"picked":"ats:Steam Pump","floor":3}],"player_experience":589010,"relics_obtained":[],"event_choices":[],"is_beta":false,"boss_relics":[],"items_purged_floors":[],"is_endless":false,"potions_floor_spawned":[],"killed_by":"Gensokyo:Aya","ascension_level":0}}