{"host":"4rvakrj1idbgia3f","time":1609921529,"event":{"mods":["BaseMod","Colored Map","Colored Powertips","DeckTracker","Highlight Path","Minty Spire (QoL Compilation)","Random Character Button","StSLib"],"gold_per_floor":[114,124,124,124,142,142,171,15,89,121,121,134,160,179,179,256,256,271,196,196,206,225,225,175,205,205,225,225,257,81,99,99,178,178,190,190,203,37,51,79,79,91,114,140,120,133,133,151,151,151,151,151,151,6,36,36],"floor_reached":57,"playtime":4176,"items_purged":["Defend_G","Defend_G","Strike_G","Strike_G"],"score":3044,"play_id":"dab302d3-459b-4803-a60c-52275954dea3","local_time":"20210106172529","is_ascension_mode":true,"campfire_choices":[{"data":"Dash","floor":6.0,"key":"SMITH"},{"data":"Adrenaline","floor":11,"key":"SMITH"},{"data":"Bouncing Flask","floor":15,"key":"SMITH"},{"data":"Footwork","floor":23,"key":"SMITH"},{"data":"Wraith Form v2","floor":28,"key":"SMITH"},{"data":"Neutralize","floor":32,"key":"SMITH"},{"data":"Flechettes","floor":41,"key":"SMITH"},{"data":"PiercingWail","floor":47,"key":"SMITH"},{"floor":49,"key":"RECALL"},{"data":"PiercingWail","floor":53,"key":"SMITH"}],"circlet_count":0,"master_deck":["AscendersBane","Strike_G","Defend_G","Defend_G","Survivor","Neutralize+1","PiercingWail+1","Dash+1","Wraith Form v2+1","Bouncing Flask+1","Dagger Spray","Adrenaline+1","PiercingWail+1","Acrobatics+1","Dodge and Roll+1","Venomology+1","Footwork+1","Tactician+1","Escape Plan+1","After Image","Escape Plan+1","Escape Plan+1","Adrenaline+1","Flechettes+1","Flechettes+1","Backflip+1","Trip+1","Noxious Fumes+1","PiercingWail+1","Blur+1","Night Terror+1","Backflip+1","Catalyst+1","Leg Sweep+1"],"relics":["Ring of the Snake","Smiling Mask","Mercury Hourglass","StrikeDummy","Toxic Egg 2","Runic Pyramid","Pocketwatch","The Courier","Lantern","Oddly Smooth Stone","Coffee Dripper","Blood Vial","Bag of Marbles","Anchor"],"acts_visited":["Exordium","TheCity","TheBeyond","TheEnding"],"potions_floor_usage":[10,21,21,25,27,29,31,33,37,37,40,42,46,48,48,51,55,56,56,56],"damage_taken":[{"damage":0.0,"enemies":"2 Louse","floor":1.0,"turns":4.0},{"damage":4.0,"enemies":"Small Slimes","floor":2.0,"turns":4.0},{"damage":0.0,"enemies":"Cultist","floor":5.0,"turns":4.0},{"damage":34.0,"enemies":"Lagavulin","floor":7.0,"turns":7.0},{"damage":6,"enemies":"Gremlin Nob","floor":10,"turns":4},{"damage":0,"enemies":"Looter","floor":12,"turns":3},{"damage":6,"enemies":"3 Sentries","floor":13,"turns":5},{"damage":2,"enemies":"Large Slime","floor":14,"turns":4},{"damage":7,"enemies":"The Guardian","floor":16,"turns":10},{"damage":0,"enemies":"Shell Parasite","floor":18,"turns":7},{"damage":10,"enemies":"2 Thieves","floor":21,"turns":3},{"damage":13,"enemies":"Centurion and Healer","floor":22,"turns":7},{"damage":4,"enemies":"Slavers","floor":25,"turns":5},{"damage":11,"enemies":"Snake Plant","floor":27,"turns":5},{"damage":5,"enemies":"Book of Stabbing","floor":29,"turns":7},{"damage":0,"enemies":"Chosen and Byrds","floor":31,"turns":6},{"damage":0,"enemies":"Champ","floor":33,"turns":17},{"damage":0,"enemies":"Orb Walker","floor":35,"turns":3},{"damage":5,"enemies":"3 Darklings","floor":37,"turns":4},{"damage":5,"enemies":"Writhing Mass","floor":39,"turns":5},{"damage":0,"enemies":"Reptomancer","floor":40,"turns":7},{"damage":0,"enemies":"Spire Growth","floor":42,"turns":5},{"damage":0,"enemies":"Giant Head","floor":44,"turns":7},{"damage":0,"enemies":"Transient","floor":46,"turns":6},{"damage":0,"enemies":"4 Shapes","floor":48,"turns":5},{"damage":2,"enemies":"Donu and Deca","floor":50,"turns":12},{"damage":0,"enemies":"Awakened One","floor":51,"turns":14},{"damage":0,"enemies":"Shield and Spear","floor":55,"turns":7},{"damage":30,"enemies":"The Heart","floor":56,"turns":7}],"seed_played":"7547262995095848820","potions_obtained":[{"floor":7.0,"key":"Ancient Potion"},{"floor":10,"key":"Fire Potion"},{"floor":27,"key":"EssenceOfSteel"},{"floor":48,"key":"Fruit Juice"}],"is_trial":false,"path_per_floor":["M","M","?","?","M","R","E","$","T","E","R","M","E","M","R","B",null,"M","?","?","M","M","R","$","E","T","M","R","E","$","M","R","B",null,"M","?","M","$","M","E","R","M","T","E","?","M","R","M","R","B","B",null,"R","$","E","B",null],"character_chosen":"THE_SILENT","items_purchased":["Adrenaline","Oddly Smooth Stone","Backflip+1","Trip+1","Catalyst+1","Leg Sweep+1"],"campfire_rested":0,"item_purchase_floors":[8,30,38,38,54,54],"current_hp_per_floor":[59,55,60,60,60,60,26,26,26,20,20,20,14,12,12,5,55,55,55,55,45,32,32,32,28,28,17,17,12,12,12,12,12,56,56,56,51,51,46,46,46,48,48,50,50,52,52,71,71,71,73,75,75,75,76,46],"gold":36,"neow_bonus":"REMOVE_CARD","is_daily":false,"chose_seed":false,"campfire_upgraded":9,"win_rate":0.0,"timestamp":1609921529,"path_taken":["M","M","?","?","M","R","E","$","T","E","R","M","E","?","R","BOSS","M","?","?","M","M","R","?","E","T","M","R","E","$","M","R","BOSS","M","?","M","$","M","E","R","M","T","E","?","?","R","M","R","BOSS","BOSS","R","$","E","BOSS"],"items_purchased_type":["Card","Relic","Card","Card","Card","Card"],"build_version":"2020-12-22","purchased_purges":4,"victory":true,"max_hp_per_floor":[66,66,71,71,71,71,71,71,71,71,71,71,71,71,71,71,71,71,71,71,71,71,71,71,71,71,71,71,71,71,71,71,71,71,71,71,71,71,71,71,71,71,71,71,71,71,71,76,76,76,76,76,76,76,76,76],"card_choices":[{"not_picked":["Cloak And Dagger","Flying Knee"],"picked":"PiercingWail","floor":1.0},{"not_picked":["Endless Agony","Terror"],"picked":"Dash","floor":2.0},{"not_picked":["Tools of the Trade","Backflip"],"picked":"Bouncing Flask","floor":5.0},{"not_picked":["Sucker Punch","Deflect"],"picked":"Dagger Spray","floor":7.0},{"not_picked":["Concentrate","Quick Slash"],"picked":"PiercingWail","floor":10},{"not_picked":["Envenom","Sucker Punch","Dagger Spray"],"picked":"SKIP","floor":12},{"not_picked":["Sucker Punch","Bane"],"picked":"Acrobatics+1","floor":13},{"not_picked":["Underhanded Strike","Quick Slash"],"picked":"Dodge and Roll+1","floor":14},{"not_picked":["Burst+1","Glass Knife"],"picked":"Venomology+1","floor":16},{"not_picked":["Choke","Deadly Poison+1"],"picked":"Footwork","floor":18},{"not_picked":["Underhanded Strike","Flying Knee","Dagger Spray"],"picked":"SKIP","floor":21},{"not_picked":["Poisoned Stab","Flying Knee"],"picked":"Escape Plan+1","floor":22},{"not_picked":["Underhanded Strike","Distraction+1"],"picked":"After Image","floor":25},{"not_picked":["Quick Slash","Bane","Choke"],"picked":"SKIP","floor":27},{"not_picked":["Finisher","PiercingWail+1"],"picked":"Escape Plan+1","floor":29},{"not_picked":["Underhanded Strike","Prepared+1"],"picked":"Escape Plan+1","floor":31},{"not_picked":["Doppelganger+1","Venomology+1"],"picked":"Adrenaline+1","floor":33},{"not_picked":["Terror+1","Dagger Throw"],"picked":"Flechettes+1","floor":35},{"not_picked":["Blade Dance+1","Outmaneuver+1"],"picked":"Flechettes","floor":37},{"not_picked":["Blade Dance+1","Eviscerate+1"],"picked":"Noxious Fumes+1","floor":39},{"not_picked":["Dagger Throw","Deflect+1"],"picked":"PiercingWail+1","floor":40},{"not_picked":["PiercingWail+1","Sucker Punch+1"],"picked":"Blur+1","floor":42},{"not_picked":["Blur+1","Escape Plan+1"],"picked":"Night Terror+1","floor":44},{"not_picked":["Blade Dance+1","Distraction+1","Terror+1"],"picked":"SKIP","floor":46},{"not_picked":["Dodge and Roll+1","Calculated Gamble+1"],"picked":"Backflip+1","floor":48},{"not_picked":["Dodge and Roll+1","Distraction+1","PiercingWail+1"],"picked":"SKIP","floor":55}],"player_experience":1948800,"relics_obtained":[{"floor":7.0,"key":"Smiling Mask"},{"floor":9,"key":"Mercury Hourglass"},{"floor":10,"key":"StrikeDummy"},{"floor":13,"key":"Toxic Egg 2"},{"floor":25,"key":"Pocketwatch"},{"floor":26,"key":"The Courier"},{"floor":29,"key":"Lantern"},{"floor":40,"key":"Blood Vial"},{"floor":44,"key":"Bag of Marbles"},{"floor":55,"key":"Anchor"}],"event_choices":[{"damage_healed":0.0,"max_hp_gain":5.0,"max_hp_loss":0.0,"gold_gain":0.0,"event_name":"Big Fish","player_choice":"Donut","floor":3.0,"gold_loss":0.0,"damage_taken":0.0},{"damage_healed":0.0,"max_hp_gain":0.0,"max_hp_loss":0.0,"gold_gain":0.0,"event_name":"Match and Keep!","player_choice":"1 cards matched","floor":4.0,"gold_loss":0.0,"damage_taken":0.0,"cards_obtained":["Wraith Form v2"]},{"cards_removed":["Strike_G"],"damage_healed":0,"gold_gain":0,"player_choice":"Gave Gold","damage_taken":0,"max_hp_gain":0,"max_hp_loss":0,"event_name":"Beggar","floor":19,"gold_loss":75},{"damage_healed":0,"gold_gain":0,"player_choice":"Read","damage_taken":0,"max_hp_gain":0,"max_hp_loss":0,"event_name":"The Library","floor":20,"gold_loss":0,"cards_obtained":["Tactician"]},{"cards_removed":["Strike_G"],"damage_healed":0,"gold_gain":0,"player_choice":"Removed Attack","damage_taken":0,"max_hp_gain":0,"max_hp_loss":0,"event_name":"Falling","floor":36,"gold_loss":0},{"damage_healed":0,"gold_gain":0,"player_choice":"Bought 1 Potion","damage_taken":0,"max_hp_gain":0,"max_hp_loss":0,"event_name":"The Woman in Blue","floor":45,"gold_loss":0}],"is_beta":false,"boss_relics":[{"not_picked":["Philosopher\u0027s Stone","Black Star"],"picked":"Runic Pyramid"},{"not_picked":["Sozu","Cursed Key"],"picked":"Coffee Dripper"}],"items_purged_floors":[24,30,38,54],"is_endless":false,"potions_floor_spawned":[7,10,18,22,27,33,35,39,40,48,55],"ascension_level":20}}