{"host":"50qwps766cbz6ukm","time":1609937696,"event":{"mods":["BaseMod","Colored Map","Colored Powertips","DeckTracker","Highlight Path","Infinite Spire","Minty Spire (QoL Compilation)","Quick Restart","Remove Card Discount Mod","StSLib","SuperFastMode","Synergy Search"],"gold_per_floor":[219,232,232,407,265,295,295,325,325,338,373,224,224,240,240,342,342,353,353,364,364,383,383,400,432,432,451,451,451,451,471,471,567,567,584,584,600,600,381,407,407,735,735,735,752,764,764,782,782,782],"floor_reached":51,"playtime":1866,"items_purged":["Doubt","Clumsy","Doubt","Strike_P","Strike_P","Strike_P","Strike_P","Defend_P","Defend_P","Defend_P","Defend_P"],"score":975,"play_id":"fe8e6704-1b59-40ad-a3fc-0426900be205","local_time":"20210106145456","is_ascension_mode":true,"campfire_choices":[{"data":"Eruption","floor":7,"key":"SMITH"},{"data":"infinitespire:Gouge","floor":13,"key":"SMITH"},{"floor":15,"key":"REST"},{"floor":23,"key":"REST"},{"floor":28,"key":"REST"},{"floor":30,"key":"REST"},{"floor":32,"key":"REST"},{"floor":47,"key":"REST"},{"floor":49,"key":"REST"}],"circlet_count":0,"master_deck":["Eruption+1","Vigilance+1","EmptyBody+1","EmptyFist+1","infinitespire:Gouge+1","Adaptation+1","FlurryOfBlows+1","Adaptation+1","LessonLearned+1","FlurryOfBlows+1","infinitespire:NeuralNetwork+1","MasterReality+1","MentalFortress+1","Mayhem","MentalFortress"],"relics":["PureWater","Sundial","infinitespire:Joker Card","Omamori","Molten Egg 2","MealTicket","Fusion Hammer","Matryoshka","Sozu","Gambling Chip","Damaru","Question Card","Black Star","TheAbacus","Lantern","Calipers","Mummified Hand","infinitespire:Eraser","Old Coin","Yang","Gremlin Horn"],"acts_visited":["Exordium","TheCity","TheBeyond"],"potions_floor_usage":[11,27,46],"damage_taken":[{"damage":2,"enemies":"2 Louse","floor":1,"turns":2},{"damage":7,"enemies":"Jaw Worm","floor":2,"turns":5},{"damage":6,"enemies":"Gremlin Nob","floor":6,"turns":3},{"damage":7,"enemies":"Lagavulin","floor":8,"turns":3},{"damage":2,"enemies":"Small Slimes","floor":10,"turns":2},{"damage":19,"enemies":"3 Sentries","floor":11,"turns":6},{"damage":0,"enemies":"2 Fungi Beasts","floor":14,"turns":2},{"damage":8,"enemies":"The Guardian","floor":16,"turns":5},{"damage":11,"enemies":"2 Thieves","floor":18,"turns":3},{"damage":8,"enemies":"Chosen","floor":20,"turns":2},{"damage":20,"enemies":"Centurion and Healer","floor":22,"turns":2},{"damage":12,"enemies":"Snake Plant","floor":24,"turns":3},{"damage":22,"enemies":"Slavers","floor":25,"turns":3},{"damage":12,"enemies":"Cultist and Chosen","floor":27,"turns":2},{"damage":0,"enemies":"3 Cultists","floor":31,"turns":2},{"damage":17,"enemies":"Automaton","floor":33,"turns":4},{"damage":4,"enemies":"3 Darklings","floor":35,"turns":3},{"damage":0,"enemies":"Orb Walker","floor":37,"turns":2},{"damage":21,"enemies":"Nemesis","floor":40,"turns":3},{"damage":42,"enemies":"Reptomancer","floor":42,"turns":4},{"damage":0,"enemies":"Maw","floor":45,"turns":3},{"damage":0,"enemies":"Spire Growth","floor":46,"turns":3},{"damage":16,"enemies":"Writhing Mass","floor":48,"turns":4},{"damage":8,"enemies":"Donu and Deca","floor":50,"turns":4}],"seed_played":"-1508738054214540093","potions_obtained":[{"floor":1,"key":"Swift Potion"},{"floor":2,"key":"AttackPotion"},{"floor":16,"key":"BottledMiracle"},{"floor":18,"key":"SpeedPotion"}],"is_trial":false,"path_per_floor":["M","M","?","?","$","E","R","E","T","M","E","$","R","M","R","B",null,"M","?","M","AVR","M","R","M","E","T","M","R","?","R","M","R","B",null,"M","?","M","?","$","E","AVR","E","T","?","M","M","R","M","R","B",null],"character_chosen":"WATCHER","items_purchased":["Adaptation","PathToVictory","MealTicket","TheAbacus","MentalFortress"],"campfire_rested":7,"item_purchase_floors":[5,5,12,39,39],"current_hp_per_floor":[70,63,63,63,63,57,57,50,50,48,29,29,29,29,50,42,65,54,54,46,46,26,47,35,13,13,1,22,22,43,43,64,47,66,62,62,62,62,72,51,51,9,9,9,9,9,30,14,35,27],"gold":782,"neow_bonus":"HUNDRED_GOLD","is_daily":false,"chose_seed":false,"campfire_upgraded":2,"win_rate":0.0,"timestamp":1609937696,"path_taken":["M","M","?","?","$","E","R","E","T","M","E","?","R","M","R","BOSS","M","?","M","AVR","M","R","M","E","T","M","R","?","R","M","R","BOSS","M","?","M","?","$","E","AVR","E","T","?","M","M","R","M","R","BOSS"],"items_purchased_type":["Card","Card","Relic","Relic","Card"],"build_version":"2020-12-22","purchased_purges":11,"victory":true,"max_hp_per_floor":[72,72,72,72,72,72,72,72,72,72,72,72,72,72,72,72,72,72,72,72,72,72,72,72,72,72,72,72,72,72,72,72,72,72,72,72,72,72,72,72,72,72,72,72,72,72,72,72,72,72],"card_choices":[{"not_picked":["Perseverance","FlyingSleeves"],"picked":"EmptyBody","floor":1},{"not_picked":["BowlingBash","Conclude"],"picked":"EmptyFist","floor":2},{"not_picked":["infinitespire:Fortify","infinitespire:Collect"],"picked":"infinitespire:Gouge","floor":3},{"not_picked":["Consecrate","FollowUp"],"picked":"FlurryOfBlows","floor":6},{"not_picked":["Protect","WindmillStrike","FlyingSleeves"],"picked":"SKIP","floor":8},{"not_picked":["Fasting2","SignatureMove"],"picked":"Adaptation","floor":10},{"not_picked":["Evaluate","BattleHymn","ReachHeaven+1"],"picked":"SKIP","floor":11},{"not_picked":["ClearTheMind","ThirdEye","Worship"],"picked":"SKIP","floor":14},{"not_picked":["Establishment","Blasphemy"],"picked":"LessonLearned+1","floor":16},{"not_picked":["FlyingSleeves+1","PathToVictory"],"picked":"FlurryOfBlows+1","floor":18},{"not_picked":["Evaluate+1","EmptyMind+1","EmptyBody"],"picked":"SKIP","floor":20},{"not_picked":["Crescendo","Evaluate","JustLucky+1"],"picked":"SKIP","floor":22},{"not_picked":["EmptyFist+1","ClearTheMind+1"],"picked":"MasterReality","floor":24},{"not_picked":["FollowUp+1","Crescendo","JustLucky+1"],"picked":"SKIP","floor":25},{"not_picked":["ClearTheMind","BowlingBash+1","Evaluate","FollowUp+1"],"picked":"SKIP","floor":27},{"not_picked":["FollowUp+1","CarveReality+1","Indignation","EmptyFist+1"],"picked":"SKIP","floor":31},{"not_picked":["Halt+1","Pray+1","Protect+1","Consecrate+1"],"picked":"SKIP","floor":35},{"not_picked":["EmptyBody+1","CutThroughFate+1","Consecrate+1"],"picked":"MentalFortress","floor":37},{"not_picked":["Jack Of All Trades","Impatience","Secret Technique"],"picked":"Mayhem","floor":38},{"not_picked":["CarveReality+1","Nirvana+1","Prostrate+1","ClearTheMind"],"picked":"SKIP","floor":40},{"not_picked":["Tantrum+1","Wireheading+1","Establishment","Consecrate+1"],"picked":"SKIP","floor":42},{"not_picked":["Blasphemy","Halt","Evaluate+1","ClearTheMind+1"],"picked":"SKIP","floor":45},{"not_picked":["FearNoEvil+1","Nirvana","Crescendo+1","WheelKick+1"],"picked":"SKIP","floor":46},{"not_picked":["SignatureMove+1","ReachHeaven+1","Brilliance+1","EmptyFist+1"],"picked":"SKIP","floor":48}],"player_experience":559750,"relics_obtained":[{"floor":6,"key":"Sundial"},{"floor":8,"key":"infinitespire:Joker Card"},{"floor":9,"key":"Omamori"},{"floor":11,"key":"Molten Egg 2"},{"floor":25,"key":"Gambling Chip"},{"floor":26,"key":"Damaru"},{"floor":26,"key":"Question Card"},{"floor":40,"key":"Lantern"},{"floor":40,"key":"Calipers"},{"floor":42,"key":"infinitespire:Eraser"},{"floor":42,"key":"Old Coin"},{"floor":43,"key":"Yang"},{"floor":43,"key":"Gremlin Horn"}],"event_choices":[{"damage_healed":0,"gold_gain":175,"player_choice":"AGREE","damage_taken":0,"max_hp_gain":0,"max_hp_loss":0,"event_name":"Liars Game","floor":4,"gold_loss":0,"cards_obtained":["Doubt"]},{"damage_healed":0,"gold_gain":0,"player_choice":"Ignored","damage_taken":0,"max_hp_gain":0,"max_hp_loss":0,"event_name":"Ghosts","floor":19,"gold_loss":0},{"damage_healed":0,"gold_gain":0,"player_choice":"Upgraded","damage_taken":0,"max_hp_gain":0,"max_hp_loss":0,"event_name":"Upgrade Shrine","floor":29,"gold_loss":0,"cards_upgraded":["MasterReality"]},{"cards_removed":["PathToVictory"],"damage_healed":0,"gold_gain":0,"player_choice":"Removed Skill","damage_taken":0,"max_hp_gain":0,"max_hp_loss":0,"event_name":"Falling","floor":36,"gold_loss":0},{"damage_healed":0,"gold_gain":0,"player_choice":"Memory 1","damage_taken":0,"max_hp_gain":0,"max_hp_loss":0,"event_name":"SensoryStone","floor":38,"gold_loss":0},{"damage_healed":0,"gold_gain":0,"player_choice":"Ignored","damage_taken":0,"max_hp_gain":0,"max_hp_loss":0,"event_name":"Mysterious Sphere","floor":44,"gold_loss":0}],"is_beta":false,"boss_relics":[{"not_picked":["Astrolabe","SlaversCollar"],"picked":"Fusion Hammer"},{"not_picked":["HolyWater","Runic Dome"],"picked":"Black Star"}],"items_purged_floors":[5,5,5,5,5,5,5,5,5,5,5],"is_endless":false,"potions_floor_spawned":[1,2,16,18,25,33,40,45,46,48],"ascension_level":5}}