{"host":"qswkx8hggytna0kc","time":1609902009,"event":{"mods":["Aspiration","BaseMod","BetterRewards","Colored Map","Colored Powertips","Highlight Path","Hubris","Mimic Mod","Minty Spire (QoL Compilation)","Quick Restart","Replay The Spire","StSLib","SuperFastMode"],"gold_per_floor":[114,124,139,178,178,203,242,242,283,283,302,346,367,384,384,496,496,523,542,556,565,594,633,656,710,765,802,833,858,889,930,942,1053,1065,1092,1124,1151,1184,1214,1265,1302,1314,1326,1366,1398,1445,1484,1518,1530,1542],"floor_reached":51,"playtime":3033,"items_purged":[],"score":1590,"play_id":"994676f1-f805-4dc1-b8b8-ac084a02c065","local_time":"20210106110009","is_ascension_mode":true,"campfire_choices":[{"data":"Cloak And Dagger","floor":10.0,"key":"SMITH"},{"floor":15.0,"key":"REST"},{"data":"Phantasmal Killer","floor":32.0,"key":"SMITH"},{"data":"Prepared","floor":42.0,"key":"SMITH"},{"data":"Acrobatics","floor":49,"key":"SMITH"}],"circlet_count":0,"master_deck":["Strike_G","Strike_G","Strike_G","Defend_G","Defend_G","Defend_G","Defend_G","Defend_G","Survivor","Neutralize","hubris:Sniper","Acrobatics","Cloak And Dagger+1","Well Laid Plans+1","Prepared+1","Expertise","Masterful Stab","Backstab","Hidden Blade","Phantasmal Killer+1","Acrobatics","Acrobatics+1","ReplayTheSpireMod:Scrap Shanks","Escape Plan","Underhanded Strike","Cloak And Dagger+1","Tactician+1","Masterful Stab","Unload","Bullet Time","Blade Dance+1","Acrobatics","Prepared+1","Backstab+1","Prepared+1","Underhanded Strike+1","Prepared+1","Expertise"],"relics":["Ring of the Snake","CeramicFish","hubris:CrystalStatue","Omamori","Smiling Mask","Replay:Baseball","Turnip","Replay:Grab Bag","Philosopher\u0027s Stone","ChewingGum","WristBlade","MawBank","Thread and Needle","Bottled Lightning","Replay:Bronze Core","Replay:Mystery Machine","ReplayTheSpireMod:Shallot","hubris:Potato"],"acts_visited":["Exordium","TheCity","TheBeyond"],"potions_floor_usage":[46,48],"damage_taken":[{"damage":4.0,"enemies":"Cultist","floor":1.0,"turns":5.0},{"damage":1.0,"enemies":"Jaw Worm","floor":2.0,"turns":6.0},{"damage":1.0,"enemies":"Small Slimes","floor":3.0,"turns":4.0},{"damage":8.0,"enemies":"Blue Slaver","floor":4.0,"turns":10.0},{"damage":24.0,"enemies":"Lagavulin","floor":6.0,"turns":13.0},{"damage":0.0,"enemies":"Blue Slaver","floor":7.0,"turns":6.0},{"damage":0.0,"enemies":"Blue Slaver","floor":9.0,"turns":7.0},{"damage":0.0,"enemies":"Blue Slaver","floor":11.0,"turns":4.0},{"damage":0.0,"enemies":"Replay:BlueRogue","floor":12.0,"turns":6.0},{"damage":0.0,"enemies":"Exordium Wildlife","floor":13.0,"turns":4.0},{"damage":0.0,"enemies":"Large Slime","floor":14.0,"turns":3.0},{"damage":12.0,"enemies":"The Guardian","floor":16.0,"turns":10.0},{"damage":0.0,"enemies":"3 Byrds","floor":18.0,"turns":4.0},{"damage":0.0,"enemies":"Shell Parasite","floor":19.0,"turns":2.0},{"damage":0.0,"enemies":"Cultist and Chosen","floor":20.0,"turns":4.0},{"damage":0.0,"enemies":"3 Cultists","floor":22.0,"turns":4.0},{"damage":0.0,"enemies":"Slavers","floor":23.0,"turns":4.0},{"damage":0.0,"enemies":"Centurion and Healer","floor":24.0,"turns":3.0},{"damage":0.0,"enemies":"Gremlin Leader","floor":25.0,"turns":4.0},{"damage":0.0,"enemies":"Cultist and Chosen","floor":26.0,"turns":3.0},{"damage":0.0,"enemies":"Cultist and Chosen","floor":27.0,"turns":3.0},{"damage":0.0,"enemies":"3 Cultists","floor":28.0,"turns":2.0},{"damage":0.0,"enemies":"Snecko","floor":29.0,"turns":2.0},{"damage":0.0,"enemies":"Cultist and Chosen","floor":30.0,"turns":3.0},{"damage":0.0,"enemies":"Shelled Parasite and Fungi","floor":31.0,"turns":3.0},{"damage":4.0,"enemies":"Pondfish","floor":33.0,"turns":5.0},{"damage":0.0,"enemies":"Orb Walker","floor":35.0,"turns":2.0},{"damage":0.0,"enemies":"3 Shapes","floor":36.0,"turns":2.0},{"damage":0.0,"enemies":"Sphere and 2 Shapes","floor":37.0,"turns":2.0},{"damage":0.0,"enemies":"4 Shapes","floor":38.0,"turns":3.0},{"damage":0.0,"enemies":"Writhing Mass","floor":39.0,"turns":5.0},{"damage":0.0,"enemies":"Reptomancer","floor":40.0,"turns":3.0},{"damage":0.0,"enemies":"Transient","floor":41.0,"turns":5.0},{"damage":0.0,"enemies":"Spire Growth","floor":44.0,"turns":2.0},{"damage":0.0,"enemies":"3 Darklings","floor":45.0,"turns":3.0},{"damage":0,"enemies":"Nemesis","floor":46,"turns":3},{"damage":0,"enemies":"4 Shapes","floor":47,"turns":2},{"damage":1,"enemies":"Jaw Worm Horde","floor":48,"turns":2},{"damage":0,"enemies":"hubris:GrandSnecko","floor":50,"turns":4}],"seed_played":"-3652192957985520600","potions_obtained":[{"floor":1.0,"key":"DuplicationPotion"},{"floor":2.0,"key":"BlessingOfTheForge"},{"floor":12.0,"key":"Venom Potion"},{"floor":14.0,"key":"DistilledChaos"},{"floor":36.0,"key":"Milkshake"},{"floor":46,"key":"Adrenaline Potion"},{"floor":48,"key":"SteroidPotion"}],"is_trial":false,"path_per_floor":["M","M","M","MIM","?","E","MIM","?","MIM","R","M","E","M","M","R","B",null,"M","M","M","?","M","E","M","E","MIM","M","M","M","M","M","R","B",null,"M","M","M","M","M","E","M","R","T","M","M","E","M","M","R_BF","B",null],"character_chosen":"THE_SILENT","items_purchased":[],"campfire_rested":1,"item_purchase_floors":[],"current_hp_per_floor":[59,58,57,49,49,25,25,25,25,25,25,25,25,25,43,31,55,55,55,55,55,55,55,55,55,55,55,55,55,55,55,55,51,60,60,60,60,60,60,60,60,60,60,60,60,60,60,59,59,59],"gold":1554,"neow_bonus":"REMOVE_TWO","is_daily":false,"chose_seed":false,"campfire_upgraded":4,"win_rate":0.0,"timestamp":1609902009,"path_taken":["M","M","M","?","?","E","?","?","MIM","R","M","E","M","?","R","BOSS","M","M","M","?","M","E","M","E","MIM","M","M","M","M","M","R","BOSS","M","M","M","M","M","E","M","R","T","M","M","E","M","M","R_BF","BOSS"],"items_purchased_type":[],"build_version":"2020-12-22","purchased_purges":0,"victory":true,"max_hp_per_floor":[63,63,63,63,63,63,63,63,63,63,63,63,63,63,63,63,63,63,63,63,63,63,63,63,63,63,63,63,63,63,63,63,63,63,63,63,63,63,63,63,63,63,63,63,63,63,63,63,63,63],"card_choices":[{"not_picked":["Blur","Poisoned Stab"],"picked":"hubris:Sniper","floor":1.0},{"not_picked":["Prepared","PiercingWail"],"picked":"Acrobatics","floor":2.0},{"not_picked":["Blade Dance","Deflect"],"picked":"Cloak And Dagger","floor":3.0},{"not_picked":["Atom Bomb","Skewer"],"picked":"Well Laid Plans","floor":4.0},{"not_picked":["Dodge and Roll","Bane","hubris:Counter"],"picked":"SKIP","floor":6.0},{"not_picked":["hubris:SlightOfHand","Dagger Spray"],"picked":"Prepared","floor":7.0},{"not_picked":["Dash","Outmaneuver"],"picked":"Expertise","floor":9.0},{"not_picked":["Blur","Fluid Movement"],"picked":"Masterful Stab","floor":11.0},{"not_picked":["Slice","Quick Slash"],"picked":"Backstab","floor":12.0},{"not_picked":["Prepared","Riddle With Holes"],"picked":"Hidden Blade","floor":13.0},{"not_picked":["Skewer","Dagger Throw","Poisoned Stab"],"picked":"SKIP","floor":14.0},{"not_picked":["ReplayTheSpireMod:Necrosis","Unload"],"picked":"Phantasmal Killer","floor":16.0},{"not_picked":["Deflect","Backflip"],"picked":"Acrobatics","floor":18.0},{"not_picked":["Sucker Punch","Backflip"],"picked":"Acrobatics","floor":19.0},{"not_picked":["Bouncing Flask","Backflip","Dodge and Roll+1"],"picked":"SKIP","floor":20.0},{"not_picked":["Flying Knee","Skewer"],"picked":"Escape Plan","floor":22.0},{"not_picked":["hubris:Counter","Blade Dance"],"picked":"Underhanded Strike","floor":23.0},{"not_picked":["Outmaneuver","hubris:SlightOfHand","Backflip"],"picked":"SKIP","floor":24.0},{"not_picked":["Flying Knee","Bane"],"picked":"Cloak And Dagger+1","floor":25.0},{"not_picked":["Deadly Poison","hubris:SlightOfHand+1"],"picked":"Tactician+1","floor":26.0},{"not_picked":["Poisoned Stab","Terror+1"],"picked":"Masterful Stab","floor":27.0},{"not_picked":["Setup","Poisoned Stab+1"],"picked":"Unload","floor":28.0},{"not_picked":["Quick Slash","Footwork","hubris:SlightOfHand"],"picked":"SKIP","floor":29.0},{"not_picked":["Draining Mist","Deadly Poison+1"],"picked":"Bullet Time","floor":30.0},{"not_picked":["Acrobatics","All Out Attack"],"picked":"Blade Dance+1","floor":31.0},{"not_picked":["Deadly Poison","ReplayTheSpireMod:Tripwire","Sucker Punch+1"],"picked":"SKIP","floor":35.0},{"not_picked":["Dodge and Roll","hubris:SlightOfHand"],"picked":"Acrobatics","floor":36.0},{"not_picked":["Flying Knee+1","All Out Attack+1","ReplayTheSpireMod:Speed Training"],"picked":"SKIP","floor":37.0},{"not_picked":["hubris:SlightOfHand+1","hubris:Counter"],"picked":"Prepared+1","floor":38.0},{"not_picked":["Setup","Dagger Throw","hubris:SlightOfHand"],"picked":"SKIP","floor":39.0},{"not_picked":["Dagger Spray+1","Dagger Throw+1"],"picked":"Backstab+1","floor":40.0},{"not_picked":["Riddle With Holes+1","Crippling Poison"],"picked":"Prepared+1","floor":41.0},{"not_picked":["Deadly Poison","Quick Slash+1"],"picked":"Underhanded Strike+1","floor":44.0},{"not_picked":["Bane+1","Poisoned Stab+1","Dodge and Roll+1"],"picked":"SKIP","floor":45.0},{"not_picked":["Flying Knee","After Image","All Out Attack"],"picked":"SKIP","floor":46},{"not_picked":["Toxin Wave+1","Backflip+1"],"picked":"Prepared+1","floor":47},{"not_picked":["Bane","Sneak Up+1"],"picked":"Expertise","floor":48}],"player_experience":242852,"relics_obtained":[{"floor":4.0,"key":"CeramicFish"},{"floor":6.0,"key":"hubris:CrystalStatue"},{"floor":7.0,"key":"Omamori"},{"floor":9.0,"key":"Replay:Baseball"},{"floor":12.0,"key":"Turnip"},{"floor":23.0,"key":"MawBank"},{"floor":25.0,"key":"Thread and Needle"},{"floor":26.0,"key":"Bottled Lightning"},{"floor":40.0,"key":"Replay:Mystery Machine"},{"floor":43.0,"key":"ReplayTheSpireMod:Shallot"},{"floor":46,"key":"hubris:Potato"}],"event_choices":[{"damage_healed":0.0,"max_hp_gain":0.0,"max_hp_loss":0.0,"gold_gain":0.0,"event_name":"Big Fish","player_choice":"Box","floor":8.0,"gold_loss":0.0,"damage_taken":0.0,"relics_obtained":["Smiling Mask"],"cards_obtained":["Regret"]},{"damage_healed":0.0,"max_hp_gain":0.0,"max_hp_loss":0.0,"gold_gain":0.0,"event_name":"The Library","player_choice":"Read","floor":21.0,"gold_loss":0.0,"damage_taken":0.0,"cards_obtained":["ReplayTheSpireMod:Scrap Shanks"]}],"is_beta":false,"boss_relics":[{"not_picked":["Ring of Chaos","hubris:ScarierMask"],"picked":"Replay:Grab Bag"},{"not_picked":["Fusion Hammer","Busted Crown"],"picked":"Philosopher\u0027s Stone"},{"not_picked":["Sozu","Runic Dome"],"picked":"ChewingGum"},{"not_picked":["hubris:BlackHole","Black Star"],"picked":"WristBlade"},{"not_picked":["aspiration:WatcherSkillbook","aspiration:RandomNobGenerator"],"picked":"Replay:Bronze Core"}],"items_purged_floors":[],"is_endless":false,"potions_floor_spawned":[1,2,12,14,16,19,22,24,27,28,29,36,39,40,44,46,48],"ascension_level":6}}