{"host":"a2lvm7nbw6nkrc91","time":1609906159,"event":{"mods":["BaseMod","Friendly Minions","Hermit","Kiyohime£¨?ýï£©","Koishi","Lobotomy","Minty Spire (QoL Compilation)","Prisma Mod","Replay The Spire","StSLib","The Bug Knight"],"gold_per_floor":[117,135,152,163,174,174,206,206,206,23,40,55,20,39,39,141,191,209,209,209,209],"floor_reached":20,"playtime":4902,"items_purged":["Strike_R"],"score":203,"play_id":"0c50c944-4e03-42f9-a09d-1533f43c87b3","local_time":"20210106130919","is_ascension_mode":false,"campfire_choices":[{"data":"ReplayTheSpireMod:Strike From Hell","floor":6.0,"key":"SMITH"},{"data":"ReplayTheSpireMod:Limb From Limb","floor":8.0,"key":"SMITH"},{"floor":15,"key":"REST"}],"circlet_count":0,"master_deck":["Strike_R","Strike_R","Strike_R","Strike_R","Defend_R","Defend_R","Defend_R","Defend_R","Bash","CrumblingArmor","OldLady","Cleave","DespairKnight","Metallicize","FieryBird","Replay:Undeath\u0027s Touch","Bloodbath","ReplayTheSpireMod:Strike From Hell+1","WhitesApple","ReplayTheSpireMod:Limb From Limb+1","Fire Breathing+1","Shrug It Off","Parasite","WallGazer","Armaments+1","Scorched","Seeing Red","Parasite","Wellcheers","Parasite","UniverseFragment","Impervious","Shrug It Off","MeatLantern","Wild Strike"],"relics":["Burning Blood","CogitoBucket","RabbitCall","Oddly Smooth Stone","Mummified Hand","ResearcherNote","Tiny House","Enchiridion"],"acts_visited":["Exordium","TheCity"],"potions_floor_usage":[14,16,20,20],"damage_taken":[{"damage":1.0,"enemies":"Cultist","floor":1.0,"turns":4.0},{"damage":6.0,"enemies":"2 Louse","floor":2.0,"turns":2.0},{"damage":0.0,"enemies":"Small Slimes","floor":3.0,"turns":3.0},{"damage":12.0,"enemies":"Blue Slaver","floor":4.0,"turns":3.0},{"damage":15.0,"enemies":"Red Slaver","floor":5.0,"turns":3.0},{"damage":35.0,"enemies":"3 Sentries","floor":7.0,"turns":5.0},{"damage":14.0,"enemies":"3 Louse","floor":11.0,"turns":4.0},{"damage":2.0,"enemies":"Looter","floor":12.0,"turns":4.0},{"damage":50,"enemies":"Exordium Thugs","floor":14,"turns":5},{"damage":32,"enemies":"Slime Boss","floor":16,"turns":7},{"damage":43,"enemies":"Shell Parasite","floor":18,"turns":7},{"damage":35,"enemies":"Chosen","floor":20,"turns":1}],"seed_played":"-8044082552698615216","potions_obtained":[{"floor":1.0,"key":"SteroidPotion"},{"floor":3.0,"key":"PowerPotion"},{"floor":11.0,"key":"Fire Potion"},{"floor":14,"key":"LiquidMemories"},{"floor":16,"key":"Strength Potion"},{"floor":17,"key":"Toxic Potion"}],"is_trial":false,"path_per_floor":["M","M","M","M","M","R","E","R","T","$","M","M","?","M","R","B",null,"M","?","M"],"character_chosen":"IRONCLAD","items_purchased":["Fire Breathing+1","Shrug It Off"],"campfire_rested":1,"item_purchase_floors":[10,10],"current_hp_per_floor":[80,80,80,74,65,65,36,36,36,36,28,32,52,9,33,7,85,48,32,0,0],"gold":209,"neow_bonus":"","is_daily":false,"chose_seed":false,"campfire_upgraded":2,"win_rate":0.0,"timestamp":1609906159,"path_taken":["M","?","M","M","M","R","E","R","T","$","M","M","?","M","R","BOSS","M","?","M"],"items_purchased_type":["Card","Card"],"build_version":"2020-12-22","purchased_purges":1,"victory":false,"max_hp_per_floor":[80,80,80,80,80,80,80,80,80,80,80,80,80,80,80,80,85,85,85,85,85],"card_choices":[{"not_picked":["SpiderBud","Bloodbath"],"picked":"CrumblingArmor","floor":1.0},{"not_picked":["Havoc","Clash","Perfected Strike"],"picked":"SKIP","floor":1.0},{"not_picked":["Murderer","CherryBlossoms"],"picked":"OldLady","floor":2.0},{"not_picked":["Searing Blow","Perfected Strike"],"picked":"Cleave","floor":2.0},{"not_picked":["BeautyBeast","Variant","OSAHOGD"],"picked":"Singing Bowl","floor":3.0},{"not_picked":["Murderer","BeautyBeast"],"picked":"DespairKnight","floor":3.0},{"not_picked":["Warcry","Cleave"],"picked":"Metallicize","floor":3.0},{"not_picked":["BeautyBeast","FairyFestival"],"picked":"FieryBird","floor":4.0},{"not_picked":["Havoc","Headbutt"],"picked":"Replay:Undeath\u0027s Touch","floor":4.0},{"not_picked":["Mercenary","MHz"],"picked":"Bloodbath","floor":5.0},{"not_picked":["Warcry","ReplayTheSpireMod:Stacked"],"picked":"ReplayTheSpireMod:Strike From Hell","floor":5.0},{"not_picked":["CherryBlossoms","DreamingCurrent"],"picked":"WhitesApple","floor":7.0},{"not_picked":["Pommel Strike","Entrench"],"picked":"ReplayTheSpireMod:Limb From Limb","floor":7.0},{"not_picked":["CherryBlossoms","PunishingBird"],"picked":"WallGazer","floor":11.0},{"not_picked":["Wild Strike","Iron Wave"],"picked":"Armaments","floor":11.0},{"not_picked":["UniverseFragment","GalaxyChild"],"picked":"Scorched","floor":12.0},{"not_picked":["Anger","Warcry"],"picked":"Seeing Red","floor":12.0},{"not_picked":["SingingMachine","SpiderBud"],"picked":"Wellcheers","floor":14},{"not_picked":["Rage","Perfected Strike","Twin Strike"],"picked":"SKIP","floor":14},{"not_picked":["ShyLook","BeautyBeast"],"picked":"UniverseFragment","floor":16},{"not_picked":["Brutality","Barricade"],"picked":"Impervious","floor":16},{"not_picked":["Replay:Undeath\u0027s Touch","Perfected Strike"],"picked":"Shrug It Off","floor":17},{"not_picked":["ShyLook","Laetitia"],"picked":"MeatLantern","floor":18},{"not_picked":["Combust","Armaments"],"picked":"Wild Strike","floor":18}],"player_experience":518059,"relics_obtained":[{"floor":7.0,"key":"Oddly Smooth Stone"},{"floor":9.0,"key":"Mummified Hand"},{"floor":19,"key":"Enchiridion"}],"event_choices":[{"damage_healed":20.0,"max_hp_gain":0.0,"max_hp_loss":0.0,"gold_gain":0.0,"event_name":"The Cleric","player_choice":"Healed","floor":13.0,"gold_loss":35.0,"damage_taken":0.0},{"damage_healed":0,"gold_gain":0,"player_choice":"Obtained Book","damage_taken":16,"max_hp_gain":0,"max_hp_loss":0,"event_name":"Cursed Tome","floor":19,"gold_loss":0}],"is_beta":false,"boss_relics":[{"not_picked":["ReplayTheSpireMod:DimensionalGlitch","Coffee Dripper"],"picked":"Tiny House"}],"items_purged_floors":[10],"is_endless":false,"potions_floor_spawned":[1,3,11,14,16],"killed_by":"Chosen","ascension_level":0}}