{"host":"sz8c8ni79nvzjmmg","time":1609903412,"event":{"mods":["AchievementEnabler","BaseMod","DeckTracker","Keyboard Shortcuts","Minty Spire (QoL Compilation)","SuperFastMode"],"gold_per_floor":[109,122,140,151,151,151,179,179,179,179,210,135,135,168,168,246,246,261,261,280,299,79,79,79,110,137,137,137],"floor_reached":27,"playtime":801,"items_purged":["Strike_G","Strike_G"],"score":498,"play_id":"70a774b4-74d4-47eb-8611-d6a3eb5270c1","local_time":"20210106122332","is_ascension_mode":true,"campfire_choices":[{"floor":6.0,"key":"REST"},{"data":"Crippling Poison","floor":8.0,"key":"SMITH"},{"floor":10.0,"key":"REST"},{"data":"Terror","floor":13.0,"key":"SMITH"},{"data":"Bouncing Flask","floor":15.0,"key":"SMITH"},{"floor":23,"key":"REST"},{"data":"Accuracy","floor":24,"key":"SMITH"}],"circlet_count":0,"master_deck":["AscendersBane","Strike_G","Defend_G","Defend_G+1","Defend_G","Defend_G","Defend_G","Survivor","Neutralize","Crippling Poison+1","Dagger Throw","Terror+1","Backflip+1","Blade Dance","Poisoned Stab+1","Bouncing Flask+1","Burst","Prepared","Accuracy+1","Tactician","Escape Plan"],"relics":["Ring of the Snake","PreservedInsect","Molten Egg 2","WingedGreaves","Strawberry","Black Star","Sundial","The Specimen","Smiling Mask"],"acts_visited":["Exordium","TheCity"],"potions_floor_usage":[25],"damage_taken":[{"damage":8.0,"enemies":"Jaw Worm","floor":1.0,"turns":6.0},{"damage":0.0,"enemies":"2 Louse","floor":2.0,"turns":2.0},{"damage":3.0,"enemies":"Cultist","floor":3.0,"turns":5.0},{"damage":6.0,"enemies":"Red Slaver","floor":4.0,"turns":5.0},{"damage":16.0,"enemies":"3 Sentries","floor":7.0,"turns":8.0},{"damage":2.0,"enemies":"Gremlin Nob","floor":11.0,"turns":3.0},{"damage":2.0,"enemies":"Lagavulin","floor":14.0,"turns":5.0},{"damage":14.0,"enemies":"The Guardian","floor":16.0,"turns":8.0},{"damage":8.0,"enemies":"Chosen","floor":18.0,"turns":4.0},{"damage":0,"enemies":"3 Byrds","floor":20,"turns":2},{"damage":34,"enemies":"Shelled Parasite and Fungi","floor":21,"turns":6},{"damage":40,"enemies":"Slavers","floor":25,"turns":5},{"damage":4,"enemies":"Gremlin Leader","floor":27,"turns":3}],"seed_played":"-5298167537653855887","potions_obtained":[{"floor":2.0,"key":"AttackPotion"},{"floor":3.0,"key":"AttackPotion"},{"floor":7.0,"key":"LiquidBronze"}],"is_trial":false,"path_per_floor":["M","M","M","M","?","R","E","R","T","R","E","$","R","E","R","B",null,"M","?","M","M","$","R","R","E","T","E"],"character_chosen":"THE_SILENT","items_purchased":["Accuracy","Tactician"],"campfire_rested":3,"item_purchase_floors":[22,22],"current_hp_per_floor":[51,51,48,42,22,41,25,25,25,44,42,42,42,47,47,33,63,55,55,55,21,21,42,42,2,2,0,0],"gold":137,"neow_bonus":"TRANSFORM_CARD","is_daily":false,"chose_seed":false,"campfire_upgraded":4,"win_rate":0.0,"timestamp":1609903412,"path_taken":["M","M","M","M","?","R","E","R","T","R","E","$","R","E","R","BOSS","M","?","M","?","$","R","R","E","T","E"],"items_purchased_type":["Card","Card"],"build_version":"2020-12-22","purchased_purges":2,"victory":false,"max_hp_per_floor":[66,66,66,66,66,66,66,66,66,66,66,66,66,73,73,73,73,73,73,73,73,73,73,73,73,73,73,73],"card_choices":[{"not_picked":["Prepared","Dodge and Roll"],"picked":"Dagger Throw","floor":1.0},{"not_picked":["Flying Knee","Outmaneuver","Expertise"],"picked":"SKIP","floor":2.0},{"not_picked":["Endless Agony","Cloak And Dagger"],"picked":"Terror","floor":3.0},{"not_picked":["Sucker Punch","Flechettes"],"picked":"Backflip","floor":4.0},{"not_picked":["Endless Agony","Caltrops"],"picked":"Blade Dance","floor":7.0},{"not_picked":["Leg Sweep","Slice+1"],"picked":"Poisoned Stab+1","floor":11.0},{"not_picked":["Malaise","Escape Plan"],"picked":"Bouncing Flask","floor":14.0},{"not_picked":["Glass Knife+1","Storm of Steel"],"picked":"Burst","floor":16.0},{"not_picked":["Dagger Throw+1","Backflip","Bane+1"],"picked":"SKIP","floor":18.0},{"not_picked":["Dagger Throw+1","Quick Slash+1"],"picked":"Prepared","floor":20},{"not_picked":["Blade Dance","Backflip","Flying Knee+1"],"picked":"SKIP","floor":21},{"not_picked":["Accuracy","Choke+1"],"picked":"Escape Plan","floor":25}],"player_experience":1227151,"relics_obtained":[{"floor":7.0,"key":"PreservedInsect"},{"floor":9.0,"key":"Molten Egg 2"},{"floor":11.0,"key":"WingedGreaves"},{"floor":14.0,"key":"Strawberry"},{"floor":25,"key":"Sundial"},{"floor":25,"key":"The Specimen"},{"floor":26,"key":"Smiling Mask"}],"event_choices":[{"damage_healed":0.0,"max_hp_gain":0.0,"max_hp_loss":0.0,"gold_gain":0.0,"event_name":"Shining Light","player_choice":"Entered Light","floor":5.0,"gold_loss":0.0,"damage_taken":20.0,"cards_upgraded":["Backflip","Defend_G"]},{"cards_removed":["Strike_G"],"damage_healed":0.0,"max_hp_gain":0.0,"max_hp_loss":0.0,"gold_gain":0.0,"event_name":"Bonfire Elementals","player_choice":"Offered Basic","floor":19.0,"gold_loss":0.0,"damage_taken":0.0}],"is_beta":false,"boss_relics":[{"not_picked":["SacredBark","Fusion Hammer"],"picked":"Black Star"}],"items_purged_floors":[12,22],"is_endless":false,"potions_floor_spawned":[2,3,4,7],"killed_by":"Gremlin Leader","ascension_level":20}}