{"host":"d61fcf2p3sjwe6yo","time":1609952708,"event":{"mods":["AchievementEnabler","BaseMod","Colored Map","Downfall","Minty Spire (QoL Compilation)","StSLib","SuperFastMode"],"gold_per_floor":[99,116,128,128,138,188,212,240,240,240,165,27,39,139,151,248,248,173,192,202,202,372,372,372,407,407,447,473,398,425,425,445,559,559,559,587,607,607,657,693,693,729,729,738,758,788,811,512,532,532,532,562,40,40,40],"floor_reached":56,"playtime":3301,"items_purged":["Regret"],"score":1909,"play_id":"da7b63c7-d34e-4ead-bcef-784e3ab61a19","local_time":"20210106200507","is_ascension_mode":true,"campfire_choices":[{"data":"Slimebound:Split","floor":1,"key":"SMITH"},{"floor":11,"key":"RECALL"},{"data":"Slimebound:SamplingLick","floor":18,"key":"SMITH"},{"data":"Slimebound:Replication","floor":23,"key":"SMITH"},{"data":"Slimebound:SelfFormingGoo","floor":29,"key":"SMITH"},{"data":"Slimebound:SelfFormingGoo","floor":35,"key":"SMITH"},{"data":"Slimebound:SelfFormingGoo","floor":43,"key":"SMITH"},{"data":"Slimebound:TongueLash","floor":54,"key":"SMITH"}],"circlet_count":0,"master_deck":["Slimebound:Strike_Slimebound","Slimebound:Tackle+1","Slimebound:Defend_Slimebound","Slimebound:Defend_Slimebound+1","Slimebound:Defend_Slimebound","Slimebound:Defend_Slimebound","Slimebound:Split+1","Slimebound:CorrosiveSpit+1","Slimebound:SlimeTap","Slimebound:SplitLeeching","Slimebound:SplitLeeching","Slimebound:SamplingLick+1","Slimebound:Schlurp+1","Slimebound:SelfFormingGoo+1","Slimebound:SplitMire","Slimebound:DuplicatedForm","Slimebound:SplitAcid","Slimebound:SplitLeeching","Slimebound:HungryTackle","Slimebound:SelfFormingGoo+1","Slimebound:SlimeTap+1","Slimebound:Replication+1","Slimebound:MassRepurpose","Slimebound:Darklings","Slimebound:SamplingLick","Slimebound:SplitLeeching","Slimebound:SamplingLick+1","Slimebound:SelfFormingGoo+1","Slimebound:LeadByExample+1","Slimebound:HauntingLick","Slimebound:SplitLeeching+1","Slimebound:SplitMire+1","expansioncontent:DefensiveMode","Slimebound:SplitMire+1","Slimebound:SplitAcid+1","Slimebound:TongueLash+1"],"relics":["Slimebound:AbsorbEndCombat","Dead Branch","Oddly Smooth Stone","MealTicket","sneckomod:BlankCard","Bag of Preparation","downfall:HeartBlessingGreen","Runic Dome","downfall:HeartBlessingRed","Orrery","Centennial Puzzle","CeramicFish","downfall:HeartBlessingBlue","PreservedInsect","Black Star","Prayer Wheel","White Beast Statue","Juzu Bracelet","Pantograph","InkBottle","Mercury Hourglass","Guardian:BottledAnomaly","Strawberry","Kunai","Letter Opener","Akabeko","Art of War","Lee\u0027s Waffle"],"acts_visited":["Exordium","TheCity","TheBeyond","TheEnding"],"potions_floor_usage":[16,55,55,55],"damage_taken":[{"damage":15,"enemies":"Small Slimes","floor":2,"turns":3},{"damage":10,"enemies":"Jaw Worm","floor":3,"turns":3},{"damage":17,"enemies":"2 Louse","floor":5,"turns":2},{"damage":59,"enemies":"3 Sentries","floor":8,"turns":6},{"damage":24,"enemies":"downfall:FleeingMerchant","floor":12,"turns":4},{"damage":12,"enemies":"Blue Slaver","floor":13,"turns":3},{"damage":28,"enemies":"downfall:Heads","floor":14,"turns":3},{"damage":19,"enemies":"Exordium Wildlife","floor":15,"turns":2},{"damage":44,"enemies":"downfall:Silent","floor":16,"turns":6},{"damage":53,"enemies":"Chosen","floor":19,"turns":3},{"damage":24,"enemies":"3 Byrds","floor":20,"turns":2},{"damage":62,"enemies":"downfall:FleeingMerchant","floor":22,"turns":4},{"damage":46,"enemies":"Gremlin Leader","floor":25,"turns":3},{"damage":57,"enemies":"Slavers","floor":27,"turns":2},{"damage":24,"enemies":"Shelled Parasite and Fungi","floor":28,"turns":1},{"damage":16,"enemies":"Snake Plant","floor":30,"turns":1},{"damage":27,"enemies":"Snecko","floor":32,"turns":3},{"damage":50,"enemies":"downfall:Ironclad","floor":33,"turns":6},{"damage":43,"enemies":"3 Darklings","floor":36,"turns":3},{"damage":39,"enemies":"3 Shapes","floor":37,"turns":2},{"damage":43,"enemies":"Mind Bloom Boss Battle","floor":39,"turns":4},{"damage":35,"enemies":"Nemesis","floor":40,"turns":3},{"damage":60,"enemies":"Maw","floor":42,"turns":4},{"damage":52,"enemies":"Sphere and 2 Shapes","floor":45,"turns":4},{"damage":52,"enemies":"Giant Head","floor":46,"turns":4},{"damage":20,"enemies":"3 Darklings","floor":47,"turns":2},{"damage":71,"enemies":"Spire Growth","floor":49,"turns":3},{"damage":63,"enemies":"downfall:Watcher","floor":50,"turns":3},{"damage":71,"enemies":"downfall:CharBossMerchant","floor":52,"turns":4},{"damage":87,"enemies":"downfall:NeowBoss","floor":55,"turns":10}],"seed_played":"-2723967779139579254","potions_obtained":[{"floor":2,"key":"EssenceOfSteel"},{"floor":8,"key":"SpeedPotion"},{"floor":15,"key":"SkillPotion"},{"floor":20,"key":"Explosive Potion"},{"floor":25,"key":"PowerPotion"},{"floor":36,"key":"Strength Potion"},{"floor":42,"key":"Dexterity Potion"},{"floor":45,"key":"Slimebound:SpawnSlimePotion"}],"is_trial":false,"path_per_floor":["R","M","M","?","M","T","T","E","?","T","R","$","M","?","M","B",null,"R","M","M","?","$","R","T","E","?","E","M","R","M","?","M","B",null,"R","M","M","?","?","E","T","M","R","?","M","E","M","$","M","B",null,"E","$","R","B",null],"character_chosen":"SLIMEBOUND","items_purchased":["Strength Potion","Orrery","Guardian:BottledAnomaly","Strawberry","Slimebound:TongueLash","Akabeko","Art of War","Lee\u0027s Waffle"],"campfire_rested":0,"item_purchase_floors":[12,22,48,48,53,53,53,53],"current_hp_per_floor":[39,38,42,42,39,39,39,20,25,25,25,40,44,48,53,60,64,64,64,61,50,66,66,66,64,64,66,70,80,80,80,77,74,79,79,74,71,71,80,80,80,80,80,80,80,80,80,87,75,87,87,87,94,94,90],"gold":40,"neow_bonus":"ONE_RARE_RELIC","is_daily":false,"chose_seed":false,"campfire_upgraded":7,"win_rate":0.0,"timestamp":1609952707,"path_taken":["R","M","M","?","M","?","T","E","?","?","R","?","?","?","M","BOSS","R","M","M","?","$","R","T","E","?","E","M","R","?","?","M","BOSS","R","M","M","?","?","E","T","M","R","?","M","E","M","$","M","BOSS","E","$","R","BOSS"],"items_purchased_type":["Potion","Relic","Relic","Relic","Card","Relic","Relic","Relic"],"build_version":"2020-12-22","purchased_purges":1,"victory":true,"max_hp_per_floor":[60,60,60,60,60,60,60,60,65,65,65,65,65,65,65,65,65,65,65,65,70,70,70,70,70,70,70,70,80,80,80,80,80,80,80,80,80,80,80,80,80,80,80,80,80,80,80,87,87,87,87,87,94,94,94],"card_choices":[{"not_picked":["Slimebound:ForwardTackle","Slimebound:HauntingLick"],"picked":"Slimebound:SlimeTap","floor":2},{"not_picked":["Slimebound:LeechingTouch","Slimebound:ViciousTackle"],"picked":"Slimebound:SplitLeeching","floor":3},{"not_picked":["Slimebound:SlimeBarrage","Slimebound:ProtectTheBoss"],"picked":"Slimebound:SplitLeeching","floor":5},{"not_picked":["Slimebound:RainOfGoop","Slimebound:LeechingTouch","Slimebound:GoopSpray"],"picked":"SKIP","floor":8},{"not_picked":["Slimebound:AcidTongue","Slimebound:Schlurp"],"picked":"Slimebound:SamplingLick","floor":12},{"not_picked":["Slimebound:ServeAndProtect","Slimebound:FinishingTackle"],"picked":"Slimebound:Schlurp","floor":13},{"not_picked":["Slimebound:ItLooksTasty","Slimebound:GrowthPunch"],"picked":"Slimebound:SplitMire","floor":15},{"not_picked":["Slimebound:DouseInSlime","Slimebound:Overexert"],"picked":"Slimebound:DuplicatedForm","floor":16},{"not_picked":["Slimebound:GoopSpray","Slimebound:ViciousTackle"],"picked":"Slimebound:Dissolve","floor":19},{"not_picked":["Slimebound:DivideAndConquer+1","Slimebound:ComboTackle+1"],"picked":"Slimebound:SplitAcid","floor":20},{"not_picked":["Slimebound:Dissolve","Slimebound:BestDefense"],"picked":"Slimebound:SplitLeeching","floor":22},{"not_picked":["Slimebound:ComboTackle","Slimebound:SplitLeeching"],"picked":"Slimebound:HungryTackle","floor":22},{"not_picked":["Slimebound:SplitBruiser","Slimebound:Repurpose"],"picked":"Slimebound:SelfFormingGoo","floor":22},{"not_picked":["Slimebound:GoopSpray+1","Slimebound:GrowthPunch"],"picked":"Slimebound:SlimeTap+1","floor":22},{"not_picked":["Slimebound:Dissolve+1","Slimebound:RollThrough"],"picked":"Slimebound:SplitBruiser","floor":22},{"not_picked":["Slimebound:BestDefense","Slimebound:GoopSpray"],"picked":"Slimebound:Replication","floor":22},{"not_picked":["Slimebound:ComboTackle","Slimebound:SlimeBrawl","Slimebound:ServeAndProtect"],"picked":"SKIP","floor":25},{"not_picked":["Slimebound:LeechEnergy","Slimebound:Chomp+1"],"picked":"Slimebound:Darklings","floor":27},{"not_picked":["Slimebound:ViciousTackle","Slimebound:SplitLeeching"],"picked":"Slimebound:SamplingLick","floor":28},{"not_picked":["Slimebound:Chomp","Slimebound:AcidTongue"],"picked":"Slimebound:SplitLeeching","floor":30},{"not_picked":["Slimebound:SlimeSpikes","Slimebound:GoopSpray"],"picked":"Slimebound:SamplingLick+1","floor":32},{"not_picked":["Slimebound:Teamwork","Slimebound:PrepareCrush"],"picked":"Slimebound:SelfFormingGoo","floor":33},{"not_picked":["Slimebound:SamplingLick","Slimebound:GoopSpray"],"picked":"Slimebound:LeadByExample+1","floor":36},{"not_picked":["Slimebound:GoopSpray","Slimebound:BestDefense+1","Slimebound:FinishingTackle"],"picked":"SKIP","floor":37},{"not_picked":["Slimebound:GoopTackle","Slimebound:ItLooksTasty"],"picked":"Slimebound:HauntingLick","floor":40},{"not_picked":["Slimebound:GoopSpray+1","Slimebound:SplitAcid"],"picked":"Slimebound:SplitLeeching+1","floor":42},{"not_picked":["Slimebound:DisruptingSlam+1","Slimebound:Schlurp+1"],"picked":"Slimebound:SplitMire+1","floor":42},{"not_picked":["expansioncontent:LastStand","expansioncontent:DarkVoid"],"picked":"expansioncontent:DefensiveMode","floor":44},{"not_picked":["Slimebound:Repurpose","Slimebound:FormOfPuddle"],"picked":"Slimebound:SplitMire+1","floor":45},{"not_picked":["Slimebound:DisruptingSlam","Slimebound:SplitLeeching","Slimebound:PressTheAttack+1"],"picked":"SKIP","floor":45},{"not_picked":["Slimebound:ComboTackle+1","Slimebound:CheckThePlaybook","Slimebound:Chomp+1"],"picked":"SKIP","floor":46},{"not_picked":["Slimebound:SlimeSpikes","Slimebound:RainOfGoop"],"picked":"Slimebound:SplitAcid+1","floor":47},{"not_picked":["Slimebound:Schlurp+1","Slimebound:Gluttony","Slimebound:SplitAcid"],"picked":"SKIP","floor":47},{"not_picked":["Slimebound:LivingWall","Slimebound:AcidTongue","Slimebound:Teamwork"],"picked":"SKIP","floor":49},{"not_picked":["Slimebound:SplitMire","Slimebound:DisruptingSlam+1","Slimebound:MegaLick"],"picked":"SKIP","floor":49},{"not_picked":["Slimebound:SlimeSpikes+1","Slimebound:ComboTackle","Slimebound:SplitLeeching"],"picked":"SKIP","floor":52}],"player_experience":444322,"relics_obtained":[{"floor":6,"key":"Oddly Smooth Stone"},{"floor":7,"key":"MealTicket"},{"floor":8,"key":"sneckomod:BlankCard"},{"floor":10,"key":"Bag of Preparation"},{"floor":25,"key":"Centennial Puzzle"},{"floor":27,"key":"CeramicFish"},{"floor":39,"key":"Prayer Wheel"},{"floor":40,"key":"White Beast Statue"},{"floor":40,"key":"Juzu Bracelet"},{"floor":41,"key":"Pantograph"},{"floor":46,"key":"InkBottle"},{"floor":46,"key":"Mercury Hourglass"},{"floor":52,"key":"Kunai"},{"floor":52,"key":"Letter Opener"}],"event_choices":[{"damage_healed":0,"gold_gain":0,"player_choice":"Donut","damage_taken":0,"max_hp_gain":5,"max_hp_loss":0,"event_name":"Big Fish","floor":9,"gold_loss":0},{"damage_healed":0,"gold_gain":0,"cards_transformed":["Slimebound:Dissolve"],"player_choice":"Transformed","damage_taken":0,"max_hp_gain":0,"max_hp_loss":0,"event_name":"Transmorgrifier","floor":26,"gold_loss":0,"cards_obtained":["Slimebound:MassRepurpose"]},{"cards_removed":["Slimebound:SplitBruiser"],"damage_healed":0,"gold_gain":0,"player_choice":"Removed Skill","damage_taken":0,"max_hp_gain":0,"max_hp_loss":0,"event_name":"Falling","floor":38,"gold_loss":0}],"is_beta":false,"boss_relics":[{"not_picked":["expansioncontent:StudyCardRelic","Tiny House"],"picked":"Runic Dome"},{"not_picked":["Slimebound:AbsorbEndCombatUpgraded","Velvet Choker"],"picked":"Black Star"}],"items_purged_floors":[12],"is_endless":false,"potions_floor_spawned":[2,8,14,15,20,25,27,30,36,37,40,42,45,46,47,49,52],"ascension_level":6}}