{"host":"sup1rd0ujr5jgopq","time":1609974401,"event":{"mods":["BaseMod","Colored Map","Downfall","Minty Spire (QoL Compilation)","StSLib"],"gold_per_floor":[99,113,113,23,40,40,40,57,57,76,76,76,76,76,96,196,196,96,106,106,125,125,145,145,145,45,45,45,30,46,56,71,168,168,168,180,230,282,296,315,315,332,367,267,267,281,55,142,160,160,160,186,0,0,0,0,0],"floor_reached":55,"playtime":8143,"items_purged":["hexamod:Sear","hexamod:Defend"],"score":664,"play_id":"48d0cf45-b2c8-4a52-8fe1-068a21e9d0b9","local_time":"20210106180641","is_ascension_mode":false,"campfire_choices":[{"data":"hexamod:Float","floor":1.0,"key":"SMITH"},{"data":"hexamod:Rewind","floor":6.0,"key":"SMITH"},{"floor":9.0,"key":"RECALL"},{"data":"hexamod:AdvancingGuard","floor":11.0,"key":"SMITH"},{"data":"hexamod:Hexaguard","floor":13.0,"key":"SMITH"},{"data":"hexamod:TimeOfNeed","floor":18.0,"key":"SMITH"},{"data":"hexamod:GhostOfSpirePast","floor":26.0,"key":"SMITH"},{"data":"hexamod:EtherealExpedition","floor":28.0,"key":"SMITH"},{"data":"hexamod:HeatShield","floor":35.0,"key":"SMITH"},{"data":"hexamod:GhostOfSpirePresent","floor":44.0,"key":"SMITH"},{"data":"hexamod:Rewind","floor":54.0,"key":"SMITH"}],"circlet_count":0,"master_deck":["hexamod:Strike","hexamod:Defend","hexamod:Float+1","hexamod:SpectersWail","hexamod:SwordOfDarkness","hexamod:Rewind+1","hexamod:HauntingEcho","hexamod:Hexaguard+1","hexamod:AdvancingGuard+1","hexamod:TimeWarp","hexamod:TimeOfNeed+1","CurseOfTheBell","hexamod:EtherealExpedition+1","hexamod:SoulSteal","hexamod:GhostOfSpirePast+1","hexamod:BacktrackSmack","hexamod:AdvancingGuard","hexamod:EtherealExpedition+1","hexamod:HeatShield+1","hexamod:TimeWarp","hexamod:FastForward+1","hexamod:GhostShield+1","hexamod:NightmareGuise+1","hexamod:GhostLash+1","hexamod:GhostOfSpirePresent+1","hexamod:RetreatToShadows+1","hexamod:RetreatToShadows+1","hexamod:VolcanoVisage","hexamod:FirstSeal","hexamod:HeatCrush","hexamod:SpectralSpark","hexamod:HauntingEcho","hexamod:BacktrackSmack+1","hexamod:Rewind+1"],"relics":["hexamod:SpiritBrand","Calling Bell","Ancient Tea Set","HornCleat","Mango","downfall:HeartBlessingRed","Question Card","downfall:HeartBlessingBlue","White Beast Statue","Astrolabe","hexamod:SoulConsumer","Thread and Needle","CaptainsWheel","Ice Cream","downfall:HeartBlessingGreen","Membership Card","Kunai","Bronze Scales","Vajra","Unceasing Top"],"acts_visited":["Exordium","TheCity","TheBeyond","TheEnding"],"potions_floor_usage":[55,55,55],"damage_taken":[{"damage":0.0,"enemies":"2 Louse","floor":2.0,"turns":2.0},{"damage":0.0,"enemies":"downfall:FleeingMerchant","floor":4.0,"turns":4.0},{"damage":0.0,"enemies":"Cultist","floor":5.0,"turns":3.0},{"damage":0.0,"enemies":"Small Slimes","floor":8.0,"turns":3.0},{"damage":2.0,"enemies":"3 Louse","floor":10.0,"turns":2.0},{"damage":0.0,"enemies":"Blue Slaver","floor":15.0,"turns":3.0},{"damage":21.0,"enemies":"downfall:Defect","floor":16.0,"turns":9.0},{"damage":0.0,"enemies":"Chosen","floor":19.0,"turns":3.0},{"damage":6.0,"enemies":"Snake Plant","floor":21.0,"turns":3.0},{"damage":0.0,"enemies":"Centurion and Healer","floor":23.0,"turns":6.0},{"damage":0.0,"enemies":"downfall:FleeingMerchant","floor":29.0,"turns":4.0},{"damage":2.0,"enemies":"Snecko","floor":30.0,"turns":4.0},{"damage":0.0,"enemies":"3 Cultists","floor":31.0,"turns":3.0},{"damage":0.0,"enemies":"Centurion and Healer","floor":32.0,"turns":4.0},{"damage":53.0,"enemies":"downfall:Silent","floor":33.0,"turns":12.0},{"damage":0.0,"enemies":"3 Darklings","floor":36.0,"turns":5.0},{"damage":0.0,"enemies":"3 Darklings","floor":37.0,"turns":6.0},{"damage":14.0,"enemies":"2 Orb Walkers","floor":38.0,"turns":4.0},{"damage":0.0,"enemies":"Orb Walker","floor":39.0,"turns":4.0},{"damage":3.0,"enemies":"3 Darklings","floor":40.0,"turns":5.0},{"damage":6.0,"enemies":"Transient","floor":42.0,"turns":5.0},{"damage":13.0,"enemies":"Reptomancer","floor":43.0,"turns":9.0},{"damage":4.0,"enemies":"Maw","floor":46.0,"turns":6.0},{"damage":3.0,"enemies":"downfall:FleeingMerchant","floor":47.0,"turns":4.0},{"damage":6.0,"enemies":"downfall:FleeingMerchant","floor":48.0,"turns":3.0},{"damage":8.0,"enemies":"4 Shapes","floor":49.0,"turns":3.0},{"damage":95.0,"enemies":"downfall:Watcher","floor":50.0,"turns":9.0},{"damage":64.0,"enemies":"downfall:CharBossMerchant","floor":52.0,"turns":9.0},{"damage":40,"enemies":"downfall:NeowBoss","floor":55,"turns":9}],"seed_played":"5354299473744938806","potions_obtained":[{"floor":0.0,"key":"SpeedPotion"},{"floor":0.0,"key":"hexamod:InfernoChargePotion"},{"floor":0.0,"key":"EssenceOfSteel"},{"floor":15.0,"key":"hexamod:SoulburnPotion"},{"floor":16.0,"key":"hexamod:SoulburnPotion"},{"floor":22.0,"key":"CultistPotion"},{"floor":31.0,"key":"CultistPotion"},{"floor":42.0,"key":"FairyPotion"},{"floor":52.0,"key":"CultistPotion"}],"is_trial":false,"path_per_floor":["R","M","?","$","M","R","T","M","R","M","R","?","R","?","M","B",null,"R","M","?","M","?","M","T","?","R","T","R","$","M","M","M","B",null,"R","M","?","?","M","M","T","M","E","R","?","M","$","$","M","B",null,"E","$","R","B"],"character_chosen":"THE_SPIRIT","items_purchased":["hexamod:Rewind","Membership Card","hexamod:HauntingEcho","Kunai","Bronze Scales","Unceasing Top","hexamod:Rewind"],"campfire_rested":0,"item_purchase_floors":[4,47,47,48,48,53,53],"current_hp_per_floor":[70,70,70,70,70,70,70,70,70,68,68,68,68,68,68,47,84,84,84,84,78,78,78,78,78,88,88,88,88,86,86,86,33,94,94,94,94,80,80,77,77,71,58,58,51,54,58,52,44,35,94,37,37,37,0,0,0],"gold":0,"neow_bonus":"THREE_SMALL_POTIONS","is_daily":false,"chose_seed":false,"campfire_upgraded":10,"win_rate":0.0,"timestamp":1609974401,"path_taken":["R","M","?","?","M","R","T","M","R","M","R","?","R","?","M","BOSS","R","M","?","M","?","M","T","?","R","?","R","?","M","M","M","BOSS","R","M","?","?","M","M","T","M","E","R","?","M","?","$","M","BOSS","E","$","R","BOSS"],"items_purchased_type":["Card","Relic","Card","Relic","Relic","Relic","Card"],"build_version":"2020-12-13","purchased_purges":2,"victory":false,"max_hp_per_floor":[70,70,70,70,70,70,70,70,70,70,70,70,70,70,70,70,84,84,84,84,84,84,84,84,84,94,94,94,94,94,94,94,94,94,94,94,94,94,94,94,94,94,94,94,94,94,94,94,94,94,94,94,94,94,94,94,94],"card_choices":[{"not_picked":["hexamod:NightmareStrike","hexamod:ThermalTransfer"],"picked":"hexamod:SpectersWail","floor":2.0},{"not_picked":["hexamod:StepThrough","hexamod:FirstSeal"],"picked":"hexamod:SwordOfDarkness","floor":4.0},{"not_picked":["hexamod:SwordOfDarkness","hexamod:GhostShield"],"picked":"hexamod:HauntingEcho","floor":5.0},{"not_picked":["hexamod:BurningTouch","hexamod:SuperheatedStrike"],"picked":"hexamod:Hexaguard","floor":8.0},{"not_picked":["hexamod:HauntingEcho","hexamod:NightmareGuise"],"picked":"hexamod:AdvancingGuard","floor":10.0},{"not_picked":["hexamod:SwordOfDarkness","hexamod:Hexaguard"],"picked":"hexamod:TimeWarp","floor":15.0},{"not_picked":["hexamod:ParanormalForm","hexamod:TurnItUp"],"picked":"hexamod:TimeOfNeed","floor":16.0},{"not_picked":["hexamod:DynamicBlow+1","hexamod:FastForward+1"],"picked":"hexamod:EtherealExpedition","floor":19.0},{"not_picked":["hexamod:InspiringFlames+1","hexamod:NightmareStrike"],"picked":"hexamod:SoulSteal","floor":21.0},{"not_picked":["hexamod:FourthSeal","hexamod:ThermalTransfer","hexamod:HauntingEcho"],"picked":"SKIP","floor":23.0},{"not_picked":["hexamod:GhostShield","hexamod:FourthSeal","hexamod:GhostflameInferno"],"picked":"hexamod:BacktrackSmack","floor":29.0},{"not_picked":["hexamod:EtherealExpedition","hexamod:HauntingEcho","hexamod:NecessarySacrifice"],"picked":"hexamod:AdvancingGuard","floor":30.0},{"not_picked":["hexamod:PowerFromBeyond","hexamod:FastForward+1","hexamod:Firestarter+1"],"picked":"hexamod:EtherealExpedition+1","floor":31.0},{"not_picked":["hexamod:Firestarter+1","hexamod:FourthSeal","hexamod:InspiringFlames"],"picked":"hexamod:HeatShield","floor":32.0},{"not_picked":["hexamod:HexaLevel","hexamod:GhostflameInferno","hexamod:WildfireWeapon"],"picked":"hexamod:TimeWarp","floor":33.0},{"not_picked":["hexamod:ThermalTransfer+1","hexamod:NightmareStrike+1","hexamod:FastForward"],"picked":"hexamod:GhostLash+1","floor":36.0},{"not_picked":["hexamod:SwordOfDarkness","hexamod:SpectersWail+1","hexamod:BacktrackSmack"],"picked":"hexamod:GhostOfSpirePresent","floor":37.0},{"not_picked":["hexamod:GhostflameBarrier+1","hexamod:GhostOfSpirePresent+1","hexamod:Again+1"],"picked":"hexamod:RetreatToShadows+1","floor":39.0},{"not_picked":["hexamod:FastForward+1","hexamod:Firestarter","hexamod:SecondSeal"],"picked":"hexamod:RetreatToShadows+1","floor":40.0},{"not_picked":["hexamod:GhostShield","hexamod:InspiringFlames+1","hexamod:RainOfEmbers"],"picked":"hexamod:VolcanoVisage","floor":42.0},{"not_picked":["hexamod:SecondSeal","hexamod:GhostLash+1","hexamod:ChargedBarrage+1","hexamod:BurningTouch"],"picked":"SKIP","floor":43.0},{"not_picked":["hexamod:RainOfEmbers+1","hexamod:HeatCrush","hexamod:GhostLash","hexamod:BurningTouch+1"],"picked":"SKIP","floor":46.0},{"not_picked":["hexamod:RainOfEmbers+1","hexamod:GhostLash","hexamod:BurningTouch+1"],"picked":"hexamod:HeatCrush","floor":46.0},{"not_picked":["hexamod:SixthSeal","hexamod:Incineration+1","hexamod:PowerFromBeyond+1"],"picked":"hexamod:SpectralSpark","floor":47.0},{"not_picked":["hexamod:ShieldOfDarkness+1","hexamod:StepThrough+1","hexamod:TurnItUp"],"picked":"hexamod:BacktrackSmack+1","floor":48.0},{"not_picked":["hexamod:CatchUp+1","hexamod:GhostLash+1","hexamod:ShieldOfDarkness","hexamod:AdvancingGuard+1"],"picked":"SKIP","floor":49.0},{"not_picked":["hexamod:GhostOfSpirePresent","hexamod:BurningTouch","hexamod:RainOfEmbers","hexamod:SpectersWail"],"picked":"SKIP","floor":52.0}],"player_experience":55620,"relics_obtained":[{"floor":17.0,"key":"Ancient Tea Set"},{"floor":17.0,"key":"HornCleat"},{"floor":17.0,"key":"Mango"},{"floor":24.0,"key":"Question Card"},{"floor":27.0,"key":"White Beast Statue"},{"floor":37.0,"key":"hexamod:SoulConsumer"},{"floor":38.0,"key":"Thread and Needle"},{"floor":41.0,"key":"CaptainsWheel"},{"floor":43.0,"key":"Ice Cream"},{"floor":52.0,"key":"Vajra"}],"event_choices":[{"damage_healed":0.0,"max_hp_gain":0.0,"max_hp_loss":0.0,"gold_gain":0.0,"event_name":"The Library","player_choice":"Read","floor":25.0,"gold_loss":0.0,"damage_taken":0.0,"cards_obtained":["hexamod:GhostOfSpirePast"]},{"damage_healed":0.0,"max_hp_gain":0.0,"max_hp_loss":0.0,"gold_gain":0.0,"event_name":"Mysterious Sphere","player_choice":"Fight","floor":38.0,"gold_loss":0.0,"damage_taken":0.0}],"is_beta":false,"boss_relics":[{"not_picked":["Fusion Hammer","Snecko Eye"],"picked":"Calling Bell"},{"not_picked":["SacredBark","Philosopher\u0027s Stone"],"picked":"Astrolabe"}],"items_purged_floors":[47,48],"is_endless":false,"potions_floor_spawned":[5,15,16,29,30,31,32,33,36,37,38,39,40,42,43,46,47,48,49,52],"killed_by":"downfall:NeowBoss","ascension_level":0}}