{"host":"os7ajuuouznx3pj7","time":1609942255,"event":{"mods":["AchievementEnabler","BaseMod","Bestiary","Block Reminder","Colored Map","Colored Powertips","Keyboard Shortcuts","Minty Spire (QoL Compilation)","Quick Restart","Relic Sorter","Relic Stats","SuperFastMode"],"gold_per_floor":[361,11,26,201,17,43,43,57,84,116,116,126,155,165,165,165,165],"floor_reached":16,"playtime":2059,"items_purged":["Doubt"],"score":189,"play_id":"5bd78e8d-1853-4c58-a4b6-5fea9035ae1b","local_time":"20210106121055","is_ascension_mode":true,"campfire_choices":[{"data":"Dash","floor":7.0,"key":"SMITH"},{"data":"Blade Dance","floor":11.0,"key":"SMITH"},{"data":"Footwork","floor":15.0,"key":"SMITH"}],"circlet_count":0,"master_deck":["Strike_G","Strike_G","Strike_G","Strike_G","Strike_G","Defend_G","Defend_G","Defend_G","Defend_G","Defend_G","Survivor","Neutralize","Dash+1","Footwork+1","Blur","Footwork","Blade Dance+1","Backflip","Slice","Dodge and Roll"],"relics":["Ring of the Snake","Calipers","Juzu Bracelet","Bag of Preparation","Blood Vial","Regal Pillow"],"acts_visited":["Exordium"],"potions_floor_usage":[],"damage_taken":[{"damage":11.0,"enemies":"Jaw Worm","floor":1.0,"turns":6.0},{"damage":0.0,"enemies":"2 Louse","floor":3.0,"turns":4.0},{"damage":2.0,"enemies":"3 Sentries","floor":6.0,"turns":15.0},{"damage":0.0,"enemies":"Cultist","floor":8.0,"turns":4.0},{"damage":23.0,"enemies":"Gremlin Nob","floor":10.0,"turns":4.0},{"damage":0.0,"enemies":"Looter","floor":12.0,"turns":4.0},{"damage":0.0,"enemies":"Lagavulin","floor":13.0,"turns":10.0},{"damage":1.0,"enemies":"Lots of Slimes","floor":14.0,"turns":6.0},{"damage":36,"enemies":"Hexaghost","floor":16,"turns":4}],"seed_played":"-1232802247117061272","potions_obtained":[{"floor":8.0,"key":"Poison Potion"},{"floor":10.0,"key":"Block Potion"},{"floor":13.0,"key":"DuplicationPotion"}],"is_trial":false,"path_per_floor":["M","$","M","?","$","E","R","M","T","E","R","M","E","M","R","B"],"character_chosen":"THE_SILENT","items_purchased":["Dash","Calipers","Blur","Footwork"],"campfire_rested":0,"item_purchase_floors":[2,2,5,5],"current_hp_per_floor":[52,52,52,52,52,50,50,50,50,27,27,29,31,32,32,0,0],"gold":165,"neow_bonus":"TWO_FIFTY_GOLD","is_daily":false,"chose_seed":false,"campfire_upgraded":3,"win_rate":0.0,"timestamp":1609942255,"path_taken":["M","$","M","?","$","E","R","M","T","E","R","M","E","M","R","BOSS"],"items_purchased_type":["Card","Relic","Card","Card"],"build_version":"2020-12-22","purchased_purges":1,"victory":false,"max_hp_per_floor":[63,63,63,63,63,63,63,63,63,63,63,63,63,63,63,63,63],"relic_stats":{"Blood Vial":8,"Regal Pillow":0,"counters":[9,57],"Juzu Bracelet":0,"Bag of Preparation":[10],"obtain_stats":[{"Blood Vial":10,"Regal Pillow":13,"Calipers":2,"Juzu Bracelet":6,"Bag of Preparation":9,"Ring of the Snake":0},{"Blood Vial":5,"Regal Pillow":7,"Calipers":1,"Juzu Bracelet":3,"Bag of Preparation":4,"Ring of the Snake":0},{"Blood Vial":33,"Regal Pillow":47,"Calipers":6,"Juzu Bracelet":25,"Bag of Preparation":29,"Ring of the Snake":0}],"Ring of the Snake":[18]},"card_choices":[{"not_picked":["Underhanded Strike","Prepared","Concentrate"],"picked":"SKIP","floor":1.0},{"not_picked":["Tactician","Bane"],"picked":"Footwork","floor":3.0},{"not_picked":["Dodge and Roll","PiercingWail"],"picked":"Blade Dance","floor":6.0},{"not_picked":["Acrobatics","Venomology"],"picked":"Backflip","floor":8.0},{"not_picked":["Sucker Punch","Unload","Tactician"],"picked":"SKIP","floor":10.0},{"not_picked":["Deadly Poison","Setup"],"picked":"Slice","floor":12.0},{"not_picked":["Accuracy","Terror","Flechettes"],"picked":"SKIP","floor":13.0},{"not_picked":["Accuracy","Terror","Flechettes"],"picked":"SKIP","floor":13.0},{"not_picked":["Prepared","Flechettes"],"picked":"Dodge and Roll","floor":14.0}],"player_experience":810324,"relics_obtained":[{"floor":6.0,"key":"Juzu Bracelet"},{"floor":9.0,"key":"Bag of Preparation"},{"floor":10.0,"key":"Blood Vial"},{"floor":13.0,"key":"Regal Pillow"}],"event_choices":[{"damage_healed":0.0,"max_hp_gain":0.0,"max_hp_loss":0.0,"gold_gain":175.0,"event_name":"Liars Game","player_choice":"AGREE","floor":4.0,"gold_loss":0.0,"damage_taken":0.0,"cards_obtained":["Doubt"]}],"is_beta":false,"boss_relics":[],"items_purged_floors":[5],"is_endless":false,"potions_floor_spawned":[8,10,13],"killed_by":"Hexaghost","ascension_level":6}}