{"host":"dl7h25vjpuplx29g","time":1609908342,"event":{"mods":["BaseMod","Colored Map","Minty Spire (QoL Compilation)"],"gold_per_floor":[113,38,52,52,64,64,78,107,107,107,122,151,151,135,135,212,212,231,244,88,88,88,115,127,127,205,234,234,247,247,162,162,235,235,251,251,221,43,57,90,117,117,142,157,184,197,229,245,245,245,245,245,2,37,37,37],"floor_reached":55,"playtime":30535,"items_purged":["Defend_B","Defend_B","Melter"],"score":1409,"play_id":"084c973b-d4dc-43a3-ac3e-a9e749432f94","local_time":"20210106134542","is_ascension_mode":true,"campfire_choices":[{"data":"Rip and Tear","floor":6.0,"key":"SMITH"},{"data":"Fusion","floor":13.0,"key":"SMITH"},{"data":"Dualcast","floor":15.0,"key":"SMITH"},{"data":"Defragment","floor":25.0,"key":"SMITH"},{"data":"Capacitor","floor":30.0,"key":"SMITH"},{"data":"Hologram","floor":32.0,"key":"SMITH"},{"floor":42,"key":"REST"},{"floor":49,"key":"RECALL"},{"data":"Fission","floor":52,"key":"SMITH"}],"circlet_count":0,"master_deck":["AscendersBane","Zap","Dualcast+1","Glacier","Cold Snap","Seek","Rip and Tear+1","Self Repair","Fusion+1","Cold Snap","Machine Learning","Cold Snap","Fission+1","Defragment+1","Capacitor+1","Tempest","Steam Power","Melter","Go for the Eyes","Hologram+1","Core Surge","Madness","Madness","Redo","Fission","Barrage","Coolheaded","Reinforced Body+1","Coolheaded+1","Rebound+1"],"relics":["Cracked Core","Potion Belt","Pear","White Beast Statue","Letter Opener","Runic Pyramid","Mummified Hand","InkBottle","Ornamental Fan","The Courier","Inserter","Membership Card","Toy Ornithopter","Happy Flower","Shuriken","Bag of Marbles","TungstenRod","ClockworkSouvenir","Bag of Preparation"],"acts_visited":["Exordium","TheCity","TheBeyond","TheEnding"],"potions_floor_usage":[45,47,47,50,50,55,55,55],"damage_taken":[{"damage":3.0,"enemies":"2 Louse","floor":1.0,"turns":3.0},{"damage":2.0,"enemies":"Jaw Worm","floor":3.0,"turns":5.0},{"damage":3.0,"enemies":"Small Slimes","floor":5.0,"turns":3.0},{"damage":1.0,"enemies":"2 Fungi Beasts","floor":7.0,"turns":2.0},{"damage":30.0,"enemies":"Gremlin Nob","floor":8.0,"turns":5.0},{"damage":0.0,"enemies":"3 Louse","floor":11.0,"turns":2.0},{"damage":12.0,"enemies":"Lagavulin","floor":12.0,"turns":9.0},{"damage":12.0,"enemies":"Exordium Thugs","floor":14.0,"turns":4.0},{"damage":21.0,"enemies":"Hexaghost","floor":16.0,"turns":15.0},{"damage":19.0,"enemies":"2 Thieves","floor":18.0,"turns":4.0},{"damage":0.0,"enemies":"Chosen","floor":19.0,"turns":4.0},{"damage":14.0,"enemies":"Gremlin Leader","floor":23.0,"turns":8.0},{"damage":2.0,"enemies":"Snake Plant","floor":24.0,"turns":3.0},{"damage":19.0,"enemies":"Slavers","floor":27.0,"turns":5.0},{"damage":3.0,"enemies":"Snecko","floor":29.0,"turns":5.0},{"damage":29.0,"enemies":"Collector","floor":33.0,"turns":14.0},{"damage":30.0,"enemies":"3 Darklings","floor":35.0,"turns":5.0},{"damage":0.0,"enemies":"Orb Walker","floor":39.0,"turns":3.0},{"damage":26.0,"enemies":"Nemesis","floor":40.0,"turns":13.0},{"damage":0,"enemies":"Spire Growth","floor":44,"turns":6},{"damage":0,"enemies":"Reptomancer","floor":45,"turns":10},{"damage":16,"enemies":"Sphere and 2 Shapes","floor":46,"turns":3},{"damage":0,"enemies":"Nemesis","floor":47,"turns":7},{"damage":20,"enemies":"Writhing Mass","floor":48,"turns":9},{"damage":42,"enemies":"Donu and Deca","floor":50,"turns":10},{"damage":26,"enemies":"Shield and Spear","floor":54,"turns":8},{"damage":68,"enemies":"The Heart","floor":55,"turns":11}],"seed_played":"-6304523799589862833","potions_obtained":[{"floor":5.0,"key":"ColorlessPotion"},{"floor":8.0,"key":"ColorlessPotion"},{"floor":11.0,"key":"PowerPotion"},{"floor":12.0,"key":"Dexterity Potion"},{"floor":14.0,"key":"Block Potion"},{"floor":16.0,"key":"GamblersBrew"},{"floor":18.0,"key":"FocusPotion"},{"floor":23.0,"key":"BlessingOfTheForge"},{"floor":24.0,"key":"LiquidMemories"},{"floor":27.0,"key":"Weak Potion"},{"floor":29.0,"key":"Regen Potion"},{"floor":33.0,"key":"FearPotion"},{"floor":35.0,"key":"EssenceOfSteel"},{"floor":37.0,"key":"SkillPotion"},{"floor":40.0,"key":"ColorlessPotion"},{"floor":45,"key":"BlessingOfTheForge"},{"floor":47,"key":"AttackPotion"},{"floor":48,"key":"DuplicationPotion"},{"floor":54,"key":"PowerPotion"}],"is_trial":false,"path_per_floor":["M","?","M","?","M","R","M","E","T","?","M","E","R","M","R","B",null,"M","M","$","?","?","E","M","R","T","E","?","M","R","?","R","B",null,"M","?","?","$","M","E","T","R","T","M","E","M","E","M","R","B",null,"R","$","E","B"],"character_chosen":"DEFECT","items_purchased":["Capacitor","Membership Card","Redo","TungstenRod","ClockworkSouvenir"],"campfire_rested":1,"item_purchase_floors":[20,38,38,53,53],"current_hp_per_floor":[61,61,59,59,56,56,55,42,42,42,42,37,37,32,32,18,65,53,60,60,60,60,53,58,58,58,46,46,43,43,43,43,36,70,47,32,32,32,39,20,20,44,44,51,63,54,74,61,61,36,70,70,70,51,0,0],"gold":37,"neow_bonus":"RANDOM_COMMON_RELIC","is_daily":false,"chose_seed":false,"campfire_upgraded":7,"win_rate":0.0,"timestamp":1609908342,"path_taken":["M","?","M","?","M","R","M","E","T","?","M","E","R","M","R","BOSS","M","?","$","?","?","E","?","R","T","E","?","M","R","?","R","BOSS","M","?","?","$","?","E","?","R","T","M","E","?","E","M","R","BOSS","R","$","E","BOSS"],"items_purchased_type":["Card","Relic","Card","Relic","Relic"],"build_version":"2020-12-22","purchased_purges":3,"victory":false,"max_hp_per_floor":[71,71,71,71,71,71,71,81,81,81,81,81,81,81,81,81,81,81,81,81,81,81,81,81,81,81,81,81,81,81,81,81,81,81,81,81,81,81,81,81,81,81,81,81,81,81,81,81,81,81,81,81,81,81,81,81],"card_choices":[{"not_picked":["Streamline","Darkness"],"picked":"Glacier","floor":1.0},{"not_picked":["Turbo","Hologram"],"picked":"Cold Snap","floor":3.0},{"not_picked":["Compile Driver","Go for the Eyes"],"picked":"Rip and Tear","floor":5.0},{"not_picked":["Blizzard","Compile Driver"],"picked":"Self Repair","floor":7.0},{"not_picked":["Blizzard","Darkness"],"picked":"Fusion","floor":8.0},{"not_picked":["Barrage","White Noise"],"picked":"Cold Snap","floor":11.0},{"not_picked":["Turbo","Beam Cell"],"picked":"Machine Learning","floor":12.0},{"not_picked":["Gash","Static Discharge"],"picked":"Cold Snap","floor":14.0},{"not_picked":["Amplify","Hyperbeam"],"picked":"Fission","floor":16.0},{"not_picked":["Streamline","Gash+1","Beam Cell"],"picked":"SKIP","floor":18.0},{"not_picked":["Turbo","Reinforced Body+1"],"picked":"Defragment","floor":19.0},{"not_picked":["Go for the Eyes","Machine Learning"],"picked":"Tempest","floor":23.0},{"not_picked":["Turbo","Steam"],"picked":"Steam Power","floor":24.0},{"not_picked":["Sweeping Beam","Scrape"],"picked":"Melter","floor":27.0},{"not_picked":["Compile Driver","Rebound"],"picked":"Hologram","floor":29.0},{"not_picked":["Creative AI","Seek"],"picked":"Core Surge","floor":33.0},{"not_picked":["Sweeping Beam","Capacitor","Chaos"],"picked":"SKIP","floor":35.0},{"not_picked":["Rebound","Fusion+1","Cold Snap"],"picked":"SKIP","floor":39.0},{"not_picked":["Chaos+1","Cold Snap","Capacitor"],"picked":"SKIP","floor":40.0},{"not_picked":["Compile Driver+1","FTL"],"picked":"Fission","floor":44},{"not_picked":["Melter","Creative AI"],"picked":"Barrage","floor":45},{"not_picked":["Rebound","Barrage"],"picked":"Coolheaded","floor":46},{"not_picked":["Storm","Rip and Tear"],"picked":"Reinforced Body+1","floor":47},{"not_picked":["Lockon","Turbo"],"picked":"Coolheaded+1","floor":48},{"not_picked":["Core Surge","Gash"],"picked":"Rebound+1","floor":54}],"player_experience":1480350,"relics_obtained":[{"floor":8.0,"key":"Pear"},{"floor":9.0,"key":"White Beast Statue"},{"floor":12.0,"key":"Letter Opener"},{"floor":23.0,"key":"Mummified Hand"},{"floor":26.0,"key":"InkBottle"},{"floor":27.0,"key":"Ornamental Fan"},{"floor":40.0,"key":"Toy Ornithopter"},{"floor":41,"key":"Happy Flower"},{"floor":45,"key":"Shuriken"},{"floor":47,"key":"Bag of Marbles"},{"floor":54,"key":"Bag of Preparation"}],"event_choices":[{"cards_removed":["Defend_B"],"damage_healed":0.0,"max_hp_gain":0.0,"max_hp_loss":0.0,"gold_gain":0.0,"event_name":"The Cleric","player_choice":"Card Removal","floor":2.0,"gold_loss":75.0,"damage_taken":0.0},{"damage_healed":0.0,"max_hp_gain":0.0,"max_hp_loss":0.0,"gold_gain":0.0,"cards_transformed":["Strike_B"],"event_name":"Living Wall","player_choice":"Change","floor":4.0,"gold_loss":0.0,"damage_taken":0.0,"cards_obtained":["Seek"]},{"cards_removed":["Strike_B"],"damage_healed":0.0,"max_hp_gain":0.0,"max_hp_loss":0.0,"gold_gain":0.0,"event_name":"Purifier","player_choice":"Purged","floor":10.0,"gold_loss":0.0,"damage_taken":0.0},{"cards_removed":["Strike_B"],"damage_healed":0.0,"max_hp_gain":0.0,"max_hp_loss":0.0,"gold_gain":0.0,"event_name":"Back to Basics","player_choice":"Elegance","floor":21.0,"gold_loss":0.0,"damage_taken":0.0},{"damage_healed":0.0,"max_hp_gain":0.0,"max_hp_loss":0.0,"gold_gain":0.0,"event_name":"Ghosts","player_choice":"Ignored","floor":22.0,"gold_loss":0.0,"damage_taken":0.0},{"damage_healed":0.0,"max_hp_gain":0.0,"max_hp_loss":0.0,"gold_gain":0.0,"cards_transformed":["Strike_B","Defend_B"],"event_name":"Drug Dealer","player_choice":"Became Test Subject","floor":28.0,"gold_loss":0.0,"damage_taken":0.0,"cards_obtained":["Melter","Go for the Eyes"]},{"damage_healed":0.0,"max_hp_gain":0.0,"max_hp_loss":0.0,"gold_gain":0.0,"event_name":"Addict","player_choice":"Obtained Relic","floor":31.0,"gold_loss":85.0,"damage_taken":0.0,"relics_obtained":["The Courier"]},{"damage_healed":0.0,"max_hp_gain":0.0,"max_hp_loss":0.0,"gold_gain":0.0,"event_name":"Winding Halls","player_choice":"Embrace Madness","floor":36.0,"gold_loss":0.0,"damage_taken":15.0,"cards_obtained":["Madness","Madness"]},{"damage_healed":0.0,"max_hp_gain":0.0,"max_hp_loss":0.0,"gold_gain":0.0,"event_name":"The Woman in Blue","player_choice":"Bought 2 Potions","floor":37.0,"gold_loss":0.0,"damage_taken":0.0}],"is_beta":false,"boss_relics":[{"not_picked":["Black Star","Velvet Choker"],"picked":"Runic Pyramid"},{"not_picked":["Nuclear Battery","Pandora\u0027s Box"],"picked":"Inserter"}],"items_purged_floors":[20,38,53],"is_endless":false,"potions_floor_spawned":[5,8,11,12,14,16,18,19,23,24,27,29,33,35,39,40,44,45,46,47,48,54],"killed_by":"The Heart","ascension_level":15}}