{"host":"sj4iglgxwg140igy","time":1609957733,"event":{"mods":["AchievementEnabler","BaseMod","Better Third Choice","Colored Map","Hubris","Infinite Spire","Minty Spire (QoL Compilation)","StSLib"],"gold_per_floor":[110,127,127,127,39,39,74,91,91,91,39,59,59,70,70,70,70],"floor_reached":16,"playtime":603,"items_purged":[],"score":105,"play_id":"a07ac211-4f00-4013-913c-19fc18733a99","local_time":"20210106152853","is_ascension_mode":true,"campfire_choices":[{"data":"Whirlwind","floor":6,"key":"SMITH"},{"floor":15,"key":"REST"}],"circlet_count":0,"master_deck":["Strike_R","Strike_R","Strike_R","Strike_R","Defend_R","Defend_R","Defend_R","Defend_R","Bash","Reaper","Hemokinesis+1","Combust","Offering","Whirlwind+1","Iron Wave","Anger","Perfected Strike","Ghostly Armor","Twin Strike"],"relics":["Burning Blood","Frozen Egg 2","Orichalcum"],"acts_visited":["Exordium"],"potions_floor_usage":[7,14,16],"damage_taken":[{"damage":21,"enemies":"Cultist","floor":1,"turns":5},{"damage":10,"enemies":"2 Louse","floor":2,"turns":3},{"damage":36,"enemies":"Lagavulin","floor":7,"turns":5},{"damage":8,"enemies":"Jaw Worm","floor":8,"turns":3},{"damage":9,"enemies":"Red Slaver","floor":12,"turns":3},{"damage":8,"enemies":"Large Slime","floor":14,"turns":3},{"damage":42,"enemies":"The Guardian","floor":16,"turns":7}],"seed_played":"4115700468914211495","potions_obtained":[{"floor":2,"key":"LiquidBronze"},{"floor":8,"key":"Fire Potion"},{"floor":12,"key":"ElixirPotion"}],"is_trial":false,"path_per_floor":["M","M","$","?","$","R","E","M","T","?","$","M","$","M","R","B"],"character_chosen":"IRONCLAD","items_purchased":["Whirlwind","Iron Wave","Strength Potion"],"campfire_rested":1,"item_purchase_floors":[5,5,11],"current_hp_per_floor":[45,47,47,47,47,47,17,19,19,19,19,20,20,18,42,0,0],"gold":70,"neow_bonus":"THREE_RARE_CARDS","is_daily":false,"chose_seed":false,"campfire_upgraded":1,"win_rate":0.0,"timestamp":1609957733,"path_taken":["M","?","?","?","$","R","E","?","T","?","$","M","?","?","R","BOSS"],"items_purchased_type":["Card","Card","Potion"],"build_version":"2020-12-22","purchased_purges":0,"victory":false,"max_hp_per_floor":[80,80,80,80,80,80,80,80,80,80,80,80,80,80,80,80,80],"card_choices":[{"not_picked":["Demon Form","Juggernaut"],"picked":"Reaper","floor":0},{"not_picked":["Wild Strike","Sever Soul"],"picked":"Hemokinesis","floor":1},{"not_picked":["hubris:ReadiedAction","Burning Pact"],"picked":"Combust","floor":2},{"not_picked":["Infernal Blade","Iron Wave"],"picked":"Anger","floor":7},{"not_picked":["Heavy Blade","Headbutt"],"picked":"Perfected Strike","floor":8},{"not_picked":["Heavy Blade","Second Wind"],"picked":"Ghostly Armor","floor":12},{"not_picked":["Armaments","Clothesline"],"picked":"Twin Strike","floor":14}],"player_experience":133158,"relics_obtained":[{"floor":7,"key":"Frozen Egg 2"},{"floor":9,"key":"Orichalcum"}],"event_choices":[{"damage_healed":0,"gold_gain":0,"cards_transformed":["Strike_R"],"player_choice":"Transformed","damage_taken":0,"max_hp_gain":0,"max_hp_loss":0,"event_name":"Transmorgrifier","floor":4,"gold_loss":0,"cards_obtained":["Offering"]}],"is_beta":false,"boss_relics":[],"items_purged_floors":[],"is_endless":false,"potions_floor_spawned":[2,8,12],"killed_by":"The Guardian","ascension_level":1}}