{"host":"a2lvm7nbw6nkrc91","time":1609908784,"event":{"mods":["BaseMod","Friendly Minions","Hermit","Kiyohime£¨?ýï£©","Koishi","Lobotomy","Minty Spire (QoL Compilation)","Prisma Mod","Replay The Spire","StSLib","The Bug Knight"],"gold_per_floor":[111,286,302,106,206,241,241,261,261,261,279,279,294,36,36,36,36],"floor_reached":16,"playtime":808,"items_purged":["Strike_G","Strike_G"],"score":102,"play_id":"fef31045-2a7a-44c1-9b02-9eebc02c9513","local_time":"20210106135304","is_ascension_mode":false,"campfire_choices":[{"data":"Cloak And Dagger","floor":7,"key":"SMITH"},{"data":"Accuracy","floor":10,"key":"SMITH"}],"circlet_count":0,"master_deck":["Strike_G","Strike_G","Strike_G","Defend_G","Defend_G","Defend_G","Defend_G","Defend_G","Survivor","Neutralize","MeatLantern","Blur","Doubt","VoidDream","Cloak And Dagger+1","Accuracy+1","Blade Dance","BigBird","Burst+1","PunishingBird","Reflex","FieryBird","Cloak And Dagger","Hidden Blade","GalaxyChild","ReplayTheSpireMod:Tripwire","ReplayTheSpireMod:Scrap Shanks+1"],"relics":["Ring of the Snake","CogitoBucket","Golden Egg","Mirror","HellTrain","Replay:Wax Seal"],"acts_visited":["Exordium"],"potions_floor_usage":[12,12,12,16],"damage_taken":[{"damage":2,"enemies":"Jaw Worm","floor":1,"turns":6},{"damage":0,"enemies":"Small Slimes","floor":3,"turns":6},{"damage":3,"enemies":"3 Sentries","floor":6,"turns":16},{"damage":0,"enemies":"Cultist","floor":8,"turns":4},{"damage":0,"enemies":"Exordium Thugs","floor":11,"turns":3},{"damage":61,"enemies":"Blue Slaver","floor":12,"turns":14},{"damage":5,"enemies":"Exordium Wildlife","floor":13,"turns":4},{"damage":95,"enemies":"Hexaghost","floor":16,"turns":3}],"seed_played":"1967814956329545727","potions_obtained":[{"floor":3,"key":"Dexterity Potion"},{"floor":8,"key":"Strength Potion"},{"floor":11,"key":"AttackPotion"},{"floor":13,"key":"LiquidBronze"},{"floor":15,"key":"Swift Potion"},{"floor":15,"key":"DistilledChaos"}],"is_trial":false,"path_per_floor":["M","?","M","$","?","E","R","M","T","R","M","M","M","$","R","B"],"character_chosen":"THE_SILENT","items_purchased":["Accuracy","Blade Dance","ReplayTheSpireMod:Scrap Shanks","Replay:Wax Seal"],"campfire_rested":0,"item_purchase_floors":[4,4,14,14],"current_hp_per_floor":[68,68,68,68,68,65,65,65,65,65,67,10,18,18,18,0,0],"gold":36,"neow_bonus":"","is_daily":false,"chose_seed":false,"campfire_upgraded":2,"win_rate":0.0,"timestamp":1609908784,"path_taken":["M","?","M","$","?","E","R","M","T","R","?","M","M","$","R","BOSS"],"items_purchased_type":["Card","Card","Card","Relic"],"build_version":"2020-12-22","purchased_purges":2,"victory":false,"max_hp_per_floor":[70,70,70,70,70,70,70,70,70,70,70,70,70,70,70,70,70],"card_choices":[{"not_picked":["UniverseFragment","ShyLook"],"picked":"MeatLantern","floor":1},{"not_picked":["Prepared","ReplayTheSpireMod:Scrap Shanks"],"picked":"Blur","floor":1},{"not_picked":["QueenBee","MHz"],"picked":"VoidDream","floor":3},{"not_picked":["Deadly Poison","Underhanded Strike"],"picked":"Cloak And Dagger","floor":3},{"not_picked":["UniverseFragment","FairyFestival"],"picked":"BigBird","floor":6},{"not_picked":["Well Laid Plans","Sucker Punch"],"picked":"Burst","floor":6},{"not_picked":["CrumblingArmor","SpiderBud"],"picked":"PunishingBird","floor":8},{"not_picked":["Catalyst","Flying Knee"],"picked":"Reflex","floor":8},{"not_picked":["SpiderBud","Wellcheers"],"picked":"FieryBird","floor":11},{"not_picked":["Dagger Spray","Flying Knee"],"picked":"Cloak And Dagger","floor":11},{"not_picked":["Wellcheers","CherryBlossoms","Murderer"],"picked":"Singing Bowl","floor":12},{"not_picked":["Well Laid Plans","Dagger Spray"],"picked":"Hidden Blade","floor":12},{"not_picked":["MHz","Freischutz"],"picked":"GalaxyChild","floor":13},{"not_picked":["Poisoned Stab","Underhanded Strike"],"picked":"ReplayTheSpireMod:Tripwire","floor":13}],"player_experience":523826,"relics_obtained":[{"floor":6,"key":"Golden Egg"},{"floor":9,"key":"Mirror"}],"event_choices":[{"damage_healed":0,"gold_gain":175,"player_choice":"AGREE","damage_taken":0,"max_hp_gain":0,"max_hp_loss":0,"event_name":"Liars Game","floor":2,"gold_loss":0,"cards_obtained":["Doubt"]},{"damage_healed":0,"gold_gain":100,"player_choice":"Pray","damage_taken":0,"max_hp_gain":0,"max_hp_loss":0,"event_name":"Golden Shrine","floor":5,"gold_loss":0}],"is_beta":false,"boss_relics":[],"items_purged_floors":[4,14],"is_endless":false,"potions_floor_spawned":[3,8,11,13],"killed_by":"Hexaghost","ascension_level":0}}