{"host":"9eiowk8mxro5m2sz","time":1609918600,"event":{"mods":["Act Like it!","Alarm Clock","Arknights The Spire","BaseMod","CapriCore","Decade(王小明)","Friendly Minions","Gensokyo","Kiyohime（清姬）","LagranYue(拉格朗・月)","Luminous","Minty Spire (QoL Compilation)","Prisma Mod","Quick Restart","Reimu（博丽灵梦）","Relic Stats","Replay The Spire","StSLib","The Alterego","The Immortal","The Servant 0.9.4","WarShipGirlsR/战舰少女R mod","Yakumo Yukari mod","Yohane!","Youmu（魂魄妖梦）","Yuri Mod","Yuyuko","【遗物卡牌】REMEMod"],"gold_per_floor":[128,88,114,114,143,190,232,192,231,231,265,265,308,308,308,442,634,688,745,432,432,308,376,422,422,464,270,270,303,75,139,139,139,139],"floor_reached":33,"playtime":1554,"items_purged":["ats:Leaping Hammer","ats:True Silver Slash","ats:Beaten Up"],"score":319,"play_id":"6c3ea76b-a8e1-43ad-99db-7e54fa956748","local_time":"20210106153640","daily_mods":["Heirloom","Time Dilation","Flight"],"is_ascension_mode":false,"campfire_choices":[{"floor":10,"key":"REST"},{"data":"Pot Of Greed","floor":12,"key":"SMITH"},{"floor":15,"key":"REST"},{"data":"Pot Of Greed","floor":25,"key":"SMITH"},{"data":"ats:Neurotoxin","floor":28,"key":"SMITH"},{"floor":32,"key":"REST"}],"circlet_count":0,"master_deck":["ats:Armor Crushing Shot","ats:Emotion Absorption","ats:Ignite","ats:Overload","ats:Explosion Area Strengthen","ats:Hook Shot","Pot Of Greed+1","Pot Of Greed+1","ats:Ignite","ats:Sunburst","ats:Volcano","ats:Wolf Pack","ats:Roar Of Ursus","ats:Powerful Strike","ats:Healing Strengthening","ats:Steam Pump","Pot Of Greed+1","ats:Neurotoxin+1","ats:Apocalypse","ats:Assault Order","ats:Disruption Kick","ats:Rapid Magazine","ats:Rapid Magazine","ats:Curse Doll+1"],"relics":["ats:Sanity","REME_ComplimentaryCards","ats:Gyao","ats:Originium","ReplayTheSpireMod:Lightbulb","ats:Hidden Killer","PaintedHorse:ReiMu","Grinning Jar","Meat on the Bone","CeramicFish","Pandora\u0027s Box","Membership Card","Snack Pack","RuthlessExorcism:ReiMu","Bronze Scales","Bottled Tornado","Anchor","LagranYue:NewUniverseRelic","Strawberry","ats:Rhine Circuitry","ats:Support","Bag of Marbles","Ancient Tea Set"],"acts_visited":["Exordium","TheCity"],"potions_floor_usage":[13,16,16,18],"damage_taken":[{"damage":7,"enemies":"2 Louse","floor":1,"turns":4},{"damage":1,"enemies":"Cultist","floor":3,"turns":3},{"damage":3,"enemies":"Jaw Worm","floor":5,"turns":3},{"damage":15,"enemies":"Gremlin Nob","floor":6,"turns":4},{"damage":22,"enemies":"3 Sentries","floor":7,"turns":6},{"damage":1,"enemies":"2 Fungi Beasts","floor":11,"turns":2},{"damage":17,"enemies":"Lagavulin","floor":13,"turns":5},{"damage":38,"enemies":"The Guardian","floor":16,"turns":12},{"damage":7,"enemies":"3 Byrds","floor":18,"turns":4},{"damage":45,"enemies":"Shell Parasite","floor":19,"turns":5},{"damage":26,"enemies":"Slavers","floor":23,"turns":4},{"damage":18,"enemies":"Replay:Snechameleon","floor":24,"turns":5},{"damage":20,"enemies":"Snecko","floor":29,"turns":5},{"damage":39,"enemies":"Slavers","floor":31,"turns":4},{"damage":31,"enemies":"Automaton","floor":33,"turns":7}],"seed_played":"-3318734009129431192","potions_obtained":[{"floor":2,"key":"LiquidBronze"},{"floor":2,"key":"Fire Potion"},{"floor":2,"key":"DistilledChaos"},{"floor":13,"key":"Fire Potion"},{"floor":16,"key":"Elixir"},{"floor":19,"key":"FearPotion"},{"floor":29,"key":"Elixir"}],"is_trial":true,"path_per_floor":["M","?","M","?","M","E","E","?","T","R","M","R","E","T","R","B",null,"M","M","$","?","$","E","E","R","T","$","R","M","$","E","R","B"],"character_chosen":"DOCTOR_CLASS","items_purchased":["Membership Card","Snack Pack","ats:Assault Order","RuthlessExorcism:ReiMu","LagranYue:NewUniverseRelic","Strawberry","ats:Rapid Magazine","ats:Rhine Circuitry","ats:Support","Bag of Marbles"],"campfire_rested":3,"item_purchase_floors":[20,20,20,22,27,27,27,30,30,30],"current_hp_per_floor":[65,65,64,64,61,46,24,24,24,45,44,44,27,27,48,22,72,65,32,32,32,32,27,37,37,37,44,44,49,49,28,51,32,32],"gold":139,"neow_bonus":"","is_daily":false,"chose_seed":false,"campfire_upgraded":3,"win_rate":0.0,"timestamp":1609918600,"path_taken":["M","?","?","?","M","E","E","?","T","R","M","R","E","?","R","BOSS","M","?","$","?","?","E","E","R","T","$","R","?","$","E","R","BOSS"],"items_purchased_type":["Relic","Relic","Card","Relic","Relic","Relic","Card","Relic","Relic","Relic"],"build_version":"2020-12-22","purchased_purges":3,"victory":false,"max_hp_per_floor":[72,72,72,72,72,72,72,72,72,72,72,72,72,72,72,72,72,72,72,72,72,72,72,72,72,72,79,79,79,79,79,79,79,79],"relic_stats":{"counters":[15,72],"CeramicFish":384,"Bronze Scales":[51],"Pandora\u0027s Box":["ats:Wolf Pack","ats:True Silver Slash","ats:Roar Of Ursus","ats:Powerful Strike","ats:Beaten Up","ats:Healing Strengthening","ats:Steam Pump"],"obtain_stats":[{"ats:Hidden Killer":7,"CeramicFish":14,"ats:Support":30,"Bottled Tornado":24,"Ancient Tea Set":31,"ats:Gyao":0,"Anchor":26,"ats:Originium":6,"PaintedHorse:ReiMu":8,"Bronze Scales":23,"Strawberry":27,"Pandora\u0027s Box":17,"Snack Pack":20,"Bag of Marbles":30,"ats:Sanity":0,"Membership Card":20,"Grinning Jar":9,"ReplayTheSpireMod:Lightbulb":6,"LagranYue:NewUniverseRelic":27,"ats:Rhine Circuitry":30,"REME_ComplimentaryCards":0,"Meat on the Bone":13,"RuthlessExorcism:ReiMu":22},{"ats:Hidden Killer":5,"CeramicFish":7,"ats:Support":13,"Bottled Tornado":12,"Ancient Tea Set":14,"ats:Gyao":0,"Anchor":12,"ats:Originium":4,"PaintedHorse:ReiMu":5,"Bronze Scales":11,"Strawberry":12,"Pandora\u0027s Box":8,"Snack Pack":10,"Bag of Marbles":13,"ats:Sanity":0,"Membership Card":10,"Grinning Jar":5,"ReplayTheSpireMod:Lightbulb":4,"LagranYue:NewUniverseRelic":12,"ats:Rhine Circuitry":13,"REME_ComplimentaryCards":0,"Meat on the Bone":7,"RuthlessExorcism:ReiMu":10},{"ats:Hidden Killer":20,"CeramicFish":27,"ats:Support":62,"Bottled Tornado":57,"Ancient Tea Set":65,"ats:Gyao":0,"Anchor":57,"ats:Originium":14,"PaintedHorse:ReiMu":20,"Bronze Scales":52,"Strawberry":57,"Pandora\u0027s Box":39,"Snack Pack":48,"Bag of Marbles":62,"ats:Sanity":0,"Membership Card":48,"Grinning Jar":20,"ReplayTheSpireMod:Lightbulb":14,"LagranYue:NewUniverseRelic":57,"ats:Rhine Circuitry":62,"REME_ComplimentaryCards":0,"Meat on the Bone":27,"RuthlessExorcism:ReiMu":48}],"Meat on the Bone":75},"card_choices":[{"not_picked":["ats:Childhood Dance","ats:Flame Of Heaven"],"picked":"ats:Leaping Hammer","floor":1},{"not_picked":["ats:Assault Order","ats:Consecutive Shot Auto"],"picked":"ats:Ignite","floor":3},{"not_picked":["ats:Powerful Strike","ats:Steam Pump"],"picked":"ats:Overload","floor":5},{"not_picked":["ats:Curse Doll","ats:Support Order"],"picked":"ats:Explosion Area Strengthen","floor":6},{"not_picked":["ats:Revitalization","ats:Magnetic Hammer"],"picked":"ats:Hook Shot","floor":7},{"not_picked":["ats:Defend Order","ats:Poison Spread"],"picked":"ats:Ignite","floor":11},{"not_picked":["ats:Red Shift","ats:Thermite Blade"],"picked":"ats:Sunburst","floor":13},{"not_picked":["ats:Nebulous Foxfire","ats:Durian"],"picked":"ats:Volcano","floor":16},{"not_picked":["ats:Childhood Dance+1","ats:Thermite Blade"],"picked":"ats:Neurotoxin","floor":18},{"not_picked":["ats:Blood Oath","ats:Song Of Battle"],"picked":"ats:Apocalypse","floor":19},{"not_picked":["ats:Healing Drone","ats:Hammer On+1"],"picked":"ats:Disruption Kick","floor":23},{"not_picked":["ats:Revitalization","ats:Explosion Area Strengthen","ats:Assault Order+1"],"picked":"SKIP","floor":24},{"not_picked":["ats:Consecutive Shot Auto","ats:Powerful Strike","ats:Charging Defense"],"picked":"SKIP","floor":29},{"not_picked":["ats:Overload","ats:Echo Reverb"],"picked":"ats:Curse Doll+1","floor":31}],"player_experience":589010,"relics_obtained":[{"floor":6,"key":"ats:Originium"},{"floor":6,"key":"ReplayTheSpireMod:Lightbulb"},{"floor":7,"key":"ats:Originium"},{"floor":7,"key":"ats:Hidden Killer"},{"floor":9,"key":"Grinning Jar"},{"floor":13,"key":"ats:Originium"},{"floor":13,"key":"Meat on the Bone"},{"floor":14,"key":"CeramicFish"},{"floor":23,"key":"Bronze Scales"},{"floor":24,"key":"Bottled Tornado"},{"floor":26,"key":"Anchor"},{"floor":31,"key":"Ancient Tea Set"}],"event_choices":[{"damage_healed":0,"gold_gain":0,"player_choice":"Bought 3 Potions","damage_taken":0,"max_hp_gain":0,"max_hp_loss":0,"event_name":"The Woman in Blue","floor":2,"gold_loss":0},{"cards_removed":["ats:Strike G"],"damage_healed":0,"gold_gain":0,"player_choice":"Forget","damage_taken":0,"max_hp_gain":0,"max_hp_loss":0,"event_name":"Living Wall","floor":4,"gold_loss":0},{"damage_healed":0,"gold_gain":0,"player_choice":"塞钱","damage_taken":0,"relics_obtained":["PaintedHorse:ReiMu"],"max_hp_gain":0,"max_hp_loss":0,"event_name":"yidonshenshe","floor":8,"gold_loss":40},{"damage_healed":0,"gold_gain":0,"player_choice":"Forge","damage_taken":0,"max_hp_gain":0,"max_hp_loss":0,"event_name":"Accursed Blacksmith","floor":21,"gold_loss":0,"cards_upgraded":["Pot Of Greed"]}],"is_beta":false,"boss_relics":[{"not_picked":["REME_DemonsWealth","Empty Cage"],"picked":"Pandora\u0027s Box"}],"items_purged_floors":[20,22,27],"is_endless":false,"potions_floor_spawned":[3,7,13,16,19,29],"killed_by":"Automaton","ascension_level":0}}