{"host":"April","time":1609917131,"event":{"mods":["BaseMod","Minty Spire (QoL Compilation)"],"gold_per_floor":[115,127,127,7,21,53,69,69,69,79,105,119,119,148,148,247,247,270,295,24,33,58,58,96,96,96,123,150,177,200,244,244,349,349,366,393,287,301,147,190,190,199,208,208,246,246,269,311,311,311,311],"floor_reached":50,"playtime":4085,"items_purged":[],"score":727,"play_id":"3ef43ef2-f8a2-4b97-9092-e77d73e12823","local_time":"20210105231211","is_ascension_mode":true,"campfire_choices":[{"data":"Well Laid Plans","floor":8.0,"key":"SMITH"},{"data":"Sucker Punch","floor":13.0,"key":"SMITH"},{"data":"Catalyst","floor":15.0,"key":"SMITH"},{"data":"Concentrate","floor":23.0,"key":"SMITH"},{"floor":25.0,"key":"REST"},{"floor":32.0,"key":"REST"},{"data":"Calculated Gamble","floor":41,"key":"SMITH"},{"data":"Venomology","floor":44,"key":"SMITH"},{"data":"Adrenaline","floor":49,"key":"SMITH"}],"circlet_count":0,"master_deck":["Strike_G","Strike_G","Strike_G","Strike_G","Strike_G","Defend_G","Defend_G","Defend_G","Defend_G","Defend_G","Survivor","Neutralize+1","Corpse Explosion","Well Laid Plans+1","Slice","Caltrops","Sucker Punch+1","Finisher","Poisoned Stab","Flying Knee","Cloak And Dagger","Dash","Catalyst+1","Wraith Form v2+1","CurseOfTheBell","PiercingWail","Deflect+1","Footwork+1","Pain","Concentrate+1","Venomology+1","Acrobatics","Riddle With Holes+1","Calculated Gamble+1","Storm of Steel","Escape Plan+1","Adrenaline+1","Tactician","Night Terror","Endless Agony+1","Leg Sweep","Backflip+1","Deflect+1","Dagger Throw","Regret","Injury","Envenom+1","Escape Plan+1","Cloak And Dagger+1"],"relics":["Ring of the Snake","Happy Flower","Frozen Egg 2","Ginger","Blue Candle","Calling Bell","CeramicFish","Question Card","Torii","Shuriken","WarpedTongs","TungstenRod","Ninja Scroll","Unceasing Top","Cursed Key","Orrery","Snake Skull","Gremlin Horn","FossilizedHelix","Oddly Smooth Stone","Molten Egg 2","Art of War"],"acts_visited":["TheBeyond"],"potions_floor_usage":[45,47,48,48,50,50],"damage_taken":[{"damage":0.0,"enemies":"2 Louse","floor":1.0,"turns":2.0},{"damage":1.0,"enemies":"Cultist","floor":2.0,"turns":4.0},{"damage":1.0,"enemies":"Small Slimes","floor":5.0,"turns":3.0},{"damage":16.0,"enemies":"Lagavulin","floor":6.0,"turns":7.0},{"damage":5.0,"enemies":"Red Slaver","floor":7.0,"turns":4.0},{"damage":3.0,"enemies":"Exordium Thugs","floor":10.0,"turns":4.0},{"damage":18.0,"enemies":"3 Sentries","floor":11.0,"turns":5.0},{"damage":0.0,"enemies":"Looter","floor":12.0,"turns":3.0},{"damage":6.0,"enemies":"Gremlin Nob","floor":14.0,"turns":4.0},{"damage":6.0,"enemies":"Hexaghost","floor":16.0,"turns":10.0},{"damage":17.0,"enemies":"Spheric Guardian","floor":18.0,"turns":7.0},{"damage":1.0,"enemies":"3 Byrds","floor":19.0,"turns":4.0},{"damage":21.0,"enemies":"Sentry and Sphere","floor":22.0,"turns":8.0},{"damage":9.0,"enemies":"Slavers","floor":24.0,"turns":2.0},{"damage":9.0,"enemies":"Centurion and Healer","floor":27.0,"turns":6.0},{"damage":0.0,"enemies":"Snake Plant","floor":28.0,"turns":2.0},{"damage":0.0,"enemies":"3 Cultists","floor":29.0,"turns":2.0},{"damage":0.0,"enemies":"Cultist and Chosen","floor":30.0,"turns":6.0},{"damage":25.0,"enemies":"Book of Stabbing","floor":31.0,"turns":6.0},{"damage":33.0,"enemies":"Automaton","floor":33.0,"turns":11.0},{"damage":0.0,"enemies":"3 Darklings","floor":35.0,"turns":5.0},{"damage":0.0,"enemies":"3 Shapes","floor":36.0,"turns":3.0},{"damage":5.0,"enemies":"Maw","floor":38.0,"turns":7.0},{"damage":0.0,"enemies":"Reptomancer","floor":40.0,"turns":7.0},{"damage":0,"enemies":"Nemesis","floor":45,"turns":7},{"damage":13,"enemies":"Jaw Worm Horde","floor":47,"turns":5},{"damage":0,"enemies":"Reptomancer","floor":48,"turns":6},{"damage":23,"enemies":"Awakened One","floor":50,"turns":5}],"seed_played":"3814893782671986213","potions_obtained":[{"floor":0.0,"key":"SpeedPotion"},{"floor":0.0,"key":"GhostInAJar"},{"floor":0.0,"key":"ColorlessPotion"},{"floor":6.0,"key":"Regen Potion"},{"floor":14.0,"key":"Fire Potion"},{"floor":16.0,"key":"Fruit Juice"},{"floor":18.0,"key":"Regen Potion"},{"floor":22.0,"key":"LiquidBronze"},{"floor":24.0,"key":"PowerPotion"},{"floor":30.0,"key":"Block Potion"},{"floor":33.0,"key":"SkillPotion"},{"floor":40.0,"key":"Poison Potion"},{"floor":48,"key":"Dexterity Potion"}],"is_trial":false,"path_per_floor":["M","M","?","$","M","E","M","R","T","M","E","M","R","E","R","B",null,"M","M","$","?","M","R","E","R","T","M","M","M","M","E","R","B",null,"M","M","$","M","$","E","R","T","T","R","E","?","M","E","R","B"],"character_chosen":"THE_SILENT","items_purchased":["Slice","Caltrops","Shuriken","Footwork+1","Orrery","Snake Skull"],"campfire_rested":2,"item_purchase_floors":[4,4,20,20,37,39],"current_hp_per_floor":[70,69,69,69,68,52,47,47,47,44,40,40,40,34,34,28,70,53,52,52,52,51,51,42,64,64,55,55,55,55,30,52,19,75,75,75,75,70,70,70,70,70,70,70,70,70,57,57,57,34,34],"gold":311,"neow_bonus":"THREE_SMALL_POTIONS","is_daily":false,"chose_seed":false,"campfire_upgraded":7,"win_rate":0.0,"timestamp":1609917131,"path_taken":["M","M","?","$","M","E","?","R","T","M","E","M","R","E","R","BOSS","M","M","$","?","?","R","E","R","T","M","M","M","M","E","R","BOSS","M","M","$","?","?","E","R","?","T","R","E","?","?","E","R","BOSS"],"items_purchased_type":["Card","Card","Relic","Card","Relic","Relic"],"build_version":"2020-12-18","purchased_purges":0,"victory":false,"max_hp_per_floor":[70,70,70,70,70,70,70,70,70,70,70,70,70,70,70,70,70,70,70,70,70,75,75,75,75,75,75,75,75,75,75,75,75,75,75,75,75,75,75,75,75,75,75,75,75,75,75,75,75,75,75],"card_choices":[{"not_picked":["Bane","Deflect"],"picked":"Corpse Explosion","floor":1.0},{"not_picked":["Infinite Blades","Footwork"],"picked":"Well Laid Plans","floor":2.0},{"not_picked":["Escape Plan","Accuracy"],"picked":"Sucker Punch","floor":5.0},{"not_picked":["Flying Knee","Infinite Blades"],"picked":"Finisher","floor":6.0},{"not_picked":["Backstab","Dodge and Roll"],"picked":"Poisoned Stab","floor":7.0},{"not_picked":["Finisher","Quick Slash"],"picked":"Flying Knee","floor":10.0},{"not_picked":["Slice","Grand Finale"],"picked":"Cloak And Dagger","floor":11.0},{"not_picked":["Distraction","Dodge and Roll"],"picked":"Dash","floor":12.0},{"not_picked":["Dodge and Roll","Deflect"],"picked":"Catalyst","floor":14.0},{"not_picked":["Malaise","Burst"],"picked":"Wraith Form v2+1","floor":16.0},{"not_picked":["Accuracy+1","Prepared","All Out Attack+1"],"picked":"PiercingWail","floor":18.0},{"not_picked":["Catalyst","Backstab","Finisher+1"],"picked":"Deflect+1","floor":19.0},{"not_picked":["Reflex","Outmaneuver","Choke"],"picked":"Concentrate","floor":22.0},{"not_picked":["Corpse Explosion","Well Laid Plans+1","Dagger Spray"],"picked":"Venomology","floor":24.0},{"not_picked":["PiercingWail","Blade Dance","Prepared"],"picked":"Acrobatics","floor":27.0},{"not_picked":["Acrobatics","Prepared","Poisoned Stab+1"],"picked":"Riddle With Holes+1","floor":28.0},{"not_picked":["Acrobatics+1","Slice","Blade Dance"],"picked":"Calculated Gamble","floor":29.0},{"not_picked":["Masterful Stab","Sucker Punch","Slice"],"picked":"Storm of Steel","floor":30.0},{"not_picked":["Dagger Spray","Tactician+1","Slice"],"picked":"Escape Plan+1","floor":31.0},{"not_picked":["Phantasmal Killer","Storm of Steel","Grand Finale"],"picked":"Adrenaline","floor":33.0},{"not_picked":["Dodge and Roll","Underhanded Strike+1","Sucker Punch","Infinite Blades+1"],"picked":"SKIP","floor":35.0},{"not_picked":["Outmaneuver+1","Deflect+1","Flechettes"],"picked":"Tactician","floor":36.0},{"not_picked":["PiercingWail","Expertise+1","Deadly Poison+1"],"picked":"Night Terror","floor":37.0},{"not_picked":["Concentrate+1","Flechettes","Noxious Fumes+1"],"picked":"Endless Agony+1","floor":37.0},{"not_picked":["Expertise+1","Escape Plan","Slice+1"],"picked":"Leg Sweep","floor":37.0},{"not_picked":["Glass Knife","PiercingWail+1","Quick Slash+1"],"picked":"Backflip+1","floor":37.0},{"not_picked":["PiercingWail","Quick Slash","Flying Knee"],"picked":"Deflect+1","floor":37.0},{"not_picked":["Deflect+1","Flechettes","Eviscerate+1","Dash"],"picked":"SKIP","floor":38.0},{"not_picked":["Grand Finale","Acrobatics","Slice+1"],"picked":"Dagger Throw","floor":40.0},{"not_picked":["Deadly Poison+1","Blur+1","Acrobatics+1"],"picked":"Envenom+1","floor":45},{"not_picked":["Bane+1","Dodge and Roll+1","Dash+1"],"picked":"Escape Plan+1","floor":47},{"not_picked":["Quick Slash+1","Dagger Throw+1","Caltrops+1"],"picked":"Cloak And Dagger+1","floor":48}],"player_experience":2553030,"relics_obtained":[{"floor":6.0,"key":"Happy Flower"},{"floor":9.0,"key":"Frozen Egg 2"},{"floor":11.0,"key":"Ginger"},{"floor":14.0,"key":"Blue Candle"},{"floor":17.0,"key":"CeramicFish"},{"floor":17.0,"key":"Question Card"},{"floor":17.0,"key":"Torii"},{"floor":24.0,"key":"TungstenRod"},{"floor":26.0,"key":"Ninja Scroll"},{"floor":31.0,"key":"Unceasing Top"},{"floor":40.0,"key":"Gremlin Horn"},{"floor":42,"key":"FossilizedHelix"},{"floor":43,"key":"Oddly Smooth Stone"},{"floor":45,"key":"Molten Egg 2"},{"floor":48,"key":"Art of War"}],"event_choices":[{"damage_healed":0.0,"max_hp_gain":0.0,"max_hp_loss":0.0,"gold_gain":0.0,"event_name":"Upgrade Shrine","player_choice":"Upgraded","floor":3.0,"gold_loss":0.0,"damage_taken":0.0,"cards_upgraded":["Neutralize"]},{"damage_healed":0.0,"max_hp_gain":0.0,"max_hp_loss":0.0,"gold_gain":0.0,"event_name":"Accursed Blacksmith","player_choice":"Rummage","floor":21.0,"gold_loss":0.0,"damage_taken":0.0,"relics_obtained":["WarpedTongs"],"cards_obtained":["Pain"]},{"damage_healed":0,"gold_gain":0,"player_choice":"0 cards matched","damage_taken":0,"max_hp_gain":0,"max_hp_loss":0,"event_name":"Match and Keep!","floor":46,"gold_loss":0,"cards_obtained":[]}],"is_beta":true,"boss_relics":[{"not_picked":["Coffee Dripper","Tiny House"],"picked":"Calling Bell"},{"not_picked":["WristBlade","Fusion Hammer"],"picked":"Cursed Key"}],"items_purged_floors":[],"is_endless":false,"potions_floor_spawned":[6,7,14,16,18,22,24,30,33,38,40,47,48],"killed_by":"Awakened One","ascension_level":1}}