{"host":"bxdue9bkfm2khp2x","time":1609925576,"event":{"mods":["ATMod(阿瑾Mod)","Aspiration","BaseMod","Better Vampires","Challenge The Spire","Colored Powertips","Conspire","Decade(王小明)","Dota2Spire","Highlight Path","Marisa（F雨　魔理沙）","Minty Spire (QoL Compilation)","MostiFishMod","Replay The Spire","RumiaBox-露米娅的神秘盒子","Spicy Shops","StSLib","Td1madao Mod","The Alterego","The Cursed","The Servant 0.9.4","WarShipGirlsR/战舰少女R mod","Youmu（魂魄妖梦）","noobMod","vexMod","【功能Mod】混沌之环修复补丁","【遗物卡牌】REMEMod","篝火指南"],"gold_per_floor":[118,137,149,168,181,106,106,106,106,106,118,130,143,156,156,233,233,247,259,275,290,309,309,324,324,324,339,339,123,123,123,123,195,195,209,209,222,222,240,273,273,301,301,336,336,336,73,89,89,89,89],"floor_reached":52,"playtime":2229,"items_purged":["Strike_YM","Strike_YM","Defend_YM"],"score":1980,"play_id":"ea1e54aa-6aed-4302-bc59-c9b6e96550f2","local_time":"20210106173256","is_ascension_mode":true,"campfire_choices":[{"data":"SlashOfMeditation","floor":8.0,"key":"SMITH"},{"data":"WheelOfPainOfLivingAndDead","floor":10.0,"key":"SMITH"},{"data":"SwordExtraction","floor":15.0,"key":"SMITH"},{"data":"AT_KingSlayer","floor":23,"key":"SMITH"},{"data":"SuddenDivineSeveringOfKarmicWind","floor":28,"key":"SMITH"},{"data":"ThreeKonsSevenHakus","floor":30,"key":"SMITH"},{"data":"SlashOfPresentWorld","floor":32,"key":"SMITH"},{"data":"MatsuyoiReflectingSatelliteSlash","floor":41,"key":"SMITH"},{"data":"SuddenDivineSeveringOfKarmicWind+1","floor":46,"key":"SMITH"},{"data":"SuddenDivineSeveringOfKarmicWind+2","floor":49,"key":"SMITH"}],"circlet_count":0,"master_deck":["AscendersBane","Strike_YM","Strike_YM","Defend_YM","Defend_YM","Defend_YM","SlashOfPresentWorld+1","WheelOfPainOfLivingAndDead+1","Apotheosis+1","AT_KingSlayer+1","ConstancyOfTheConventionalTruth+1","SlashOfMeditation+1","ThreeKonsSevenHakus+1","SwordExtraction+1","MatsuyoiReflectingSatelliteSlash+1","SuddenDivineSeveringOfKarmicWind+3","HumanGodSword"],"relics":["HalfPhantom","DaveBox","REME_ComplimentaryCards","ice","AT_ATBox","Civilization","SynthV:TestCard","REME_HourglassOfDeath","vexMod:BigBerry","aspiration:FrozenJewel","BargainBundle","Ornamental Fan","ReplayTheSpireMod:Lightbulb","conspire:InfiniteJournal","Kunai"],"acts_visited":["Exordium","TheCity","TheBeyond"],"potions_floor_usage":[44],"damage_taken":[{"damage":6.0,"enemies":"2 Louse","floor":1.0,"turns":5.0},{"damage":0.0,"enemies":"Cultist","floor":2.0,"turns":4.0},{"damage":0.0,"enemies":"Small Slimes","floor":3.0,"turns":3.0},{"damage":0.0,"enemies":"Looter","floor":4.0,"turns":3.0},{"damage":4.0,"enemies":"Exordium Wildlife","floor":5.0,"turns":3.0},{"damage":0.0,"enemies":"3 Louse","floor":11.0,"turns":1.0},{"damage":0.0,"enemies":"Exordium Thugs","floor":12.0,"turns":2.0},{"damage":0.0,"enemies":"Lots of Slimes","floor":13.0,"turns":1.0},{"damage":0.0,"enemies":"Exordium Wildlife","floor":14.0,"turns":3.0},{"damage":0.0,"enemies":"Slime Boss","floor":16.0,"turns":4.0},{"damage":0,"enemies":"Chosen","floor":18,"turns":1},{"damage":0,"enemies":"Spheric Guardian","floor":19,"turns":1},{"damage":0,"enemies":"Cultist and Chosen","floor":20,"turns":3},{"damage":0,"enemies":"conspire:HollyBat","floor":21,"turns":10},{"damage":0,"enemies":"Snake Plant","floor":22,"turns":1},{"damage":0,"enemies":"Centurion and Healer","floor":24,"turns":1},{"damage":0,"enemies":"conspire:HollyBat","floor":27,"turns":5},{"damage":0,"enemies":"Automaton","floor":33,"turns":2},{"damage":0,"enemies":"Orb Walker","floor":35,"turns":1},{"damage":14,"enemies":"3 Shapes","floor":37,"turns":1},{"damage":0,"enemies":"Maw","floor":39,"turns":3},{"damage":0,"enemies":"Giant Head","floor":40,"turns":2},{"damage":0,"enemies":"R_Hoarder","floor":42,"turns":1},{"damage":0,"enemies":"Nemesis","floor":44,"turns":2},{"damage":0,"enemies":"Jaw Worm Horde","floor":48,"turns":2},{"damage":0,"enemies":"Replay:Hell Engine","floor":50,"turns":2},{"damage":3,"enemies":"conspire:OrnateMirror","floor":51,"turns":3}],"seed_played":"-1074767700598489851","potions_obtained":[{"floor":2.0,"key":"FearPotion"},{"floor":3.0,"key":"Fire Potion"},{"floor":19,"key":"SpeedPotion"},{"floor":24,"key":"AttackPotion"},{"floor":39,"key":"Flashbang"}],"is_trial":false,"path_per_floor":["M","M","M","M","M","R","?","R","T","R","M","M","M","M","R","B",null,"M","M","M","M","M","R","M","?","T","M","R","$","R","?","R","B",null,"M","?","M","?","M","E","R","E","T","E","?","R","$","M","R","B","B",null],"character_chosen":"YOUMU","items_purchased":["BargainBundle","Block Potion","Dexterity Potion","Kunai"],"campfire_rested":0,"item_purchase_floors":[29,29,29,47],"current_hp_per_floor":[59,62,67,73,77,77,77,77,77,77,88,101,119,139,139,162,205,229,254,281,309,338,338,369,350,350,382,382,382,382,245,245,280,404,440,440,465,491,531,572,572,614,614,657,657,657,657,703,703,751,798],"gold":89,"neow_bonus":"UPGRADE_CARD","is_daily":false,"chose_seed":false,"campfire_upgraded":10,"win_rate":0.0,"timestamp":1609925576,"path_taken":["M","M","M","M","M","R","?","R","T","R","?","?","M","M","R","BOSS","M","M","M","M","M","R","M","?","T","M","R","$","R","?","R","BOSS","M","?","M","?","M","E","R","E","T","E","?","R","$","M","R","BOSS","BOSS"],"items_purchased_type":["Relic","Potion","Potion","Relic"],"build_version":"2020-12-22","purchased_purges":3,"victory":true,"max_hp_per_floor":[72,75,80,86,94,94,94,94,94,94,105,118,136,156,156,179,209,233,258,285,313,342,342,373,373,373,405,405,405,405,410,410,445,445,481,481,520,520,560,601,601,643,643,686,686,686,686,732,732,780,830],"card_choices":[{"not_picked":["ThreeKonsSevenHakus","TwoHundredYojanaInOneSlash"],"picked":"ConstancyOfTheConventionalTruth","floor":1.0},{"not_picked":["FlashingScatteredFlowers","CherryBlossomFlashing","TwoHundredYojanaInOneSlash","HumanKnowledgeSword","DispleasureOfTheSevenHakus"],"picked":"SKIP","floor":2.0},{"not_picked":["ASingleThoughtAndInfiniteKalpas","LowerRealmReflectionSlash","HumanKnowledgeSword","ThreeKonsSevenHakus","HeartExcerptSlash"],"picked":"SKIP","floor":3.0},{"not_picked":["FiveSignsOfTheDyingDeva","ThreeKonsSevenHakus","TransmigrationSlash","LightFlashOfTheNetherworld"],"picked":"SlashOfMeditation","floor":4.0},{"not_picked":["CrescentMoonSlash","LowerRealmReflectionSlash","TwoHundredYojanaInOneSlash","FlashingScatteredFlowers"],"picked":"ThreeKonsSevenHakus","floor":5.0},{"not_picked":["SlashOfDepartureFromHesitation","CrescentMoonSlash","FlashingScatteredFlowers","SlashOfDelusionalInnerEye"],"picked":"SwordExtraction","floor":11.0},{"not_picked":["FiveSignsOfTheDyingDeva","FlashingScatteredFlowers","SwordExtraction","SwordOfBindingDesires"],"picked":"MatsuyoiReflectingSatelliteSlash","floor":12.0},{"not_picked":["LowerRealmReflectionSlash","GhostSword","ThreeKonsSevenHakus","HeavenlyHaloSlash","HeartExcerptSlash"],"picked":"SKIP","floor":13.0},{"not_picked":["ObsessionWithThePresentWorld","TwoHundredYojanaInOneSlash","PhosphoricSlash","FlashingScatteredFlowers","LightFlashOfTheNetherworld"],"picked":"SKIP","floor":14.0},{"not_picked":["WickedSoul","HeavenGodSword","SlashOfTheEternalFuture","VoidnessSword"],"picked":"SuddenDivineSeveringOfKarmicWind","floor":16.0},{"not_picked":["RapidSlash","SanzenSekai","FourBirthsSword","GhostSword","SpiritCuttingSword"],"picked":"SKIP","floor":18},{"not_picked":["RapidSlash","CrescentMoonSlash","SpiritMediumsBind","DispleasureOfTheSevenHakus","CherryBlossomSword"],"picked":"SKIP","floor":19},{"not_picked":["HumanKnowledgeSword","FlashingScatteredFlowers","LotusPostureSlash","SlashOfMeditation","ThreeKonsSevenHakus"],"picked":"SKIP","floor":20},{"not_picked":["HesitationCuttingSword","SpiritCuttingSword","DispleasureOfTheSevenHakus","PretaSword","CrescentMoonSlash"],"picked":"SKIP","floor":21},{"not_picked":["SlashClearingTheSixSenses","KarmicPunishmentOfTheIdleAndUnfocused","SlashOfDelusionalInnerEye","FastingOfTheYoungPreta","SpiderLilyBurial"],"picked":"SKIP","floor":22},{"not_picked":["LifeCuttingSword+1","SpiritCuttingSword+1","FourBirthsSword","HiganSword","SanzenSekai"],"picked":"SKIP","floor":24},{"not_picked":["FlashingScatteredFlowers","TwoHundredYojanaInOneSlash","HiganSword","SpiritCuttingSword","LowerRealmReflectionSlash"],"picked":"SKIP","floor":27},{"not_picked":["HumanKnowledgeSword","ThreeKonsSevenHakus+1","SlashClearingTheSixSenses","HesitationCuttingSword+1","HeartExcerptSlash"],"picked":"SKIP","floor":35},{"not_picked":["SwordOfBindingDesires","TenKingsRetributionOnThePreta+1","RapidSlash","LifeCuttingSword+1","SanzenSekai"],"picked":"SKIP","floor":37},{"not_picked":["SwordOfBindingDesires","ConstancyOfTheConventionalTruth+1","TwoHundredYojanaInOneSlash+1","CherryBlossomFlashing","LifeCuttingSword+1"],"picked":"SKIP","floor":39},{"not_picked":["SpiritMediumsBind+1","HumanKnowledgeSword+1","ThoughtCuttingSword","HeavenGodSword","PhosphoricSlash"],"picked":"SKIP","floor":40},{"not_picked":["FlashingScatteredFlowers+1","DispleasureOfTheSevenHakus","ThoughtCuttingSword","SpiderLilyBurial","HeartExcerptSlash"],"picked":"SKIP","floor":42},{"not_picked":["SwordOfBindingDesires","SlashOfDelusionalInnerEye","SwordExtraction+1","HesitationCuttingSword"],"picked":"HumanGodSword","floor":44},{"not_picked":["HumanKnowledgeSword","SanzenSekai+1","CrescentMoonSlash","TwoHundredYojanaInOneSlash+1","SwordExtraction+1"],"picked":"SKIP","floor":48}],"player_experience":1342121,"relics_obtained":[{"floor":1.0,"key":"SynthV:TestCard"},{"floor":9.0,"key":"REME_HourglassOfDeath"},{"floor":26,"key":"aspiration:FrozenJewel"},{"floor":40,"key":"Ornamental Fan"},{"floor":42,"key":"ReplayTheSpireMod:Lightbulb"},{"floor":44,"key":"conspire:InfiniteJournal"}],"event_choices":[{"damage_healed":0.0,"max_hp_gain":0.0,"max_hp_loss":0.0,"gold_gain":0.0,"event_name":"Accursed Blacksmith","player_choice":"Forge","floor":7.0,"gold_loss":0.0,"damage_taken":0.0,"cards_upgraded":["ConstancyOfTheConventionalTruth"]},{"damage_healed":0,"gold_gain":0,"player_choice":"Leave","damage_taken":0,"max_hp_gain":0,"max_hp_loss":0,"event_name":"conspire:Investor","floor":25,"gold_loss":0},{"damage_healed":0,"gold_gain":0,"player_choice":"Shed Blood","damage_taken":142,"max_hp_gain":5,"max_hp_loss":0,"event_name":"Forgotten Altar","floor":31,"gold_loss":0},{"damage_healed":0,"gold_gain":0,"player_choice":"Memory 1","damage_taken":0,"max_hp_gain":0,"max_hp_loss":0,"event_name":"SensoryStone","floor":36,"gold_loss":0},{"damage_healed":0,"gold_gain":0,"player_choice":"Ignored","damage_taken":0,"max_hp_gain":0,"max_hp_loss":0,"event_name":"Tomb of Lord Red Mask","floor":45,"gold_loss":0}],"is_beta":false,"boss_relics":[{"not_picked":["aspiration:WatcherSkillbook","Replay:Wanted Poster"],"picked":"vexMod:BigBerry"},{"not_picked":["REME_LowDesire","Busted Crown","vexMod:RockOfEvil"]}],"items_purged_floors":[6,29,47],"is_endless":false,"potions_floor_spawned":[2,3,4,12,19,24,33,39,40],"ascension_level":20}}