{"host":"gk5m6v7zec9neb0j","time":1609892609,"event":{"mods":["AchievementEnabler","AlwaysNeverKeys","BaseMod","BetterRewards","Block Reminder","Minty Spire (QoL Compilation)","Rare Cards Sparkle","Relic Stats","StSLib"],"gold_per_floor":[114,189,207,68,84,84,96,96,96,107,107,117,145,145,145,274,274,297,297,313,36,49,49,49,49,101,122,143,143,168,168,168,271,271,288,64,81,81,95,95,95,95,95,107,14,34,47,61,61,61,61,61,61,61,61],"floor_reached":54,"playtime":3001,"items_purged":["Strike_G","Strike_G","Strike_G"],"score":923,"play_id":"87ae5b3f-e962-4321-937b-7f7699ef1a81","local_time":"20210105192329","is_ascension_mode":false,"campfire_choices":[{"data":"Neutralize","floor":6,"key":"SMITH"},{"data":"Concentrate","floor":8,"key":"SMITH"},{"floor":11,"key":"REST"},{"floor":15,"key":"REST"},{"data":"Outmaneuver","floor":23,"key":"SMITH"},{"data":"Bullet Time","floor":25,"key":"SMITH"},{"floor":32,"key":"REST"},{"data":"Mayhem","floor":42,"key":"SMITH"},{"floor":49,"key":"REST"},{"data":"Mayhem","floor":52,"key":"SMITH"}],"circlet_count":0,"master_deck":["Defend_G","Defend_G","Defend_G","Defend_G","Defend_G","Survivor","Neutralize+1","Mayhem+1","Slice","Concentrate+1","Quick Slash","Dodge and Roll","Outmaneuver+1","Footwork","Backflip","Escape Plan","Bullet Time+1","Predator+1","Die Die Die+1","Calculated Gamble","Outmaneuver","Mayhem+1"],"relics":["Ring of the Snake","Ice Cream","Molten Egg 2","Calipers","Bloody Idol","HoveringKite","MutagenicStrength","Blood Vial","Mummified Hand","Toy Ornithopter","Empty Cage","Membership Card","Vajra","Toxic Egg 2"],"acts_visited":["Exordium","TheCity","TheBeyond","TheEnding"],"potions_floor_usage":[10,10,22,33,33,40,47,48],"damage_taken":[{"damage":0,"enemies":"Jaw Worm","floor":1,"turns":4},{"damage":0,"enemies":"Cultist","floor":3,"turns":4},{"damage":0,"enemies":"Small Slimes","floor":5,"turns":5},{"damage":0,"enemies":"2 Fungi Beasts","floor":7,"turns":4},{"damage":2,"enemies":"Exordium Wildlife","floor":10,"turns":5},{"damage":0,"enemies":"Red Slaver","floor":12,"turns":6},{"damage":0,"enemies":"Lagavulin","floor":13,"turns":11},{"damage":36,"enemies":"Hexaghost","floor":16,"turns":13},{"damage":10,"enemies":"3 Byrds","floor":18,"turns":7},{"damage":0,"enemies":"Spheric Guardian","floor":20,"turns":4},{"damage":12,"enemies":"Cultist and Chosen","floor":22,"turns":7},{"damage":2,"enemies":"3 Cultists","floor":27,"turns":6},{"damage":15,"enemies":"Snecko","floor":28,"turns":8},{"damage":10,"enemies":"Snake Plant","floor":30,"turns":5},{"damage":0,"enemies":"Collector","floor":33,"turns":19},{"damage":7,"enemies":"3 Darklings","floor":35,"turns":7},{"damage":5,"enemies":"Orb Walker","floor":37,"turns":4},{"damage":19,"enemies":"Sphere and 2 Shapes","floor":39,"turns":9},{"damage":0,"enemies":"Nemesis","floor":40,"turns":3},{"damage":1,"enemies":"Transient","floor":44,"turns":5},{"damage":1,"enemies":"Spire Growth","floor":46,"turns":9},{"damage":11,"enemies":"Maw","floor":47,"turns":12},{"damage":51,"enemies":"4 Shapes","floor":48,"turns":9},{"damage":29,"enemies":"Awakened One","floor":50,"turns":43},{"damage":67,"enemies":"Shield and Spear","floor":54,"turns":3}],"seed_played":"7304197102034178295","potions_obtained":[{"floor":1,"key":"DistilledChaos"},{"floor":5,"key":"CunningPotion"},{"floor":7,"key":"Ancient Potion"},{"floor":10,"key":"Dexterity Potion"},{"floor":27,"key":"Energy Potion"},{"floor":30,"key":"PowerPotion"},{"floor":33,"key":"LiquidMemories"},{"floor":35,"key":"SmokeBomb"}],"is_trial":false,"path_per_floor":["M","?","M","$","M","R","M","R","T","M","R","M","E","?","R","B",null,"M","?","M","$","M","R","T","R","T","M","M","$","M","?","R","B",null,"M","$","M","$","M","E","?","R","T","M","$","M","M","M","R","B",null,"R","$","E"],"character_chosen":"THE_SILENT","items_purchased":["Mayhem","Slice","Concentrate","Quick Slash","Footwork","Blood Vial","Membership Card","Vajra","Mayhem"],"campfire_rested":4,"item_purchase_floors":[0,0,0,0,4,21,36,36,45],"current_hp_per_floor":[42,35,35,35,35,35,35,35,35,33,54,54,54,54,65,29,65,55,55,55,55,45,45,45,45,45,45,32,32,24,24,43,60,65,63,63,65,65,51,58,58,58,58,64,64,65,59,19,38,11,65,65,65,0,0],"gold":61,"neow_bonus":"","is_daily":false,"chose_seed":false,"campfire_upgraded":6,"win_rate":0.0,"timestamp":1609892609,"path_taken":["M","?","M","$","M","R","M","R","T","?","R","M","E","?","R","BOSS","M","?","M","$","M","R","?","R","T","M","?","$","M","?","R","BOSS","M","$","M","$","M","E","?","R","T","M","$","M","M","M","R","BOSS","R","$","E"],"items_purchased_type":["Card","Card","Card","Card","Card","Relic","Relic","Relic","Card"],"build_version":"2020-12-22","purchased_purges":3,"victory":false,"max_hp_per_floor":[70,70,70,70,70,70,70,70,70,70,70,70,70,65,65,65,65,65,65,65,65,65,65,65,65,65,65,65,65,65,65,65,65,65,65,65,65,65,65,65,65,65,65,65,65,65,65,65,65,65,65,65,65,65,65],"relic_stats":{"Blood Vial":51,"counters":[172,996],"Mummified Hand":[161],"Bloody Idol":36,"HoveringKite":[89],"obtain_stats":[{"Ice Cream":7,"Calipers":13,"HoveringKite":34,"Vajra":43,"Ginger":0,"Whetstone":11,"Bottled Tornado":43,"Blood Vial":17,"Sozu":34,"Sundial":24,"DollysMirror":4,"Strawberry":26,"Prayer Wheel":38,"Kunai":0,"Toxic Egg 2":28,"Happy Flower":13,"Astrolabe":34,"Oddly Smooth Stone":0,"Eternal Feather":54,"Question Card":48,"Bottled Flame":25,"Shuriken":0,"Bronze Scales":10,"MutagenicStrength":19,"Molten Egg 2":9,"Black Star":17,"StrikeDummy":27,"Meat on the Bone":17,"Pocketwatch":17,"Regal Pillow":9,"Torii":0,"Singing Bowl":43,"Enchiridion":22,"Juzu Bracelet":43,"Ancient Tea Set":4,"Empty Cage":17,"ClockworkSouvenir":20,"Tough Bandages":25,"Nunchaku":31,"Matryoshka":37,"WristBlade":34,"Mummified Hand":30,"Pantograph":12,"Tiny Chest":26,"WingedGreaves":17,"Red Mask":47,"Chemical X":37,"InkBottle":54,"Ring of the Snake":0,"Potion Belt":9,"Golden Idol":3,"White Beast Statue":9,"Peace Pipe":9,"Calling Bell":17,"Ornamental Fan":0,"Bloody Idol":31,"Orrery":0,"Turnip":38,"Art of War":17,"Bottled Lightning":43,"Membership Card":36,"Toy Ornithopter":27},{"Ice Cream":11,"Calipers":154,"HoveringKite":21,"Vajra":91,"Ginger":97,"Whetstone":100,"Bottled Tornado":52,"Blood Vial":129,"Sozu":136,"Sundial":44,"DollysMirror":123,"Strawberry":107,"Prayer Wheel":138,"Kunai":31,"Toxic Egg 2":108,"Happy Flower":12,"Astrolabe":86,"Oddly Smooth Stone":122,"Eternal Feather":146,"Question Card":94,"Bottled Flame":16,"Shuriken":97,"Bronze Scales":36,"MutagenicStrength":156,"Molten Egg 2":151,"Black Star":13,"StrikeDummy":17,"Meat on the Bone":80,"Pocketwatch":129,"Regal Pillow":36,"Torii":31,"Singing Bowl":116,"Enchiridion":68,"Juzu Bracelet":141,"Ancient Tea Set":2,"Empty Cage":103,"ClockworkSouvenir":41,"Tough Bandages":16,"Nunchaku":85,"Matryoshka":137,"WristBlade":112,"Mummified Hand":110,"Pantograph":11,"Tiny Chest":16,"WingedGreaves":80,"Red Mask":54,"Chemical X":22,"InkBottle":57,"Ring of the Snake":0,"Potion Belt":3,"Golden Idol":2,"White Beast Statue":11,"Peace Pipe":62,"Calling Bell":80,"Ornamental Fan":72,"Bloody Idol":161,"Orrery":58,"Turnip":116,"Art of War":80,"Bottled Lightning":24,"Membership Card":163,"Toy Ornithopter":17},{"Ice Cream":57,"Calipers":823,"HoveringKite":124,"Vajra":558,"Ginger":599,"Whetstone":611,"Bottled Tornado":309,"Blood Vial":722,"Sozu":746,"Sundial":249,"DollysMirror":699,"Strawberry":637,"Prayer Wheel":755,"Kunai":183,"Toxic Egg 2":643,"Happy Flower":68,"Astrolabe":533,"Oddly Smooth Stone":696,"Eternal Feather":781,"Question Card":574,"Bottled Flame":94,"Shuriken":599,"Bronze Scales":206,"MutagenicStrength":843,"Molten Egg 2":801,"Black Star":79,"StrikeDummy":100,"Meat on the Bone":500,"Pocketwatch":722,"Regal Pillow":206,"Torii":183,"Singing Bowl":676,"Enchiridion":435,"Juzu Bracelet":766,"Ancient Tea Set":5,"Empty Cage":621,"ClockworkSouvenir":234,"Tough Bandages":94,"Nunchaku":521,"Matryoshka":750,"WristBlade":661,"Mummified Hand":652,"Pantograph":57,"Tiny Chest":94,"WingedGreaves":500,"Red Mask":329,"Chemical X":129,"InkBottle":364,"Ring of the Snake":0,"Potion Belt":9,"Golden Idol":5,"White Beast Statue":57,"Peace Pipe":387,"Calling Bell":500,"Ornamental Fan":459,"Bloody Idol":873,"Orrery":367,"Turnip":676,"Art of War":500,"Bottled Lightning":139,"Membership Card":899,"Toy Ornithopter":100}],"Toy Ornithopter":19,"Ring of the Snake":[344]},"card_choices":[{"not_picked":["Predator","Catalyst"],"picked":"Dodge and Roll","floor":1},{"not_picked":["Infinite Blades","Endless Agony"],"picked":"Outmaneuver","floor":3},{"not_picked":["Eviscerate","Predator"],"picked":"Backflip","floor":5},{"not_picked":["Prepared","Sucker Punch"],"picked":"Escape Plan","floor":7},{"not_picked":["Riddle With Holes+1","Quick Slash+1"],"picked":"Acrobatics","floor":10},{"not_picked":["Noxious Fumes","Quick Slash+1"],"picked":"Bullet Time","floor":12},{"not_picked":["PiercingWail","Corpse Explosion"],"picked":"Predator+1","floor":13},{"not_picked":["Malaise","Venomology"],"picked":"Die Die Die+1","floor":16},{"not_picked":["Escape Plan+1","Slice+1"],"picked":"Calculated Gamble","floor":18},{"not_picked":["Infinite Blades","Backflip","Masterful Stab+1"],"picked":"SKIP","floor":20},{"not_picked":["Calculated Gamble","Poisoned Stab+1"],"picked":"Outmaneuver","floor":22},{"not_picked":["Bouncing Flask+1","Prepared+1","Finisher+1"],"picked":"SKIP","floor":27},{"not_picked":["Bouncing Flask+1","Prepared+1","Finisher+1"],"picked":"SKIP","floor":27},{"not_picked":["All Out Attack+1","Noxious Fumes","Heel Hook+1"],"picked":"SKIP","floor":28},{"not_picked":["Slice+1","Unload+1","Dagger Spray+1"],"picked":"SKIP","floor":30},{"not_picked":["Endless Agony+1","Dagger Throw+1","Slice+1"],"picked":"SKIP","floor":35},{"not_picked":["Slice+1","Reflex+1","Dagger Spray+1"],"picked":"SKIP","floor":37},{"not_picked":["Dodge and Roll+1","Leg Sweep","All Out Attack+1"],"picked":"SKIP","floor":39},{"not_picked":["Heel Hook+1","Dagger Throw+1","Dodge and Roll+1"],"picked":"SKIP","floor":44},{"not_picked":["Dagger Spray+1","Outmaneuver+1","Cloak And Dagger+1"],"picked":"SKIP","floor":46},{"not_picked":["All Out Attack+1","Poisoned Stab+1","Blade Dance+1"],"picked":"SKIP","floor":47},{"not_picked":["Deadly Poison+1","Bouncing Flask+1","Noxious Fumes+1"],"picked":"SKIP","floor":48}],"player_experience":736192,"relics_obtained":[{"floor":9,"key":"Molten Egg 2"},{"floor":13,"key":"Calipers"},{"floor":24,"key":"Mummified Hand"},{"floor":26,"key":"Toy Ornithopter"},{"floor":43,"key":"Toxic Egg 2"}],"event_choices":[{"damage_healed":0,"gold_gain":75,"player_choice":"Touch","damage_taken":7,"max_hp_gain":0,"max_hp_loss":0,"event_name":"FaceTrader","floor":2,"gold_loss":0},{"damage_healed":0,"gold_gain":0,"player_choice":"Lose Max HP","damage_taken":0,"relics_obtained":["Golden Idol"],"max_hp_gain":0,"max_hp_loss":5,"event_name":"Golden Idol","floor":14,"gold_loss":0},{"damage_healed":0,"gold_gain":0,"player_choice":"Inject Mutagens","damage_taken":0,"relics_obtained":["MutagenicStrength"],"max_hp_gain":0,"max_hp_loss":0,"event_name":"Drug Dealer","floor":19,"gold_loss":0},{"damage_healed":0,"gold_gain":0,"player_choice":"Gave Idol","damage_taken":0,"relics_obtained":["Bloody Idol"],"max_hp_gain":0,"max_hp_loss":0,"event_name":"Forgotten Altar","floor":31,"relics_lost":["Golden Idol"],"gold_loss":0},{"cards_removed":["Acrobatics"],"damage_healed":0,"gold_gain":0,"player_choice":"Removed Skill","damage_taken":0,"max_hp_gain":0,"max_hp_loss":0,"event_name":"Falling","floor":41,"gold_loss":0}],"is_beta":false,"boss_relics":[{"not_picked":["SlaversCollar","Philosopher\u0027s Stone"],"picked":"HoveringKite"},{"not_picked":["WristBlade","Runic Pyramid"],"picked":"Empty Cage"}],"items_purged_floors":[0,4,21],"is_endless":false,"potions_floor_spawned":[1,5,7,10,13,27,30,33,35,40,46,48],"killed_by":"Shield and Spear","ascension_level":0}}