{"host":"jwbw4f4imxd0v0b0","time":1609975820,"event":{"mods":["BaseMod","Colored Map","Highlight Path","Minty Spire (QoL Compilation)","Relic Stats","StSLib"],"gold_per_floor":[109,125,125,50,50,50,80,80,80,80,92,117,117,136,136,236,236,247,260,65,65,85,85,122,147,170,170,207,22,35,61,61,166,166,180,208,226,285,245,245,279,279,279,279,54,77,77,92,92,92,92,92,43,81,81,81],"floor_reached":55,"playtime":3551,"items_purged":["Decay"],"score":743,"play_id":"68d94556-9e2e-4c80-bb88-6f25d29ba3ae","local_time":"20210106173020","is_ascension_mode":false,"campfire_choices":[{"data":"Footwork","floor":6.0,"key":"SMITH"},{"data":"Neutralize","floor":8.0,"key":"SMITH"},{"data":"Dodge and Roll","floor":10.0,"key":"SMITH"},{"data":"PiercingWail","floor":15.0,"key":"SMITH"},{"data":"Night Terror","floor":23.0,"key":"SMITH"},{"data":"Wraith Form v2","floor":27.0,"key":"SMITH"},{"floor":32.0,"key":"REST"},{"data":"Accuracy","floor":40.0,"key":"SMITH"},{"data":"Wraith Form v2","floor":42.0,"key":"SMITH"},{"data":"Blade Dance","floor":44.0,"key":"SMITH"},{"data":"Burst","floor":47.0,"key":"SMITH"},{"floor":49.0,"key":"RECALL"},{"data":"PiercingWail","floor":52.0,"key":"SMITH"}],"circlet_count":0,"master_deck":["Survivor","Neutralize+1","Cloak And Dagger","Blade Dance+1","Footwork+1","Dodge and Roll+1","Caltrops","PiercingWail+1","Envenom","Blur","Blade Dance","Night Terror","Backstab","Deadly Poison","Expertise","Accuracy","Caltrops","Night Terror+1","Accuracy+1","Terror","Blade Dance+1","Wraith Form v2+1","Calculated Gamble","Wraith Form v2+1","Outmaneuver","Wraith Form v2+1","Blade Dance+1","Madness","Madness","Blur+1","Footwork+1","PiercingWail+1","Burst+1","A Thousand Cuts+1"],"relics":["Ring of the Snake","Tough Bandages","Question Card","Strawberry","Pandora\u0027s Box","MutagenicStrength","CeramicFish","Ancient Tea Set","Unceasing Top","DollysMirror","WristBlade","Ginger","Frozen Egg 2","Oddly Smooth Stone"],"acts_visited":["Exordium","TheCity","TheBeyond","TheEnding"],"potions_floor_usage":[55,55],"damage_taken":[{"damage":0.0,"enemies":"Cultist","floor":1.0,"turns":4.0},{"damage":0.0,"enemies":"2 Louse","floor":2.0,"turns":3.0},{"damage":10.0,"enemies":"3 Sentries","floor":7.0,"turns":14.0},{"damage":0.0,"enemies":"Jaw Worm","floor":11.0,"turns":3.0},{"damage":7.0,"enemies":"Gremlin Nob","floor":12.0,"turns":5.0},{"damage":5.0,"enemies":"Lots of Slimes","floor":14.0,"turns":5.0},{"damage":57.0,"enemies":"Slime Boss","floor":16.0,"turns":14.0},{"damage":7.0,"enemies":"3 Byrds","floor":18.0,"turns":3.0},{"damage":3.0,"enemies":"Shell Parasite","floor":19.0,"turns":4.0},{"damage":8.0,"enemies":"Snecko","floor":22.0,"turns":5.0},{"damage":13.0,"enemies":"Slavers","floor":24.0,"turns":6.0},{"damage":5.0,"enemies":"Chosen and Byrds","floor":25.0,"turns":4.0},{"damage":15.0,"enemies":"Gremlin Leader","floor":28.0,"turns":6.0},{"damage":10.0,"enemies":"Centurion and Healer","floor":30.0,"turns":5.0},{"damage":0.0,"enemies":"Cultist and Chosen","floor":31.0,"turns":4.0},{"damage":26.0,"enemies":"Champ","floor":33.0,"turns":19.0},{"damage":1.0,"enemies":"Orb Walker","floor":35.0,"turns":3.0},{"damage":5.0,"enemies":"3 Darklings","floor":36.0,"turns":6.0},{"damage":0.0,"enemies":"Mind Bloom Boss Battle","floor":38.0,"turns":3.0},{"damage":9.0,"enemies":"Giant Head","floor":41.0,"turns":6.0},{"damage":0.0,"enemies":"Spire Growth","floor":46.0,"turns":2.0},{"damage":16.0,"enemies":"Transient","floor":48.0,"turns":5.0},{"damage":51.0,"enemies":"Donu and Deca","floor":50.0,"turns":11.0},{"damage":48.0,"enemies":"Shield and Spear","floor":54.0,"turns":12.0},{"damage":41,"enemies":"The Heart","floor":55,"turns":6}],"seed_played":"2378464104070295367","potions_obtained":[{"floor":12.0,"key":"LiquidMemories"},{"floor":14.0,"key":"Block Potion"},{"floor":16.0,"key":"Regen Potion"},{"floor":22.0,"key":"Explosive Potion"},{"floor":25.0,"key":"Swift Potion"},{"floor":28.0,"key":"Poison Potion"},{"floor":31.0,"key":"SkillPotion"},{"floor":38.0,"key":"Poison Potion"},{"floor":39.0,"key":"Fruit Juice"},{"floor":39.0,"key":"FairyPotion"},{"floor":39.0,"key":"ColorlessPotion"},{"floor":46.0,"key":"BlessingOfTheForge"},{"floor":48.0,"key":"CultistPotion"},{"floor":54.0,"key":"BlessingOfTheForge"}],"is_trial":false,"path_per_floor":["M","M","?","$","?","R","E","R","T","R","M","E","?","M","R","B",null,"M","M","$","?","M","R","E","M","T","R","E","$","M","M","R","B",null,"M","M","?","?","?","R","E","R","T","R","$","M","R","M","R","B",null,"R","$","E","B"],"character_chosen":"THE_SILENT","items_purchased":["Footwork","Accuracy","Terror","DollysMirror","Block Potion","Oddly Smooth Stone","Footwork+1","PiercingWail","SpeedPotion"],"campfire_rested":1,"item_purchase_floors":[4,20,20,29,29,45,45,45,53],"current_hp_per_floor":[77,77,77,77,77,77,67,67,67,67,67,67,67,62,62,5,84,77,74,74,74,66,66,53,48,48,48,48,48,38,38,63,37,84,83,78,67,67,72,72,63,63,63,63,63,63,63,47,47,26,89,89,89,41,0,0],"gold":81,"neow_bonus":"TEN_PERCENT_HP_BONUS","is_daily":false,"chose_seed":false,"campfire_upgraded":11,"win_rate":0.0,"timestamp":1609975820,"path_taken":["M","?","?","$","?","R","E","R","T","R","?","E","?","M","R","BOSS","M","?","?","?","M","R","E","M","T","R","E","?","?","M","R","BOSS","M","M","?","?","?","R","E","R","T","R","$","?","R","M","R","BOSS","R","$","E","BOSS"],"items_purchased_type":["Card","Card","Card","Relic","Potion","Relic","Card","Card","Potion"],"build_version":"2020-12-22","purchased_purges":1,"victory":false,"max_hp_per_floor":[77,77,77,77,77,77,77,77,77,77,77,84,84,84,84,84,84,84,84,84,84,84,84,84,84,84,84,84,84,84,84,84,84,84,84,84,84,84,89,89,89,89,89,89,89,89,89,89,89,89,89,89,89,89,89,89],"relic_stats":{"Tough Bandages":[144],"counters":[25,158],"CeramicFish":126,"Pandora\u0027s Box":["Blur","Blade Dance","Night Terror","Backstab","Deadly Poison","Expertise","Accuracy","Caltrops","Night Terror"],"Ginger":[4],"Question Card":20,"obtain_stats":[{"CeramicFish":24,"Oddly Smooth Stone":45,"Ginger":38,"Frozen Egg 2":41,"Question Card":9,"Ancient Tea Set":26,"Tough Bandages":7,"WristBlade":34,"DollysMirror":29,"Strawberry":12,"MutagenicStrength":21,"Pandora\u0027s Box":17,"Unceasing Top":28,"Ring of the Snake":0},{"CeramicFish":11,"Oddly Smooth Stone":20,"Ginger":19,"Frozen Egg 2":20,"Question Card":3,"Ancient Tea Set":12,"Tough Bandages":3,"WristBlade":16,"DollysMirror":13,"Strawberry":5,"MutagenicStrength":9,"Pandora\u0027s Box":7,"Unceasing Top":13,"Ring of the Snake":0},{"CeramicFish":66,"Oddly Smooth Stone":122,"Ginger":116,"Frozen Egg 2":122,"Question Card":21,"Ancient Tea Set":70,"Tough Bandages":21,"WristBlade":104,"DollysMirror":76,"Strawberry":29,"MutagenicStrength":55,"Pandora\u0027s Box":48,"Unceasing Top":76,"Ring of the Snake":0}],"Unceasing Top":[3],"Ring of the Snake":[50]},"card_choices":[{"not_picked":["Caltrops","Acrobatics"],"picked":"Cloak And Dagger","floor":1.0},{"not_picked":["Deflect","Flechettes"],"picked":"Blade Dance","floor":2.0},{"not_picked":["Riddle With Holes","Underhanded Strike"],"picked":"Dodge and Roll","floor":7.0},{"not_picked":["Prepared","Cloak And Dagger","Endless Agony","Underhanded Strike"],"picked":"SKIP","floor":11.0},{"not_picked":["Setup","Prepared","Tools of the Trade"],"picked":"Caltrops","floor":12.0},{"not_picked":["Cloak And Dagger","Slice","Sucker Punch"],"picked":"PiercingWail","floor":14.0},{"not_picked":["Burst","Bullet Time","Malaise"],"picked":"Envenom","floor":16.0},{"not_picked":["Bane","Sucker Punch","Underhanded Strike","Dagger Throw"],"picked":"SKIP","floor":18.0},{"not_picked":["Dodge and Roll+1","Caltrops","Dagger Spray","Envenom"],"picked":"SKIP","floor":19.0},{"not_picked":["Flying Knee+1","Dodge and Roll+1","Acrobatics","Cloak And Dagger"],"picked":"SKIP","floor":22.0},{"not_picked":["Endless Agony","Escape Plan","Flying Knee"],"picked":"Blade Dance","floor":24.0},{"not_picked":["Underhanded Strike","Distraction","Noxious Fumes+1"],"picked":"Wraith Form v2","floor":25.0},{"not_picked":["Setup","Leg Sweep","Caltrops+1"],"picked":"Calculated Gamble","floor":28.0},{"not_picked":["Infinite Blades","Calculated Gamble","Masterful Stab+1","Blade Dance"],"picked":"SKIP","floor":30.0},{"not_picked":["Escape Plan+1","Sucker Punch","Catalyst+1"],"picked":"Outmaneuver","floor":31.0},{"not_picked":["After Image","Envenom","Bullet Time"],"picked":"Wraith Form v2","floor":33.0},{"not_picked":["Predator","Flying Knee","Acrobatics","Quick Slash"],"picked":"SKIP","floor":35.0},{"not_picked":["Acrobatics","Escape Plan+1","PiercingWail+1"],"picked":"Blade Dance+1","floor":36.0},{"not_picked":["Leg Sweep+1","Footwork","Riddle With Holes+1"],"picked":"Blur+1","floor":38.0},{"not_picked":["Poisoned Stab+1","Underhanded Strike","Bouncing Flask+1","Acrobatics+1"],"picked":"SKIP","floor":41.0},{"not_picked":["Slice+1","Masterful Stab+1","Bane"],"picked":"Burst","floor":46.0},{"not_picked":["Poisoned Stab+1","Flying Knee+1","Catalyst","Dagger Throw+1"],"picked":"SKIP","floor":48.0},{"not_picked":["Leg Sweep+1","Predator+1","Distraction+1"],"picked":"A Thousand Cuts+1","floor":54.0}],"player_experience":1003207,"relics_obtained":[{"floor":7.0,"key":"Tough Bandages"},{"floor":9.0,"key":"Question Card"},{"floor":12.0,"key":"Strawberry"},{"floor":24.0,"key":"CeramicFish"},{"floor":26.0,"key":"Ancient Tea Set"},{"floor":28.0,"key":"Unceasing Top"},{"floor":38.0,"key":"Ginger"},{"floor":41.0,"key":"Frozen Egg 2"}],"event_choices":[{"damage_healed":0.0,"max_hp_gain":0.0,"max_hp_loss":0.0,"gold_gain":0.0,"event_name":"Living Wall","player_choice":"Grow","floor":3.0,"gold_loss":0.0,"damage_taken":0.0,"cards_upgraded":["Blade Dance"]},{"cards_removed":["Strike_G"],"damage_healed":0.0,"max_hp_gain":0.0,"max_hp_loss":0.0,"gold_gain":0.0,"event_name":"Purifier","player_choice":"Purged","floor":5.0,"gold_loss":0.0,"damage_taken":0.0},{"damage_healed":0.0,"max_hp_gain":0.0,"max_hp_loss":0.0,"gold_gain":0.0,"event_name":"Wheel of Change","player_choice":"Cursed","floor":13.0,"gold_loss":0.0,"damage_taken":0.0,"cards_obtained":["Decay"]},{"damage_healed":0.0,"max_hp_gain":0.0,"max_hp_loss":0.0,"gold_gain":0.0,"event_name":"Drug Dealer","player_choice":"Inject Mutagens","floor":21.0,"gold_loss":0.0,"damage_taken":0.0,"relics_obtained":["MutagenicStrength"]},{"damage_healed":0.0,"max_hp_gain":0.0,"max_hp_loss":0.0,"gold_gain":0.0,"event_name":"Winding Halls","player_choice":"Embrace Madness","floor":37.0,"gold_loss":0.0,"damage_taken":11.0,"cards_obtained":["Madness","Madness"]},{"damage_healed":0.0,"max_hp_gain":0.0,"max_hp_loss":0.0,"gold_gain":0.0,"event_name":"MindBloom","player_choice":"Fight","floor":38.0,"gold_loss":0.0,"damage_taken":0.0},{"damage_healed":0.0,"max_hp_gain":0.0,"max_hp_loss":0.0,"gold_gain":0.0,"event_name":"The Woman in Blue","player_choice":"Bought 3 Potions","floor":39.0,"gold_loss":0.0,"damage_taken":0.0}],"is_beta":false,"boss_relics":[{"not_picked":["Philosopher\u0027s Stone","Snecko Eye"],"picked":"Pandora\u0027s Box"},{"not_picked":["SacredBark","Fusion Hammer"],"picked":"WristBlade"}],"items_purged_floors":[20],"is_endless":false,"potions_floor_spawned":[12,14,16,22,25,28,31,35,38,46,48,54],"killed_by":"The Heart","ascension_level":0}}