{"host":"n900smz9wr3yo27a","time":1609943221,"event":{"mods":["Arknights The Spire","BaseMod","CapriCore","GungeonMod","Hermit","Koishi","Lobotomy","Marisa£¨Ùöéë¡¡Øª×âÞÞ£©","Minty Spire (QoL Compilation)","Prisma Mod","Replay The Spire","StSLib","Td1madao Mod","The Animator","The Bug Knight","The Cursed","The Dragon Tamer","The Gatherer","The Hierophant","The Immortal","The Jungle","The Necromancer","The Poker Player","The Runesmith","WarShipGirlsR/??á´Ò³R mod"],"gold_per_floor":[110,35,35,35,50,84,84,84],"floor_reached":7,"playtime":324,"items_purged":[],"score":49,"play_id":"79fb4e96-03eb-466e-8d26-56b91c8f2700","local_time":"20210106232701","daily_mods":["Draft","Vintage","Heirloom","Time Dilation","Flight","DeadlyEvents","Elite Swarm"],"is_ascension_mode":false,"campfire_choices":[],"circlet_count":0,"master_deck":["HollowMod:BrokenVessel","HollowMod:MothsMistake","HollowMod:DreamGate","HollowMod:DescendingDark","HollowMod:RecoilStrike","HollowMod:DashSlash","HollowMod:InfectedAttack","HollowMod:MantisMark","HollowMod:NewGlowingWomb","HollowMod:InfectionAssault","HollowMod:WraithStrike","HollowMod:RecoilStrike","HollowMod:LifebloodCocoon","HollowMod:DescendingDark","HollowMod:SharpenedNail","HollowMod:VoidDash"],"relics":["HollowMod:VesselMask","replay:Trail_Library","Replay:Arrowhead","Matryoshka","Golden Idol","DemoMod:NanoMachines","DemoMod:GlassGuonStoneRelic","Runesmith:AutoHammer"],"acts_visited":["Exordium"],"potions_floor_usage":[4,6],"damage_taken":[{"damage":5,"enemies":"Small Slimes","floor":1,"turns":2},{"damage":12,"enemies":"2 Louse","floor":5,"turns":3},{"damage":21,"enemies":"Gremlin Nob","floor":6,"turns":3},{"damage":31,"enemies":"Lagavulin","floor":7,"turns":2}],"seed_played":"-2944532757067503563","potions_obtained":[{"floor":1,"key":"Reflective Coating"},{"floor":4,"key":"Fruit Juice"},{"floor":4,"key":"SpeedPotion"},{"floor":4,"key":"DistilledChaos"}],"is_trial":true,"path_per_floor":["M","?","?","?","M","E","E"],"character_chosen":"THE_BUGKNIGHT","items_purchased":[],"campfire_rested":0,"item_purchase_floors":[],"current_hp_per_floor":[70,75,55,60,48,27,0,0],"gold":84,"neow_bonus":"","is_daily":false,"chose_seed":false,"campfire_upgraded":0,"win_rate":0.0,"timestamp":1609943221,"path_taken":["M","?","?","?","?","E","?"],"items_purchased_type":[],"build_version":"2020-12-22","purchased_purges":0,"victory":false,"max_hp_per_floor":[75,80,80,85,85,85,85,85],"card_choices":[{"not_picked":["HollowMod:HowlingWraiths","HollowMod:CycloneSlash"],"picked":"HollowMod:BrokenVessel","floor":0},{"not_picked":["HollowMod:CornifersMapStart","HollowMod:LifebloodCocoon"],"picked":"HollowMod:MothsMistake","floor":0},{"not_picked":["HollowMod:SiblingsSouls","HollowMod:BrokenVessel"],"picked":"HollowMod:DreamGate","floor":0},{"not_picked":["HollowMod:CoiledNail","HollowMod:SoulVessel"],"picked":"HollowMod:DescendingDark","floor":0},{"not_picked":["HollowMod:LifebloodCocoon","HollowMod:NewLittleFool"],"picked":"HollowMod:RecoilStrike","floor":0},{"not_picked":["HollowMod:DoubleDash","HollowMod:SoulSplash"],"picked":"HollowMod:DashSlash","floor":0},{"not_picked":["HollowMod:GoodIntentions","HollowMod:DashSlash"],"picked":"HollowMod:InfectedAttack","floor":0},{"not_picked":["HollowMod:BaldurShell","HollowMod:CloakDash"],"picked":"HollowMod:MantisMark","floor":0},{"not_picked":["HollowMod:InfectedCysts","HollowMod:GoodIntentions"],"picked":"HollowMod:NewGlowingWomb","floor":0},{"not_picked":["HollowMod:MawleksShell","HollowMod:CoiledNail"],"picked":"HollowMod:InfectionAssault","floor":0},{"not_picked":["HollowMod:NewGlowingWomb","HollowMod:DreamGate"],"picked":"HollowMod:WraithStrike","floor":0},{"not_picked":["HollowMod:SoulSplash","HollowMod:MonarchWings"],"picked":"HollowMod:RecoilStrike","floor":0},{"not_picked":["HollowMod:SoulVessel","HollowMod:ShapeofUnn"],"picked":"HollowMod:LifebloodCocoon","floor":0},{"not_picked":["HollowMod:NewGlowingWomb","HollowMod:SharpenedNail"],"picked":"HollowMod:DescendingDark","floor":0},{"not_picked":["HollowMod:ChannelNail","HollowMod:GrimmsGift"],"picked":"HollowMod:SharpenedNail","floor":0},{"not_picked":["HollowMod:NewInfectedGuardian","HollowMod:LifebloodCore"],"picked":"HollowMod:VoidDash","floor":6}],"player_experience":806901,"relics_obtained":[{"floor":1,"key":"Matryoshka"},{"floor":5,"key":"DemoMod:NanoMachines"},{"floor":6,"key":"Runesmith:AutoHammer"}],"event_choices":[{"damage_healed":0,"gold_gain":0,"player_choice":"Take Damage","damage_taken":20,"relics_obtained":["Golden Idol"],"max_hp_gain":0,"max_hp_loss":0,"event_name":"Golden Idol","floor":3,"gold_loss":0},{"damage_healed":0,"gold_gain":0,"player_choice":"Got Potions","damage_taken":0,"max_hp_gain":0,"max_hp_loss":0,"event_name":"Lab","floor":4,"gold_loss":0}],"is_beta":false,"boss_relics":[],"items_purged_floors":[],"is_endless":false,"potions_floor_spawned":[1],"killed_by":"Lagavulin","ascension_level":0}}