{"host":"s41rn2jhghpwfrvz","time":1609911168,"event":{"mods":["BaseMod","Minty Spire (QoL Compilation)","Quick Restart","Relic Stats","SuperFastMode"],"gold_per_floor":[113,163,183,193,213,213,247,247,247,247,261,287,307,339,339,411,411,425,445,473,473,473,507,527,558,582,607,632,644,656,684,696,785,797,822,834,452,477,492,522,522,522,522],"floor_reached":42,"playtime":1301,"items_purged":[],"score":1488,"play_id":"4e9ba6fb-15d1-4bdd-92e2-66f6088fc763","local_time":"20210106073248","daily_mods":["SealedDeck","Diverse","DeadlyEvents"],"is_ascension_mode":true,"campfire_choices":[{"data":"Prostrate","floor":6,"key":"SMITH"},{"data":"TalkToTheHand","floor":8,"key":"SMITH"},{"data":"Quick Slash","floor":10,"key":"SMITH"},{"data":"Dark Embrace","floor":15,"key":"SMITH"},{"floor":30,"key":"RECALL"},{"data":"Prostrate","floor":32,"key":"SMITH"},{"data":"Escape Plan","floor":41,"key":"SMITH"}],"circlet_count":0,"master_deck":["AscendersBane","Turbo+1","Pummel","Escape Plan+1","Quick Slash+1","Seeing Red+1","TalkToTheHand+1","Prostrate+1","Prostrate+1","Dark Embrace+1","Reprogram+1","Wallop+1","Ghostly Armor+1"],"relics":["Burning Blood","Omamori","Bag of Marbles","Mercury Hourglass","Pear","Astrolabe","Prayer Wheel","War Paint","HornCleat","Darkstone Periapt","Vajra","Meat on the Bone","MawBank","The Courier","Runic Pyramid","ClockworkSouvenir","Ginger","FossilizedHelix","Lantern"],"acts_visited":["Exordium","TheCity","TheBeyond"],"potions_floor_usage":[19],"damage_taken":[{"damage":1,"enemies":"Jaw Worm","floor":1,"turns":3},{"damage":0,"enemies":"Cultist","floor":3,"turns":3},{"damage":0,"enemies":"2 Louse","floor":4,"turns":4},{"damage":14,"enemies":"Gremlin Gang","floor":5,"turns":6},{"damage":27,"enemies":"Gremlin Nob","floor":7,"turns":4},{"damage":10,"enemies":"Red Slaver","floor":11,"turns":3},{"damage":0,"enemies":"Lagavulin","floor":12,"turns":6},{"damage":0,"enemies":"Large Slime","floor":13,"turns":4},{"damage":44,"enemies":"Gremlin Nob","floor":14,"turns":4},{"damage":0,"enemies":"The Guardian","floor":16,"turns":7},{"damage":0,"enemies":"Chosen","floor":18,"turns":4},{"damage":0,"enemies":"Spheric Guardian","floor":19,"turns":3},{"damage":0,"enemies":"Gremlin Leader","floor":20,"turns":5},{"damage":20,"enemies":"Slavers","floor":23,"turns":6},{"damage":21,"enemies":"Cultist and Chosen","floor":24,"turns":6},{"damage":0,"enemies":"Book of Stabbing","floor":25,"turns":4},{"damage":12,"enemies":"Gremlin Leader","floor":27,"turns":5},{"damage":0,"enemies":"Book of Stabbing","floor":28,"turns":4},{"damage":0,"enemies":"Centurion and Healer","floor":31,"turns":4},{"damage":0,"enemies":"Automaton","floor":33,"turns":6},{"damage":0,"enemies":"3 Darklings","floor":35,"turns":4},{"damage":0,"enemies":"Mind Bloom Boss Battle","floor":38,"turns":6},{"damage":0,"enemies":"Orb Walker","floor":39,"turns":4},{"damage":78,"enemies":"Reptomancer","floor":40,"turns":6},{"damage":22,"enemies":"Nemesis","floor":42,"turns":6}],"seed_played":"-8634979519389250972","potions_obtained":[{"floor":1,"key":"Weak Potion"},{"floor":13,"key":"Weak Potion"},{"floor":14,"key":"BloodPotion"},{"floor":19,"key":"PowerPotion"},{"floor":24,"key":"Ancient Potion"},{"floor":38,"key":"Dexterity Potion"}],"is_trial":true,"path_per_floor":["M","?","M","M","M","R","E","R","T","R","M","E","M","E","R","B",null,"M","M","E","?","T","E","M","E","T","E","E","T","R","M","R","B",null,"M","?","$","?","M","E","R","E"],"character_chosen":"IRONCLAD","items_purchased":["ClockworkSouvenir","Ginger"],"campfire_rested":0,"item_purchase_floors":[37,37],"current_hp_per_floor":[73,73,75,75,67,67,46,46,46,46,42,48,54,26,26,32,72,78,85,85,85,85,71,56,62,62,56,62,62,62,68,68,74,82,85,81,81,81,81,21,21,0,0],"gold":522,"neow_bonus":"","is_daily":false,"chose_seed":false,"campfire_upgraded":6,"win_rate":0.0,"timestamp":1609911168,"path_taken":["M","?","M","?","?","R","E","R","T","R","M","E","M","?","R","BOSS","M","?","?","?","?","E","?","E","T","?","E","?","R","M","R","BOSS","M","?","$","?","M","E","R","E"],"items_purchased_type":["Relic","Relic"],"build_version":"2020-12-22","purchased_purges":0,"victory":false,"max_hp_per_floor":[75,75,75,75,75,75,75,75,75,75,75,75,75,85,85,85,85,85,85,85,85,85,85,85,85,85,85,85,85,85,85,85,85,85,85,81,81,81,81,81,81,81,81],"relic_stats":{"Darkstone Periapt":0,"counters":[25,116],"Astrolabe":["Reprogram","Wallop","Ghostly Armor"],"Prayer Wheel":4,"Ginger":[1],"War Paint":["Turbo","Seeing Red"],"MawBank":108,"obtain_stats":[{"Darkstone Periapt":25,"Lantern":40,"Pear":14,"Astrolabe":17,"Vajra":26,"The Courier":29,"Omamori":7,"Ginger":37,"War Paint":21,"MawBank":28,"Burning Blood":0,"Mercury Hourglass":12,"ClockworkSouvenir":37,"HornCleat":23,"Prayer Wheel":20,"Bag of Marbles":9,"FossilizedHelix":38,"Meat on the Bone":27,"Runic Pyramid":34},{"Darkstone Periapt":16,"Lantern":24,"Pear":9,"Astrolabe":10,"Vajra":16,"The Courier":18,"Omamori":5,"Ginger":21,"War Paint":13,"MawBank":18,"Burning Blood":0,"Mercury Hourglass":7,"ClockworkSouvenir":21,"HornCleat":14,"Prayer Wheel":13,"Bag of Marbles":5,"FossilizedHelix":22,"Meat on the Bone":17,"Runic Pyramid":20},{"Darkstone Periapt":71,"Lantern":110,"Pear":37,"Astrolabe":43,"Vajra":71,"The Courier":80,"Omamori":20,"Ginger":94,"War Paint":55,"MawBank":80,"Burning Blood":0,"Mercury Hourglass":29,"ClockworkSouvenir":94,"HornCleat":61,"Prayer Wheel":55,"Bag of Marbles":20,"FossilizedHelix":100,"Meat on the Bone":76,"Runic Pyramid":90}],"Burning Blood":113,"Mercury Hourglass":[372],"Meat on the Bone":12},"card_choices":[{"not_picked":["Self Repair","Dodge and Roll"],"picked":"Prostrate","floor":1},{"not_picked":["ForeignInfluence","Catalyst","Conserve Battery"],"picked":"SKIP","floor":3},{"not_picked":["Stack","Melter","Conserve Battery"],"picked":"SKIP","floor":4},{"not_picked":["Flechettes","Adaptation","Dagger Throw"],"picked":"SKIP","floor":5},{"not_picked":["Compile Driver","Deadly Poison","Glacier"],"picked":"SKIP","floor":7},{"not_picked":["Iron Wave","Static Discharge","Berserk"],"picked":"SKIP","floor":11},{"not_picked":["Consecrate","EmptyMind","Cold Snap"],"picked":"SKIP","floor":12},{"not_picked":["Reinforced Body","Fire Breathing","Prepared"],"picked":"SKIP","floor":13},{"not_picked":["Reprogram","Shrug It Off"],"picked":"Dark Embrace","floor":14},{"not_picked":["Cleave","WreathOfFlame","Redo"],"picked":"SKIP","floor":18},{"not_picked":["BattleHymn","Reprogram","Turbo"],"picked":"SKIP","floor":19},{"not_picked":["Bane","Conserve Battery","Consecrate"],"picked":"SKIP","floor":20},{"not_picked":["Body Slam","Dodge and Roll","Concentrate"],"picked":"SKIP","floor":23},{"not_picked":["Cloak And Dagger","FlurryOfBlows","Seeing Red"],"picked":"SKIP","floor":24},{"not_picked":["Deflect","Rampage","Streamline"],"picked":"SKIP","floor":24},{"not_picked":["Cold Snap","Riddle With Holes","Flying Knee"],"picked":"SKIP","floor":25},{"not_picked":["Capacitor","CutThroughFate","Wild Strike"],"picked":"SKIP","floor":27},{"not_picked":["Leg Sweep","Tempest","DeusExMachina"],"picked":"SKIP","floor":28},{"not_picked":["Tactician","Halt","Flex"],"picked":"SKIP","floor":31},{"not_picked":["Concentrate","Sweeping Beam+1","Rampage"],"picked":"SKIP","floor":31},{"not_picked":["Tactician","Halt","Flex"],"picked":"SKIP","floor":31},{"not_picked":["Concentrate","Sweeping Beam+1","Rampage"],"picked":"SKIP","floor":31},{"not_picked":["Expertise","Dagger Spray","Flying Knee+1"],"picked":"SKIP","floor":35},{"not_picked":["Noxious Fumes+1","Fasting2","Perseverance"],"picked":"SKIP","floor":35},{"not_picked":["WheelKick","Headbutt","Leap"],"picked":"SKIP","floor":39},{"not_picked":["Choke","Go for the Eyes+1","Prostrate"],"picked":"SKIP","floor":39},{"not_picked":["Twin Strike","ForeignInfluence","Combust"],"picked":"SKIP","floor":40}],"player_experience":1654380,"relics_obtained":[{"floor":7,"key":"Omamori"},{"floor":9,"key":"Bag of Marbles"},{"floor":12,"key":"Mercury Hourglass"},{"floor":14,"key":"Pear"},{"floor":20,"key":"Prayer Wheel"},{"floor":23,"key":"HornCleat"},{"floor":25,"key":"Darkstone Periapt"},{"floor":26,"key":"Vajra"},{"floor":27,"key":"Meat on the Bone"},{"floor":28,"key":"MawBank"},{"floor":29,"key":"The Courier"},{"floor":38,"key":"FossilizedHelix"},{"floor":40,"key":"Lantern"}],"event_choices":[{"damage_healed":0,"gold_gain":50,"player_choice":"Pray","damage_taken":0,"max_hp_gain":0,"max_hp_loss":0,"event_name":"Golden Shrine","floor":2,"gold_loss":0},{"damage_healed":0,"gold_gain":0,"player_choice":"Opened","damage_taken":0,"relics_obtained":["War Paint"],"max_hp_gain":0,"max_hp_loss":0,"event_name":"The Mausoleum","floor":21,"gold_loss":0,"cards_obtained":["Writhe"]},{"damage_healed":0,"gold_gain":0,"player_choice":"Max HP","damage_taken":0,"max_hp_gain":0,"max_hp_loss":4,"event_name":"Winding Halls","floor":36,"gold_loss":0},{"damage_healed":0,"gold_gain":0,"player_choice":"Fight","damage_taken":0,"max_hp_gain":0,"max_hp_loss":0,"event_name":"MindBloom","floor":38,"gold_loss":0}],"is_beta":false,"boss_relics":[{"not_picked":["Cursed Key","SlaversCollar"],"picked":"Astrolabe"},{"not_picked":["Black Star","SacredBark"],"picked":"Runic Pyramid"}],"items_purged_floors":[],"is_endless":false,"potions_floor_spawned":[1,4,13,14,19,24,31,33,38,39,40],"killed_by":"Nemesis","ascension_level":20}}