{"host":"r3islh0l1a1ykxfu","time":1609946895,"event":{"mods":["BaseMod","Bestiary","Colored Map","Colored Powertips","Highlight Path","Minty Spire (QoL Compilation)","Relic Stats","Slay-I"],"gold_per_floor":[114,131,56,6,25,25,60,114,195,14,14,14,47,77,89,206,218,248,273,134,134,134,134,150,160,187,187,262,282,282,282],"floor_reached":30,"playtime":23468,"items_purged":["Strike_B","Defend_B","Defend_B"],"score":262,"play_id":"a32edea7-aae6-4c4c-80ca-a3d1f8bcac44","local_time":"20210106092815","is_ascension_mode":true,"campfire_choices":[{"data":"Zap","floor":6.0,"key":"SMITH"},{"floor":11.0,"key":"REST"},{"floor":15.0,"key":"REST"},{"data":"Redo","floor":23.0,"key":"SMITH"},{"floor":27.0,"key":"REST"}],"circlet_count":0,"master_deck":["Strike_B","Defend_B","Zap+1","Dualcast","Lockon","Ball Lightning","Loop","Loop","Redo+1","Capacitor","Leap","Redo","Leap","Writhe","FTL+1","Redo+1","Capacitor","Auto Shields"],"relics":["Cracked Core","Toy Ornithopter","Nunchaku","Mummified Hand","MawBank","SlaversCollar","Prayer Wheel","Bag of Preparation"],"acts_visited":["Exordium","TheCity"],"potions_floor_usage":[29],"damage_taken":[{"damage":0.0,"enemies":"Cultist","floor":1.0,"turns":2.0},{"damage":7.0,"enemies":"Jaw Worm","floor":2.0,"turns":2.0},{"damage":0.0,"enemies":"2 Louse","floor":5.0,"turns":2.0},{"damage":26.0,"enemies":"3 Sentries","floor":7.0,"turns":5.0},{"damage":8.0,"enemies":"Gremlin Nob","floor":13.0,"turns":3.0},{"damage":16.0,"enemies":"Exordium Wildlife","floor":14.0,"turns":3.0},{"damage":45.0,"enemies":"Hexaghost","floor":16.0,"turns":7.0},{"damage":7.0,"enemies":"Chosen","floor":18.0,"turns":4.0},{"damage":21.0,"enemies":"Shell Parasite","floor":19.0,"turns":4.0},{"damage":38.0,"enemies":"Centurion and Healer","floor":24.0,"turns":6.0},{"damage":15.0,"enemies":"Chosen and Byrds","floor":25.0,"turns":5.0},{"damage":18,"enemies":"Snecko","floor":29,"turns":5},{"damage":34,"enemies":"Centurion and Healer","floor":30,"turns":5}],"seed_played":"-317156380009923518","potions_obtained":[{"floor":5.0,"key":"Regen Potion"},{"floor":7.0,"key":"PowerPotion"},{"floor":16.0,"key":"FocusPotion"},{"floor":18.0,"key":"Fire Potion"},{"floor":24.0,"key":"SkillPotion"}],"is_trial":false,"path_per_floor":["M","M","$","?","M","R","E","T","T","$","R","?","E","M","R","B",null,"M","M","$","?","?","R","M","M","T","R","?","M","M"],"character_chosen":"DEFECT","items_purchased":["Loop","Leap"],"campfire_rested":3,"item_purchase_floors":[10,20],"current_hp_per_floor":[75,68,68,68,68,68,42,42,42,42,64,69,61,45,69,24,80,73,52,52,52,52,52,44,29,29,53,45,32,0,0],"gold":282,"neow_bonus":"REMOVE_CARD","is_daily":false,"chose_seed":false,"campfire_upgraded":2,"win_rate":0.0,"timestamp":1609946895,"path_taken":["M","M","?","?","M","R","E","?","T","$","R","?","E","M","R","BOSS","M","M","$","?","?","R","M","M","T","R","?","?","M"],"items_purchased_type":["Card","Card"],"build_version":"2020-12-22","purchased_purges":3,"victory":false,"max_hp_per_floor":[75,75,75,75,75,75,75,75,75,75,75,80,80,80,80,80,80,80,80,80,80,80,80,80,80,80,80,80,80,80,80],"relic_stats":{"Nunchaku":[5],"counters":[13,52],"Mummified Hand":[29],"Prayer Wheel":3,"Bag of Preparation":[4],"MawBank":84,"obtain_stats":[{"SlaversCollar":17,"Nunchaku":8,"Mummified Hand":9,"Prayer Wheel":22,"Bag of Preparation":26,"Cracked Core":0,"MawBank":13,"Toy Ornithopter":7},{"SlaversCollar":7,"Nunchaku":4,"Mummified Hand":4,"Prayer Wheel":9,"Bag of Preparation":11,"Cracked Core":0,"MawBank":5,"Toy Ornithopter":4},{"SlaversCollar":24,"Nunchaku":11,"Mummified Hand":11,"Prayer Wheel":32,"Bag of Preparation":43,"Cracked Core":0,"MawBank":14,"Toy Ornithopter":11}],"Toy Ornithopter":20},"card_choices":[{"not_picked":["Ball Lightning","Compile Driver"],"picked":"Lockon","floor":1.0},{"not_picked":["Double Energy","Hologram"],"picked":"Ball Lightning","floor":2.0},{"not_picked":["Chill","Sweeping Beam","Steam"],"picked":"SKIP","floor":5.0},{"not_picked":["Barrage","Rip and Tear"],"picked":"Loop","floor":7.0},{"not_picked":["Sunder","Double Energy"],"picked":"Redo","floor":13.0},{"not_picked":["Go for the Eyes","Darkness"],"picked":"Capacitor","floor":14.0},{"not_picked":["Glacier+1","Turbo+1"],"picked":"Leap","floor":18.0},{"not_picked":["Barrage","Rebound"],"picked":"Redo","floor":19.0},{"not_picked":["Coolheaded","Gash+1"],"picked":"FTL+1","floor":24.0},{"not_picked":["Sunder+1","Hologram"],"picked":"Redo+1","floor":24.0},{"not_picked":["Go for the Eyes","Cold Snap","Reinforced Body"],"picked":"SKIP","floor":25.0},{"not_picked":["Core Surge","Rebound","Force Field"],"picked":"SKIP","floor":25.0},{"not_picked":["Go for the Eyes","Ball Lightning"],"picked":"Capacitor","floor":29},{"not_picked":["Reinforced Body","Fusion"],"picked":"Auto Shields","floor":29}],"player_experience":1139626,"relics_obtained":[{"floor":7.0,"key":"Toy Ornithopter"},{"floor":8.0,"key":"Nunchaku"},{"floor":9.0,"key":"Mummified Hand"},{"floor":13.0,"key":"MawBank"},{"floor":26.0,"key":"Bag of Preparation"}],"event_choices":[{"cards_removed":["Strike_B"],"damage_healed":0.0,"max_hp_gain":0.0,"max_hp_loss":0.0,"gold_gain":0.0,"event_name":"The Cleric","player_choice":"Card Removal","floor":4.0,"gold_loss":50.0,"damage_taken":0.0},{"damage_healed":0.0,"max_hp_gain":5.0,"max_hp_loss":0.0,"gold_gain":0.0,"event_name":"Big Fish","player_choice":"Donut","floor":12.0,"gold_loss":0.0,"damage_taken":0.0},{"cards_removed":["Strike_B"],"damage_healed":0.0,"max_hp_gain":0.0,"max_hp_loss":0.0,"gold_gain":0.0,"event_name":"Back to Basics","player_choice":"Elegance","floor":21.0,"gold_loss":0.0,"damage_taken":0.0},{"damage_healed":0.0,"max_hp_gain":0.0,"max_hp_loss":0.0,"gold_gain":0.0,"event_name":"The Mausoleum","player_choice":"Opened","floor":22.0,"gold_loss":0.0,"damage_taken":0.0,"relics_obtained":["Prayer Wheel"],"cards_obtained":["Writhe"]},{"damage_healed":0.0,"max_hp_gain":0.0,"max_hp_loss":0.0,"gold_gain":75.0,"event_name":"FaceTrader","player_choice":"Touch","floor":28.0,"gold_loss":0.0,"damage_taken":8.0}],"is_beta":false,"boss_relics":[{"not_picked":["Runic Pyramid","Nuclear Battery"],"picked":"SlaversCollar"}],"items_purged_floors":[3,10,20],"is_endless":false,"potions_floor_spawned":[5,7,16,18,24],"killed_by":"Centurion and Healer","ascension_level":2}}