{"host":"v4nyfngrgywi7zc6","time":1609906149,"event":{"mods":["2.2 Compatiblity","BaseMod","Custom Start","Minty Spire (QoL Compilation)","Shop Mod","StSLib","The Bug Knight","The Jungle"],"gold_per_floor":[119,119,129,129,144,144,176,176,226,226,246,260,293,309,309,412,412,431,447,447,304,304,304,304,304,329,184,184,211,41,69,69,168,168,179,179,229,229,229,255,255,255,255,270,301,311,189,204,204,204,204,204,45,78,78],"floor_reached":56,"playtime":3551,"items_purged":["HollowMod:RecoilStrike","Shame","HollowMod:FocusHealStart+1","HollowMod:QuirrelsAssistance+1"],"score":1273,"play_id":"d3497986-688e-4e48-a465-edb2fd545f75","local_time":"20210105220909","is_ascension_mode":false,"campfire_choices":[{"data":"HollowMod:FocusHealStart","floor":6,"key":"SMITH"},{"data":"HollowMod:BlackTendrils","floor":8,"key":"SMITH"},{"data":"HollowMod:DescendingDark","floor":10,"key":"SMITH"},{"data":"HollowMod:QuirrelsAssistance","floor":15,"key":"SMITH"},{"data":"HollowMod:SiblingsShadow","floor":23,"key":"SMITH"},{"floor":25,"key":"RECALL"},{"data":"HollowMod:WraithStrike","floor":28,"key":"SMITH"},{"data":"HollowMod:ShadowDash","floor":32,"key":"SMITH"},{"floor":41,"key":"REST"},{"floor":49,"key":"REST"},{"floor":52,"key":"REST"}],"circlet_count":0,"master_deck":["HollowMod:PogoStrike","HollowMod:HuntersJournal+1","HollowMod:DescendingDark+1","HollowMod:DescendingDark","HollowMod:BlackTendrils+1","HollowMod:LordofShades","HollowMod:CloakDash","HollowMod:SiblingsShadow+1","HollowMod:AbyssShriek","HollowMod:BlackTendrils","HollowMod:WraithStrike+1","HollowMod:ShadowDash+1","HollowMod:SlysStrikes","HollowMod:ShadowDash","Flash of Steel","HollowMod:ShadowDash+1","HollowMod:CloakDash","HollowMod:HuntersJournal+1"],"relics":["HollowMod:VesselMask","Unceasing Top","Nunchaku","Pen Nib","Pandora\u0027s Box","theJungle:SpiritDisease","theJungle:PaperFaux","Spirit Poop","Thread and Needle","Shuriken","Fusion Hammer","CaptainsWheel","PreservedInsect","Mummified Hand","The Courier","DollysMirror","Happy Flower"],"acts_visited":["Exordium","Exordium","TheBeyond","TheEnding"],"potions_floor_usage":[16,16,16,40,45,55,55,55],"damage_taken":[{"damage":0,"enemies":"2 Louse","floor":1,"turns":3},{"damage":1,"enemies":"Cultist","floor":3,"turns":3},{"damage":1,"enemies":"Jaw Worm","floor":5,"turns":2},{"damage":25,"enemies":"Gremlin Nob","floor":7,"turns":4},{"damage":3,"enemies":"Lots of Slimes","floor":11,"turns":2},{"damage":0,"enemies":"Exordium Thugs","floor":12,"turns":1},{"damage":12,"enemies":"3 Sentries","floor":13,"turns":3},{"damage":0,"enemies":"Looter","floor":14,"turns":2},{"damage":63,"enemies":"Hexaghost","floor":16,"turns":12},{"damage":0,"enemies":"theJungle:GiantWrat","floor":18,"turns":2},{"damage":7,"enemies":"theJungle:5_Spyders","floor":19,"turns":3},{"damage":0,"enemies":"theJungle:2_Phrogs","floor":29,"turns":2},{"damage":2,"enemies":"theJungle:Cassacara","floor":31,"turns":3},{"damage":21,"enemies":"theJungle:FunGuy","floor":33,"turns":6},{"damage":3,"enemies":"3 Shapes","floor":35,"turns":2},{"damage":0,"enemies":"Mind Bloom Boss Battle","floor":37,"turns":4},{"damage":74,"enemies":"Nemesis","floor":40,"turns":5},{"damage":0,"enemies":"3 Darklings","floor":44,"turns":1},{"damage":0,"enemies":"Giant Head","floor":45,"turns":4},{"damage":0,"enemies":"Writhing Mass","floor":46,"turns":3},{"damage":9,"enemies":"4 Shapes","floor":48,"turns":2},{"damage":13,"enemies":"Awakened One","floor":50,"turns":6},{"damage":20,"enemies":"Shield and Spear","floor":54,"turns":2},{"damage":43,"enemies":"The Heart","floor":55,"turns":5}],"seed_played":"-5725197747004671250","potions_obtained":[{"floor":1,"key":"SpeedPotion"},{"floor":11,"key":"Energy Potion"},{"floor":14,"key":"SkillPotion"},{"floor":19,"key":"Swift Potion"},{"floor":29,"key":"Dexterity Potion"},{"floor":33,"key":"Weak Potion"},{"floor":37,"key":"ColorlessPotion"},{"floor":44,"key":"Regen Potion"},{"floor":45,"key":"DistilledChaos"},{"floor":46,"key":"Energy Potion"}],"is_trial":false,"path_per_floor":["M","?","M","?","M","R","E","R","T","R","M","M","E","M","R","B",null,"M","M","?","$","?","R","?","R","T","$","R","E","$","E","R","B",null,"M","$","?","?","?","E","R","?","T","M","E","M","$","M","R","B",null,"R","$","E","B",null],"character_chosen":"THE_BUGKNIGHT","items_purchased":["HollowMod:BlackTendrils","HollowMod:WraithStrike","HollowMod:ShadowDash","DollysMirror","PowerPotion"],"campfire_rested":3,"item_purchase_floors":[21,27,30,47,53],"current_hp_per_floor":[64,64,73,73,75,75,50,50,50,50,47,52,50,54,54,5,75,75,68,68,68,68,68,68,68,68,68,68,70,70,73,73,54,75,72,72,75,75,75,12,34,34,34,44,75,75,75,72,75,75,75,75,75,74,61],"gold":78,"neow_bonus":"ONE_RARE_RELIC","is_daily":false,"chose_seed":false,"campfire_upgraded":7,"win_rate":0.0,"timestamp":1609906149,"path_taken":["M","?","?","?","?","R","E","R","T","R","?","M","E","M","R","BOSS","M","M","?","$","?","R","?","R","T","$","R","E","?","E","R","BOSS","M","$","?","?","?","E","R","?","T","M","E","M","$","M","R","BOSS","R","$","E","BOSS"],"items_purchased_type":["Card","Card","Card","Relic","Potion"],"build_version":"2020-12-22","purchased_purges":4,"victory":true,"max_hp_per_floor":[75,75,75,75,75,75,75,75,75,75,75,75,75,75,75,75,75,75,75,75,75,75,75,75,75,75,75,75,75,75,75,75,75,75,75,75,75,75,75,75,75,75,75,75,75,75,75,75,75,75,75,75,75,75,75],"card_choices":[{"not_picked":["HollowMod:NewJinnsSoul","HollowMod:HeavyBlow"],"picked":"HollowMod:HuntersJournal","floor":1},{"not_picked":["HollowMod:ShapeofUnn","HollowMod:SoulSplash"],"picked":"HollowMod:DescendingDark","floor":3},{"not_picked":["HollowMod:DesolateDive","HollowMod:SharpenedNail"],"picked":"HollowMod:DescendingDark","floor":5},{"not_picked":["HollowMod:HeavyBlow","HollowMod:CoiledNail"],"picked":"HollowMod:BlackTendrils","floor":7},{"not_picked":["HollowMod:SoulStrike","HollowMod:CycloneSlash"],"picked":"HollowMod:QuirrelsAssistance","floor":11},{"not_picked":["HollowMod:TaintedHusks","HollowMod:GoodIntentions","HollowMod:CornifersMapStart"],"picked":"SKIP","floor":12},{"not_picked":["HollowMod:RecoilStrike","HollowMod:GoodIntentions","HollowMod:AwokenDreamNail"],"picked":"SKIP","floor":13},{"not_picked":["HollowMod:InfectedAttack","HollowMod:CycloneSlash","HollowMod:CornifersMapStart"],"picked":"SKIP","floor":14},{"not_picked":["HollowMod:theNailsmith","HollowMod:PureVessel"],"picked":"HollowMod:LordofShades","floor":16},{"not_picked":["HollowMod:ShapeofUnn+1","HollowMod:CycloneSlash","HollowMod:LifebloodCocoon"],"picked":"SKIP","floor":18},{"not_picked":["HollowMod:CoiledNail","HollowMod:HowlingWraiths","HollowMod:MonarchWings"],"picked":"SKIP","floor":19},{"not_picked":["HollowMod:DoubleDash","HollowMod:FallenFury+1","HollowMod:PureNailStrike"],"picked":"SKIP","floor":29},{"not_picked":["HollowMod:Grubsong","HollowMod:DesolateDive","HollowMod:SharpenedNail+1"],"picked":"SKIP","floor":31},{"not_picked":["HollowMod:VoidDash","HollowMod:PureVessel"],"picked":"HollowMod:SlysStrikes","floor":33},{"not_picked":["HollowMod:NewLittleFool","HollowMod:SoulShaman+1"],"picked":"HollowMod:ShadowDash","floor":35},{"not_picked":["Dark Shackles","Panacea"],"picked":"Flash of Steel","floor":38},{"not_picked":["HollowMod:InfectedCysts+1","HollowMod:CycloneSlash+1","HollowMod:SiblingsSouls"],"picked":"SKIP","floor":40},{"not_picked":["HollowMod:InfectedCysts+1","HollowMod:DashSlash","HollowMod:ShapeofUnn"],"picked":"SKIP","floor":44},{"not_picked":["HollowMod:DescendingDark","HollowMod:WraithStrike"],"picked":"HollowMod:ShadowDash+1","floor":45},{"not_picked":["HollowMod:QuirrelsAssistance","HollowMod:SoulEater"],"picked":"HollowMod:CloakDash","floor":46},{"not_picked":["HollowMod:SoulStrike+1","HollowMod:SoulMaster","HollowMod:HeavyBlow+1"],"picked":"SKIP","floor":48},{"not_picked":["HollowMod:MothsMistake+1","HollowMod:DreamGate","HollowMod:SoulSplash"],"picked":"SKIP","floor":54}],"player_experience":221725,"relics_obtained":[{"floor":7,"key":"Nunchaku"},{"floor":13,"key":"Pen Nib"},{"floor":26,"key":"Spirit Poop"},{"floor":29,"key":"Thread and Needle"},{"floor":31,"key":"Shuriken"},{"floor":37,"key":"CaptainsWheel"},{"floor":40,"key":"PreservedInsect"},{"floor":43,"key":"Mummified Hand"},{"floor":45,"key":"The Courier"},{"floor":54,"key":"Happy Flower"}],"event_choices":[{"damage_healed":0,"gold_gain":0,"player_choice":"Upgraded","damage_taken":0,"max_hp_gain":0,"max_hp_loss":0,"event_name":"Upgrade Shrine","floor":2,"gold_loss":0,"cards_upgraded":["HollowMod:HuntersJournal"]},{"cards_removed":["HollowMod:NailStrikeStart"],"damage_healed":0,"gold_gain":0,"player_choice":"Card Removal","damage_taken":0,"max_hp_gain":0,"max_hp_loss":0,"event_name":"Wheel of Change","floor":4,"gold_loss":0},{"damage_healed":0,"gold_gain":0,"player_choice":"Fight","damage_taken":0,"max_hp_gain":0,"max_hp_loss":0,"event_name":"MindBloom","floor":37,"gold_loss":0},{"damage_healed":0,"gold_gain":0,"player_choice":"Memory 1","damage_taken":0,"max_hp_gain":0,"max_hp_loss":0,"event_name":"SensoryStone","floor":38,"gold_loss":0},{"damage_healed":0,"gold_gain":0,"player_choice":"Ignored","damage_taken":0,"max_hp_gain":0,"max_hp_loss":0,"event_name":"Tomb of Lord Red Mask","floor":42,"gold_loss":0}],"is_beta":false,"boss_relics":[{"not_picked":["Snecko Eye","SacredBark"],"picked":"Pandora\u0027s Box"},{"not_picked":["Philosopher\u0027s Stone","Coffee Dripper"],"picked":"Fusion Hammer"}],"items_purged_floors":[21,27,30,53],"is_endless":false,"potions_floor_spawned":[1,11,14,19,29,33,37,44,45,46],"ascension_level":0}}