{"host":"ttzdpsscxkem3xrs","time":1609912793,"event":{"mods":["BaseMod","Colored Map","Downfall","Minty Spire (QoL Compilation)","Replay The Spire","StSLib","The Cursed","The Hierophant"],"gold_per_floor":[298,304,149,149,149,167,137,137,137,18,18,36,1,22,22,125,125,143,143,65,98,118,118,43,60,87,11,11,33,54,54,54,157,157,154,154,162,359,379,378,378,378],"floor_reached":41,"playtime":2336,"items_purged":["hierophant:Strike_Hierophant"],"score":489,"play_id":"e59f02f1-b7ab-4a77-8cb3-3a803c29045f","local_time":"20210105215952","is_ascension_mode":false,"campfire_choices":[{"floor":8,"key":"REST"},{"floor":11,"key":"REST"},{"data":"hierophant:Exaltation","floor":15,"key":"SMITH"},{"floor":23,"key":"REST"},{"data":"hierophant:ChurchCoffers","floor":28,"key":"SMITH"},{"floor":32,"key":"REST"}],"circlet_count":0,"master_deck":["hierophant:Punish","hierophant:Defend_Hierophant","hierophant:Defend_Hierophant","hierophant:Defend_Hierophant+1","hierophant:Defend_Hierophant","hierophant:ChurchCoffers+1","hierophant:OrnateBuckler","hierophant:Endure","hierophant:Exaltation+1","hierophant:Sermon","hierophant:PassingBell","hierophant:HolyVerse","hierophant:Anathema","hierophant:DivineIntervention","hierophant:Charity+1","hierophant:Doubloon","hierophant:FlamingChariot","hierophant:Smite","hierophant:MorningPrayer","hierophant:Levitation","hierophant:Doubloon","hierophant:Glossolalia+1","hierophant:DisplayOfPower","hierophant:PristineSoul+1","hierophant:ArchangelShield+1","hierophant:DivineIntervention","hierophant:HolyVerse+1","Slimebound:Tackle+1","Slimebound:Tackle+1","Slimebound:Tackle+1","Regret","hierophant:Alms"],"relics":["hierophant:PropheticMaskRelic","Old Coin","Orrery","Akabeko","Frozen Egg 2","Painkiller Herb","Centennial Puzzle","WingedGreaves","Replay:Ancient Bell","Omamori","Divine Protection","Incense Burner","Iron Hammer"],"acts_visited":["Exordium","TheCity","TheBeyond"],"potions_floor_usage":[16,29,33,33,33,37,40,40,40,40],"damage_taken":[{"damage":0,"enemies":"Cultist","floor":1,"turns":2},{"damage":3,"enemies":"Jaw Worm","floor":2,"turns":2},{"damage":43,"enemies":"Lagavulin","floor":6,"turns":12},{"damage":0,"enemies":"Small Slimes","floor":12,"turns":2},{"damage":4,"enemies":"Looter","floor":14,"turns":3},{"damage":27,"enemies":"Fading Forest","floor":16,"turns":11},{"damage":20,"enemies":"Shell Parasite","floor":18,"turns":5},{"damage":0,"enemies":"3 Byrds","floor":21,"turns":2},{"damage":9,"enemies":"Snecko","floor":22,"turns":5},{"damage":6,"enemies":"3 Cultists","floor":25,"turns":4},{"damage":12,"enemies":"Gremlin Leader","floor":29,"turns":3},{"damage":13,"enemies":"Snake Plant","floor":30,"turns":2},{"damage":23,"enemies":"Pondfish","floor":33,"turns":8},{"damage":0,"enemies":"Orb Walker","floor":35,"turns":2},{"damage":0,"enemies":"3 Darklings","floor":37,"turns":6},{"damage":0,"enemies":"4 Shapes","floor":39,"turns":2},{"damage":74,"enemies":"Giant Head","floor":40,"turns":11},{"damage":2,"enemies":"Spire Growth","floor":41,"turns":2}],"seed_played":"6547823661750915703","potions_obtained":[{"floor":6,"key":"hexamod:EctoCoolerPotion"},{"floor":7,"key":"Reflective Coating"},{"floor":7,"key":"EntropicBrew"},{"floor":21,"key":"Weak Potion"},{"floor":29,"key":"EntropicBrew"},{"floor":33,"key":"Weak Potion"},{"floor":39,"key":"Languid Potion"}],"is_trial":false,"path_per_floor":["M","M","$","?","?","E","?","R","T","$","R","M","?","M","R_BF","B",null,"?","?","T","?","?","T","T","?","T","T","T","E","?","?","T","B",null,"?","?","?","?","?","E","?"],"character_chosen":"HIEROPHANT","items_purchased":["Orrery","hierophant:Charity+1","hierophant:FlamingChariot","hierophant:Glossolalia+1","hierophant:ArchangelShield+1"],"campfire_rested":4,"item_purchase_floors":[3,10,10,20,27],"current_hp_per_floor":[75,72,72,57,57,14,14,36,36,36,58,58,75,71,71,54,75,55,55,55,55,46,68,68,62,62,62,62,50,37,37,59,36,75,75,75,75,75,75,1,0,0],"gold":378,"neow_bonus":"ONE_RARE_RELIC","is_daily":false,"chose_seed":false,"campfire_upgraded":2,"win_rate":0.0,"timestamp":1609912792,"path_taken":["M","M","$","?","?","E","?","R","T","$","R","?","?","M","R_BF","BOSS","?","?","T","?","?","T","T","?","T","?","T","E","?","?","T","BOSS","?","?","?","?","?","E","?"],"items_purchased_type":["Relic","Card","Card","Card","Card"],"build_version":"2020-12-22","purchased_purges":1,"victory":false,"max_hp_per_floor":[75,75,75,75,75,75,75,75,75,75,75,75,75,75,75,75,75,75,75,75,75,75,75,75,75,75,75,75,75,75,75,75,75,75,75,75,75,75,75,75,75,75],"card_choices":[{"not_picked":["hierophant:Encroach","hierophant:SecretStash"],"picked":"hierophant:OrnateBuckler","floor":1},{"not_picked":["hierophant:PassingBell","hierophant:Remorse"],"picked":"hierophant:Endure","floor":2},{"not_picked":["hierophant:Rebuild","hierophant:MorningPrayer"],"picked":"hierophant:Exaltation","floor":3},{"not_picked":["hierophant:Generosity","hierophant:Empathy"],"picked":"hierophant:Sermon","floor":3},{"not_picked":["hierophant:FieryStrike","hierophant:OrnateBuckler"],"picked":"hierophant:PassingBell","floor":3},{"not_picked":["hierophant:MorningPrayer","hierophant:DisplayOfPower"],"picked":"hierophant:HolyVerse","floor":3},{"not_picked":["hierophant:Purify","hierophant:RepressedViolence"],"picked":"hierophant:Anathema","floor":3},{"not_picked":["hierophant:Remorse","hierophant:Doubloon"],"picked":"hierophant:DivineIntervention","floor":6},{"not_picked":["hierophant:Upheaval","hierophant:FlamingChariot"],"picked":"hierophant:Smite","floor":12},{"not_picked":["hierophant:Blessing","hierophant:ThreeLashes"],"picked":"hierophant:MorningPrayer","floor":14},{"not_picked":["hierophant:BulkyChest","hierophant:Cornucopia"],"picked":"hierophant:Levitation","floor":16},{"not_picked":["hierophant:Shelter+1","hierophant:SealAway+1"],"picked":"hierophant:Doubloon","floor":18},{"not_picked":["hierophant:EyeForCoin","hierophant:ThreeLashes+1","hierophant:OrnateBuckler"],"picked":"SKIP","floor":21},{"not_picked":["hierophant:Encroach","hierophant:Shelter+1"],"picked":"hierophant:DisplayOfPower","floor":22},{"not_picked":["hierophant:Charity+1","hierophant:FlamingChariot"],"picked":"hierophant:PristineSoul+1","floor":25},{"not_picked":["hierophant:AuricBeam","hierophant:Purify"],"picked":"hierophant:DivineIntervention","floor":29},{"not_picked":["hierophant:DisplayOfPower+1","hierophant:MorningPrayer"],"picked":"hierophant:HolyVerse+1","floor":30},{"not_picked":["ReplayTheSpireMod:Doomed","Hallucinations"],"picked":"Writhe","floor":34},{"not_picked":["Spreading Infection","Replay:UnknownCurse"],"picked":"Shame","floor":34},{"not_picked":["Replay:Hysterical Blindness","Amnesia"],"picked":"Regret","floor":34},{"not_picked":["hierophant:Purify+1","hierophant:Batter","hierophant:RustyCrate+1"],"picked":"SKIP","floor":35},{"not_picked":["hierophant:FlamingChariot","hierophant:SealAway+1","hierophant:Charity+1"],"picked":"SKIP","floor":37},{"not_picked":["hierophant:EyeForCoin","hierophant:RustyCrate","hierophant:ThreeLashes+1"],"picked":"SKIP","floor":39},{"not_picked":["hierophant:MintersHammer","hierophant:Encroach+1"],"picked":"hierophant:Alms","floor":40}],"player_experience":1299408,"relics_obtained":[{"floor":6,"key":"Akabeko"},{"floor":9,"key":"Frozen Egg 2"},{"floor":26,"key":"Centennial Puzzle"},{"floor":29,"key":"WingedGreaves"},{"floor":40,"key":"Iron Hammer"}],"event_choices":[{"damage_healed":0,"gold_gain":0,"player_choice":"Entered Light","damage_taken":15,"max_hp_gain":0,"max_hp_loss":0,"event_name":"Shining Light","floor":4,"gold_loss":0,"cards_upgraded":["hierophant:Strike_Hierophant","hierophant:Defend_Hierophant"]},{"damage_healed":0,"gold_gain":0,"player_choice":"Bought 2 Potions","damage_taken":0,"max_hp_gain":0,"max_hp_loss":0,"event_name":"The Woman in Blue","floor":7,"gold_loss":0},{"damage_healed":18,"gold_gain":0,"player_choice":"Healed","damage_taken":0,"max_hp_gain":0,"max_hp_loss":0,"event_name":"The Cleric","floor":13,"gold_loss":35},{"damage_healed":0,"gold_gain":0,"player_choice":"Ignored","damage_taken":0,"max_hp_gain":0,"max_hp_loss":0,"event_name":"NoteForYourself","floor":19,"gold_loss":0},{"damage_healed":0,"gold_gain":0,"player_choice":"Ignored","damage_taken":0,"max_hp_gain":0,"max_hp_loss":0,"event_name":"Tomb of Lord Red Mask","floor":36,"gold_loss":0}],"is_beta":false,"boss_relics":[{"not_picked":["Snecko Eye","SacredBark"],"picked":"Painkiller Herb"},{"not_picked":["Ring of Chaos","Tiny House"],"picked":"Replay:Ancient Bell"},{"not_picked":["Ancient Tea Set","MawBank"],"picked":"Omamori"},{"not_picked":["Question Card","Meat on the Bone"],"picked":"Divine Protection"},{"not_picked":["Counterbalance","Prayer Wheel"],"picked":"Incense Burner"}],"items_purged_floors":[24],"is_endless":false,"potions_floor_spawned":[6,12,21,29,33,39],"killed_by":"Spire Growth","ascension_level":0}}