{"host":"5x08nt64u3vxxcfi","time":1609905341,"event":{"mods":["BaseMod","Minty Spire (QoL Compilation)","StSLib","SuperFastMode"],"gold_per_floor":[52,52,85,122,154,200,200,275,275,275,84,84,49,104,104,104,104],"floor_reached":16,"playtime":308,"items_purged":[],"score":124,"play_id":"bc603ab1-5f0b-448a-b568-0758e69e9737","local_time":"20210106125541","is_ascension_mode":true,"campfire_choices":[{"floor":7.0,"key":"REST"},{"data":"Corruption","floor":10.0,"key":"SMITH"},{"data":"Dark Embrace","floor":12.0,"key":"SMITH"},{"data":"Dark Embrace","floor":15.0,"key":"SMITH"}],"circlet_count":0,"master_deck":["Strike_R","Strike_R","Strike_R","Strike_R","Strike_R","Defend_R","Defend_R","Defend_R","Defend_R","Bash","HandOfGreed","Thunderclap","Corruption+1","Perfected Strike","Second Wind","Feel No Pain","Reckless Charge","Dark Embrace+1","Entrench","Reckless Charge","Dark Embrace+1"],"relics":["Burning Blood","Bottled Tornado","TungstenRod","Peace Pipe","Charon\u0027s Ashes"],"acts_visited":["Exordium"],"potions_floor_usage":[],"damage_taken":[{"damage":7.0,"enemies":"Small Slimes","floor":1.0,"turns":4.0},{"damage":10.0,"enemies":"Cultist","floor":3.0,"turns":5.0},{"damage":0.0,"enemies":"2 Louse","floor":4.0,"turns":2.0},{"damage":16.0,"enemies":"Exordium Wildlife","floor":5.0,"turns":3.0},{"damage":67.0,"enemies":"Gremlin Nob","floor":6.0,"turns":6.0},{"damage":24.0,"enemies":"3 Sentries","floor":8.0,"turns":7.0},{"damage":26.0,"enemies":"3 Sentries","floor":14.0,"turns":7.0},{"damage":31,"enemies":"The Guardian","floor":16,"turns":2}],"seed_played":"7906884919594972394","potions_obtained":[{"floor":5.0,"key":"Swift Potion"}],"is_trial":false,"path_per_floor":["M","?","M","M","M","E","R","?","T","R","$","R","?","E","R","B"],"character_chosen":"IRONCLAD","items_purchased":["Dark Embrace","Entrench","Reckless Charge"],"campfire_rested":1,"item_purchase_floors":[11,11,11],"current_hp_per_floor":[79,80,76,80,70,9,33,15,15,15,15,15,35,15,15,0,0],"gold":104,"neow_bonus":"RANDOM_COLORLESS_2","is_daily":false,"chose_seed":false,"campfire_upgraded":3,"win_rate":0.0,"timestamp":1609905341,"path_taken":["M","?","M","M","M","E","R","?","T","R","$","R","?","E","R","BOSS"],"items_purchased_type":["Card","Card","Card"],"build_version":"2020-12-22","purchased_purges":0,"victory":false,"max_hp_per_floor":[80,80,80,80,80,80,80,80,80,80,80,80,80,80,80,80,80],"card_choices":[{"not_picked":["Panache","Violence"],"picked":"HandOfGreed","floor":0.0},{"not_picked":["Cleave","Headbutt"],"picked":"Thunderclap","floor":1.0},{"not_picked":["Wild Strike","Flex"],"picked":"Corruption","floor":3.0},{"not_picked":["Bloodletting","Twin Strike"],"picked":"Perfected Strike","floor":4.0},{"not_picked":["Iron Wave","Anger"],"picked":"Second Wind","floor":5.0},{"not_picked":["Thunderclap","Iron Wave"],"picked":"Feel No Pain","floor":6.0},{"not_picked":["Hemokinesis","Flex"],"picked":"Reckless Charge","floor":8.0},{"not_picked":["Twin Strike","Whirlwind"],"picked":"Dark Embrace","floor":14.0}],"player_experience":50325,"relics_obtained":[{"floor":6.0,"key":"Bottled Tornado"},{"floor":9.0,"key":"Peace Pipe"},{"floor":14.0,"key":"Charon\u0027s Ashes"}],"event_choices":[{"damage_healed":1.0,"max_hp_gain":0.0,"max_hp_loss":0.0,"gold_gain":0.0,"event_name":"Wheel of Change","player_choice":"Full Heal","floor":2.0,"gold_loss":0.0,"damage_taken":0.0},{"damage_healed":0.0,"max_hp_gain":0.0,"max_hp_loss":0.0,"gold_gain":0.0,"event_name":"Dead Adventurer","player_choice":"Searched \u00272\u0027 times","floor":8.0,"gold_loss":0.0,"damage_taken":0.0,"relics_obtained":["TungstenRod"]},{"damage_healed":20.0,"max_hp_gain":0.0,"max_hp_loss":0.0,"gold_gain":0.0,"event_name":"The Cleric","player_choice":"Healed","floor":13.0,"gold_loss":35.0,"damage_taken":0.0}],"is_beta":false,"boss_relics":[],"items_purged_floors":[],"is_endless":false,"potions_floor_spawned":[5],"killed_by":"The Guardian","ascension_level":3}}