{"host":"1hyzy7ndnud2osw4","time":1609895103,"event":{"mods":["2.2 Compatiblity","Act Like it!","Arknights The Spire","Art Attack!","Aspiration","Astrologer","Bard","BaseMod","Beaked The Cultist","Better Third Choice","BetterRewards","Colored Powertips","Conspire","Decade(èÝá³Ù¥)","Dota2Spire","Elementarium","Gensokyo","GifTheSpireLib","GungeonMod","Hallownest","Hermit","Highlight Path","Hubris","Infinite Spire","Jorbs\u0027s Wanderer Trilogy","KinomotoSakuraMod(ÙÊñýÜâ?)","Koishi","KomeijiMod","Lobotomy","Menagerie","Minty Spire (QoL Compilation)","Quick Restart","SOS£¨ÞÙ÷é?ñýí­£©","Shop Mod","Spicy Shops","StSLib","The Administrix","The Bladedancer","The Bug Knight","The Construct","The Cursed","The Death Knight","The Disciple","The Dragon Tamer","The Factory","The Forsaken","The Gatherer","The Hierophant","The Jungle","The Marked","The Poker Player","The Runesmith","The Sage","The Senshi","The Wild Card","Uncapped","WarShipGirlsR/??á´Ò³R mod","Yuri Mod","Yuyuko"],"gold_per_floor":[119,137,137,137,137,170,170,210,287,287,318,318,351,386,386,515,515,538,553,553,571,587,631,631,669,669,669,713,713,726,726,726,852,852,876,876,915,915,938,972,49,87,112,112,146,165,199,242,242,242],"floor_reached":51,"playtime":6450,"items_purged":[],"score":1480,"play_id":"0d17d8ac-d92c-4c98-be5d-d2a589529e41","local_time":"20210106100503","daily_mods":["Draft","Heirloom","Time Dilation","DeadlyEvents","Elite Swarm"],"is_ascension_mode":true,"campfire_choices":[{"data":"Seek","floor":7.0,"key":"SMITH"},{"data":"Creative AI","floor":10.0,"key":"SMITH"},{"data":"Aggregate","floor":12.0,"key":"SMITH"},{"data":"Aggregate","floor":15.0,"key":"SMITH"},{"data":"Double Energy","floor":24.0,"key":"SMITH"},{"data":"Fission","floor":27.0,"key":"SMITH"},{"data":"Creative AI","floor":32.0,"key":"SMITH"},{"data":"Fission","floor":49.0,"key":"SMITH"}],"circlet_count":0,"master_deck":["Conserve Battery","Turbo","Conserve Battery","Cold Snap","Streamline+1","Go for the Eyes","Barrage","Hologram","BootSequence","Conserve Battery","Go for the Eyes","Aggregate+1","Aggregate+1","Aggregate+1","Heatsinks","Seek+1","Creative AI+1","Meteor Strike+1","Creative AI+1","Electrodynamics","Fission+1","conspire:SharedLibrary+1","Streamline+1","infinitespire:UltimateForm","infinitespire:FutureSight","Barrage+1","Double Energy+1","Creative AI","Machine Learning","Coolheaded+1","Tools of the Trade","Noxious Fumes","Electrodynamics","Fusion+1","Core Surge","Compile Driver+1","Electrodynamics","hubris:PowerSurge","Echo Form","infinitespire:Punishment","Mind Blast","Multi-Cast","Compile Driver+1","infinitespire:Oblivion","Thunder Strike","Fission+1"],"relics":["Cracked Core","DemoMod:VorpalBullet","Golden Idol","DemoMod:ClearGuonStone","Nunchaku","theForsaken:HumbleEgg","aspiration:ChemicalBlood","infinitespire:Lucky Rock","ShirouKen","Pear","infinitespire:Cupcake","Kunai","Pocketwatch","Dota2Spire:EchoSabre","WingedGreaves","Mercury Hourglass","Black Star","conspire:TopHat","hubris:TinFlute","Dota2Spire:MaskOfMadness","MealTicket","Eternal Feather","Mango","Sling","Dream Catcher","Gremlin Horn","Whetstone","DemoMod:AgedBell","beaked:SacredDeck","infinitespire:SolderingIron","infinitespire:CheckeredPen","DemoMod:ChaffGrenade","hubris:Potato","infinitespire:Magic Flask","DemoMod:GreenGuonStone"],"acts_visited":["Exordium","TheCity","TheBeyond"],"potions_floor_usage":[50],"damage_taken":[{"damage":3.0,"enemies":"2 Louse","floor":1.0,"turns":3.0},{"damage":0.0,"enemies":"Small Slimes","floor":2.0,"turns":3.0},{"damage":7.0,"enemies":"Lagavulin","floor":6.0,"turns":3.0},{"damage":0.0,"enemies":"HollowMod:MossKnight","floor":8.0,"turns":12.0},{"damage":0.0,"enemies":"Lagavulin","floor":11.0,"turns":3.0},{"damage":0.0,"enemies":"3 Sentries","floor":13.0,"turns":5.0},{"damage":0.0,"enemies":"Gremlin Nob","floor":14.0,"turns":2.0},{"damage":0.0,"enemies":"Slime Boss","floor":16.0,"turns":4.0},{"damage":0.0,"enemies":"conspire:FuzzyDice","floor":18.0,"turns":4.0},{"damage":0.0,"enemies":"Shell Parasite","floor":19.0,"turns":5.0},{"damage":0.0,"enemies":"Chosen and Byrds","floor":21.0,"turns":3.0},{"damage":0.0,"enemies":"conspire:HollyBat","floor":22.0,"turns":5.0},{"damage":0.0,"enemies":"Book of Stabbing","floor":23.0,"turns":2.0},{"damage":0.0,"enemies":"conspire:Head Lice","floor":25.0,"turns":2.0},{"damage":0.0,"enemies":"Slavers","floor":28.0,"turns":1.0},{"damage":0.0,"enemies":"Centurion and Healer","floor":30.0,"turns":3.0},{"damage":0.0,"enemies":"Champ","floor":33.0,"turns":4.0},{"damage":0.0,"enemies":"Orb Walker","floor":35.0,"turns":2.0},{"damage":0.0,"enemies":"Giant Head","floor":37.0,"turns":5.0},{"damage":0.0,"enemies":"3 Shapes","floor":39.0,"turns":2.0},{"damage":71.0,"enemies":"Reptomancer","floor":40.0,"turns":3.0},{"damage":0.0,"enemies":"Giant Head","floor":42.0,"turns":4.0},{"damage":0.0,"enemies":"Reptomancer","floor":45.0,"turns":2.0},{"damage":0.0,"enemies":"3 Darklings","floor":46.0,"turns":2.0},{"damage":0.0,"enemies":"Nightmare","floor":47.0,"turns":2.0},{"damage":0.0,"enemies":"Reptomancer","floor":48.0,"turns":1.0},{"damage":2,"enemies":"Donu and Deca","floor":50,"turns":4}],"seed_played":"-7366560864365623833","potions_obtained":[{"floor":2.0,"key":"DistilledChaos"},{"floor":6.0,"key":"PowerPotion"},{"floor":13.0,"key":"PowerPotion"},{"floor":16.0,"key":"Dota2Spire:Clarity"},{"floor":21.0,"key":"Strength Potion"},{"floor":22.0,"key":"SpeedPotion"},{"floor":28.0,"key":"construct:ShiftPotion"},{"floor":33.0,"key":"Dota2Spire:HealingSalve"},{"floor":39.0,"key":"conspire:TimeTravelPotion"},{"floor":40.0,"key":"PowerPotion"},{"floor":40.0,"key":"construct:ShiftPotion"},{"floor":45.0,"key":"Ancient Potion"},{"floor":46.0,"key":"LiquidBronze"},{"floor":48.0,"key":"FocusPotion"}],"is_trial":true,"path_per_floor":["M","M","?","?","?","E","R","E","T","R","E","R","E","E","R","B",null,"M","M","AVR","M","M","E","R","E","T","R","E","T","M","?","R","B",null,"M","?","E","?","M","E","$","E","T","AVR","E","M","NM","E","R","B",null],"character_chosen":"DEFECT","items_purchased":["MealTicket","hubris:PowerSurge","Eternal Feather","Mango","Sling"],"campfire_rested":0,"item_purchase_floors":[41,41,41,41,41],"current_hp_per_floor":[75,75,75,57,57,57,57,64,64,64,71,71,75,75,75,75,75,75,75,85,85,85,85,85,85,85,85,85,85,85,85,85,85,85,85,85,85,77,77,80,94,94,94,94,94,94,94,94,99,97],"gold":242,"neow_bonus":"","is_daily":false,"chose_seed":false,"campfire_upgraded":8,"win_rate":0.0,"timestamp":1609895103,"path_taken":["M","M","?","?","?","E","R","E","T","R","E","R","?","E","R","BOSS","M","M","AVR","M","M","E","R","E","T","R","E","?","M","?","R","BOSS","M","?","?","?","M","E","$","E","T","AVR","E","M","NM","?","R","BOSS"],"items_purchased_type":["Relic","Card","Relic","Relic","Relic"],"build_version":"2020-12-22","purchased_purges":0,"victory":true,"max_hp_per_floor":[75,75,75,75,75,75,75,75,75,75,75,75,75,75,75,75,75,75,75,85,85,85,85,85,85,85,85,85,85,85,85,85,85,85,85,85,85,85,85,85,99,99,99,99,99,99,99,99,99,99],"card_choices":[{"not_picked":["Tempest","Glacier"],"picked":"Conserve Battery","floor":0.0},{"not_picked":["Sweeping Beam","Gash"],"picked":"Turbo","floor":0.0},{"not_picked":["Cold Snap","Go for the Eyes"],"picked":"Self Repair","floor":0.0},{"not_picked":["Beam Cell","Redo"],"picked":"Conserve Battery","floor":0.0},{"not_picked":["Redo","Leap"],"picked":"Cold Snap","floor":0.0},{"not_picked":["Turbo","Rip and Tear"],"picked":"Streamline","floor":0.0},{"not_picked":["Reprogram","Gash"],"picked":"Go for the Eyes","floor":0.0},{"not_picked":["Go for the Eyes","Steam"],"picked":"Barrage","floor":0.0},{"not_picked":["Sweeping Beam","Turbo"],"picked":"Static Discharge","floor":0.0},{"not_picked":["Skim","Compile Driver"],"picked":"Hologram","floor":0.0},{"not_picked":["Go for the Eyes","Rip and Tear"],"picked":"BootSequence","floor":0.0},{"not_picked":["Leap","Coolheaded"],"picked":"Conserve Battery","floor":0.0},{"not_picked":["Recycle","Melter"],"picked":"Go for the Eyes","floor":0.0},{"not_picked":["Cold Snap","Conserve Battery"],"picked":"Aggregate","floor":0.0},{"not_picked":["Coolheaded","Conserve Battery"],"picked":"Aggregate","floor":0.0},{"not_picked":["Tempest","aspiration:Polymerization"],"picked":"Aggregate","floor":1.0},{"not_picked":["Barrage","Hello World"],"picked":"Heatsinks","floor":2.0},{"not_picked":["Thunder Strike","Machine Learning"],"picked":"Seek","floor":6.0},{"not_picked":["Reboot","Amplify"],"picked":"Creative AI","floor":8.0},{"not_picked":["All For One","Multi-Cast"],"picked":"Meteor Strike","floor":11.0},{"not_picked":["Rainbow","Core Surge"],"picked":"Creative AI","floor":13.0},{"not_picked":["Seek","All For One"],"picked":"Electrodynamics","floor":14.0},{"not_picked":["Electrodynamics","Rainbow"],"picked":"Fission","floor":16.0},{"not_picked":["Steam+1","Conserve Battery+1"],"picked":"conspire:SharedLibrary+1","floor":18.0},{"not_picked":["Turbo+1","Undo"],"picked":"Streamline+1","floor":19.0},{"not_picked":["Conserve Battery+1","conspire:Rain"],"picked":"Barrage+1","floor":21.0},{"not_picked":["Recycle","Redo+1"],"picked":"Double Energy","floor":22.0},{"not_picked":["Multi-Cast","Biased Cognition"],"picked":"Creative AI","floor":23.0},{"not_picked":["hubris:DoWhile","hubris:SpecializedCircuitry"],"picked":"Machine Learning","floor":25.0},{"not_picked":["Hyperbeam","hubris:Prefetch"],"picked":"Biased Cognition","floor":28.0},{"not_picked":["Lockon","Blizzard"],"picked":"Coolheaded+1","floor":30.0},{"not_picked":["All For One","Biased Cognition"],"picked":"Electrodynamics","floor":33.0},{"not_picked":["Glacier","Go for the Eyes+1"],"picked":"Fusion+1","floor":35.0},{"not_picked":["hubris:DoWhile","Hyperbeam"],"picked":"Core Surge","floor":37.0},{"not_picked":["Gash+1","Sweeping Beam+1"],"picked":"Compile Driver+1","floor":39.0},{"not_picked":["Rainbow","hubris:DoWhile"],"picked":"Electrodynamics","floor":40.0},{"not_picked":["Core Surge","Thunder Strike"],"picked":"Echo Form","floor":42.0},{"not_picked":["hubris:Prefetch","Core Surge"],"picked":"Multi-Cast","floor":45.0},{"not_picked":["Beam Cell+1","Redo+1"],"picked":"Compile Driver+1","floor":46.0},{"not_picked":["infinitespire:Menacing","infinitespire:DeathsTouch"],"picked":"infinitespire:Oblivion","floor":47.0},{"not_picked":["hubris:SpecializedCircuitry","hubris:Prefetch"],"picked":"Thunder Strike","floor":47.0},{"not_picked":["All For One","Amplify"],"picked":"Fission","floor":48.0}],"player_experience":1037503,"relics_obtained":[{"floor":6.0,"key":"DemoMod:ClearGuonStone"},{"floor":8.0,"key":"Nunchaku"},{"floor":9.0,"key":"theForsaken:HumbleEgg"},{"floor":11.0,"key":"aspiration:ChemicalBlood"},{"floor":13.0,"key":"infinitespire:Lucky Rock"},{"floor":14.0,"key":"ShirouKen"},{"floor":23.0,"key":"Kunai"},{"floor":25.0,"key":"Pocketwatch"},{"floor":26.0,"key":"Dota2Spire:EchoSabre"},{"floor":28.0,"key":"WingedGreaves"},{"floor":29.0,"key":"Mercury Hourglass"},{"floor":37.0,"key":"conspire:TopHat"},{"floor":40.0,"key":"hubris:TinFlute"},{"floor":40.0,"key":"Dota2Spire:MaskOfMadness"},{"floor":42.0,"key":"Dream Catcher"},{"floor":42.0,"key":"Gremlin Horn"},{"floor":43.0,"key":"Whetstone"},{"floor":45.0,"key":"infinitespire:SolderingIron"},{"floor":45.0,"key":"infinitespire:CheckeredPen"},{"floor":47.0,"key":"DemoMod:ChaffGrenade"},{"floor":47.0,"key":"hubris:Potato"},{"floor":48.0,"key":"infinitespire:Magic Flask"},{"floor":48.0,"key":"DemoMod:GreenGuonStone"}],"event_choices":[{"damage_healed":0.0,"max_hp_gain":0.0,"max_hp_loss":0.0,"gold_gain":0.0,"event_name":"Golden Idol","player_choice":"Take Damage","floor":4.0,"gold_loss":0.0,"damage_taken":18.0,"relics_obtained":["Golden Idol"]},{"damage_healed":0.0,"max_hp_gain":0.0,"max_hp_loss":0.0,"gold_gain":0.0,"event_name":"Purifier","player_choice":"Ignored","floor":5.0,"gold_loss":0.0,"damage_taken":0.0},{"cards_removed":["Wraith Form v2"],"damage_healed":0.0,"max_hp_gain":0.0,"max_hp_loss":0.0,"gold_gain":0.0,"event_name":"Purifier","player_choice":"Purged","floor":36.0,"gold_loss":0.0,"damage_taken":0.0},{"damage_healed":0.0,"max_hp_gain":0.0,"max_hp_loss":0.0,"gold_gain":0.0,"event_name":"Wheel of Change","player_choice":"Damaged","floor":38.0,"gold_loss":0.0,"damage_taken":8.0}],"is_beta":false,"boss_relics":[{"not_picked":["hubris:CrackedHourglass","hubris:GrandSneckoEye","hubris:VirtuousBlindfold"]},{"not_picked":["aspiration:MobileForge","aspiration:RitualDagger"],"picked":"Black Star"}],"items_purged_floors":[],"is_endless":false,"potions_floor_spawned":[2,6,13,16,21,22,28,33,39,40,45,46,48],"ascension_level":1}}