{"host":"2gugywxuw0nvjb3h","time":1609945934,"event":{"mods":["AchievementEnabler","BaseMod","Better Altar","Better Match","Better Note","Better Sensory Stone","Better Skull","Better Third Choice","BetterRewards","Colored Map","Colored Powertips","Curses Come First","Evolution","GifTheSpireLib","Hermit","Key Reminder","Marisa????????","Minty Spire (QoL Compilation)","Rare Cards Sparkle","Relic Sorter","Replay The Spire","Shade Mod","Spicy Shops","StSLib","The Cursed","The Disciple","The Marked","The Senshi","The Servant 0.9.4"],"gold_per_floor":[121,141,161,86,50,91,113,122,173,198,217,256,265,288,297,407,507,534,554,409,418,418,458,480,499,524,564,573,613,641,535,544,652,652,672,697,697,723,743,780,801,810,810,513,534,569,578,602,611,611],"floor_reached":51,"playtime":5106,"items_purged":["Writhe"],"score":1236,"play_id":"f73b61f8-1bc8-4023-a6a4-8502c5e643c0","local_time":"20210106081214","is_ascension_mode":true,"campfire_choices":[{"data":"Shade:Putrefaction","floor":8.0,"key":"SMITH"},{"data":"Shade:GreaterAnimation","floor":13.0,"key":"SMITH"},{"floor":15.0,"key":"REST"},{"data":"Shade:OpenGraves","floor":28.0,"key":"SMITH"},{"floor":32.0,"key":"REST"},{"data":"Shade:SensePrey","floor":42,"key":"SMITH"},{"data":"Shade:Patience","floor":47,"key":"SMITH"},{"data":"Shade:Awaken","floor":49,"key":"SMITH"}],"circlet_count":0,"master_deck":["Shade:Defend_Shade","Shade:AnimateDead","Shade:CarefulCut+1","Shade:OpenGraves+1","Shade:Brains","Shade:Brains","Shade:ScuttlingHand","Shade:Bonestorm","Shade:Premonition","Shade:SensePrey+1","Shade:Bonestorm","Shade:CommandSoldier","Shade:Excise","Shade:FleshToFlesh","Shade:Putrefaction+1","Shade:ClawBack","Shade:GreaterAnimation+1","Shade:ScuttlingHand","Shade:FuneraryJewels","Shade:StitchTogether","Shade:FeralStrike","Shade:PressTheAttack","Shade:GraveStillness+1","Shade:OpenGraves","Shade:CoffinDance","Shade:Carnophage+1","Shade:Bonestorm+1","Shade:Awaken+1","Shade:Frenzy","Shade:Bonestorm+1","Shade:Bonestorm+1","Shade:ScuttlingHand+1","Shade:Premonition+1","Dramatic Entrance+1","Shade:Premonition","Shade:Coordination+1","Shade:ClawBack+1","Shade:FreshBones+1","Shade:Trample","Shade:SkeletonArmy+1","Shade:SoulToxin+1","Shade:PressTheAttack","Shade:AuraOfUnlife","Shade:Premonition","Shade:Coordination+1","Shade:Patience+1","Shade:TouchOfTheGrave+1","Shade:Doomsay"],"relics":["Shade:YorickSkull","EVO:Axolotl","CeramicFish","Replay:PocketPolymizer","Divine Protection","Anchor","Gremlin Food","Replay:Wanted Poster","Oddly Smooth Stone","Golden Egg","Orichalcum","Juzu Bracelet","Durian","BargainBundle","Eternal Feather","theSenshi:FeatherClipsRelic","ChewingGum","Regal Pillow","ReplayTheSpireMod:Ninjato","PreservedInsect","ReplayTheSpireMod:TigerMarble","Ornamental Fan"],"acts_visited":["Exordium","TheCity","TheBeyond"],"potions_floor_usage":[41,50],"damage_taken":[{"damage":0.0,"enemies":"Cultist","floor":1.0,"turns":4.0},{"damage":0.0,"enemies":"Small Slimes","floor":2.0,"turns":4.0},{"damage":0.0,"enemies":"Jaw Worm","floor":3.0,"turns":4.0},{"damage":16.0,"enemies":"Gremlin Nob","floor":6.0,"turns":4.0},{"damage":0.0,"enemies":"Blue Slaver","floor":7.0,"turns":2.0},{"damage":0.0,"enemies":"Looter","floor":10.0,"turns":4.0},{"damage":0.0,"enemies":"Exordium Thugs","floor":11.0,"turns":4.0},{"damage":0.0,"enemies":"Replay:BlueRogue","floor":12.0,"turns":5.0},{"damage":0.0,"enemies":"2 Fungi Beasts","floor":14.0,"turns":2.0},{"damage":5.0,"enemies":"Fading Forest","floor":16.0,"turns":11.0},{"damage":0.0,"enemies":"3 Byrds","floor":18.0,"turns":4.0},{"damage":0.0,"enemies":"Chosen","floor":19.0,"turns":3.0},{"damage":7.0,"enemies":"Replay:Snechameleon","floor":23.0,"turns":6.0},{"damage":0.0,"enemies":"Shelled Parasite and Fungi","floor":24.0,"turns":3.0},{"damage":0.0,"enemies":"Centurion and Healer","floor":25.0,"turns":6.0},{"damage":0.0,"enemies":"Gremlin Leader","floor":27.0,"turns":5.0},{"damage":17.0,"enemies":"Book of Stabbing","floor":29.0,"turns":7.0},{"damage":6.0,"enemies":"Snake Plant","floor":30.0,"turns":5.0},{"damage":0.0,"enemies":"Collector","floor":33.0,"turns":6.0},{"damage":0.0,"enemies":"3 Shapes","floor":35.0,"turns":2.0},{"damage":4.0,"enemies":"3 Darklings","floor":36.0,"turns":3.0},{"damage":0.0,"enemies":"Jaw Worm Horde","floor":38.0,"turns":2.0},{"damage":0.0,"enemies":"Sphere and 2 Shapes","floor":39.0,"turns":3.0},{"damage":4.0,"enemies":"Giant Head","floor":40.0,"turns":7.0},{"damage":4,"enemies":"Transient","floor":41,"turns":5},{"damage":0,"enemies":"3 Darklings","floor":45,"turns":2},{"damage":0,"enemies":"Nemesis","floor":46,"turns":5},{"damage":0,"enemies":"Sphere and 2 Shapes","floor":48,"turns":2},{"damage":46,"enemies":"Time Eater","floor":50,"turns":9}],"seed_played":"2851207916538924070","potions_obtained":[{"floor":1.0,"key":"Dexterity Potion"},{"floor":3.0,"key":"Adrenaline Potion"},{"floor":11.0,"key":"LiquidBronze"},{"floor":18.0,"key":"Reflective Coating"},{"floor":25.0,"key":"Energy Potion"},{"floor":27.0,"key":"Dexterity Potion"},{"floor":38.0,"key":"Elixir"},{"floor":40,"key":"Explosive Potion"},{"floor":41,"key":"Strength Potion"},{"floor":48,"key":"FairyPotion"}],"is_trial":false,"path_per_floor":["M","M","M","?","$","E","M","R","T","M","M","E","R","M","R","B",null,"M","M","$","?","?","E","M","M","T","E","R","E","M","$","R","B",null,"M","M","?","M","M","E","M","R","T","$","M","E","R","M","R","B",null],"character_chosen":"SHADE","items_purchased":["CeramicFish","Shade:OpenGraves","Shade:Brains","Shade:ScuttlingHand","Shade:Bonestorm","Shade:CommandSoldier","Oddly Smooth Stone","BargainBundle","Eternal Feather","Shade:Bonestorm","Shade:ScuttlingHand","Shade:Premonition","Dramatic Entrance","theSenshi:FeatherClipsRelic","PreservedInsect","ReplayTheSpireMod:TigerMarble"],"campfire_rested":2,"item_purchase_floors":[0,0,0,0,0,5,20,31,31,31,31,31,31,31,44,44],"current_hp_per_floor":[65,65,65,65,65,49,49,49,49,49,49,49,49,49,65,60,65,65,65,65,65,65,65,65,65,65,65,65,53,47,47,70,70,70,70,70,80,80,80,80,80,80,80,80,80,80,80,80,80,47],"gold":611,"neow_bonus":"","is_daily":false,"chose_seed":false,"campfire_upgraded":6,"win_rate":0.0,"timestamp":1609945934,"path_taken":["M","M","?","?","$","E","M","R","T","?","M","E","R","M","R","BOSS","M","M","$","?","?","E","M","?","T","E","R","E","M","$","R","BOSS","M","M","?","M","M","E","M","R","T","$","M","E","R","M","R","BOSS"],"items_purchased_type":["Relic","Card","Card","Card","Card","Card","Relic","Relic","Relic","Card","Card","Card","Card","Relic","Relic","Relic"],"build_version":"2020-12-22","purchased_purges":1,"victory":true,"max_hp_per_floor":[65,65,65,65,65,65,65,65,65,65,65,65,65,65,65,65,65,65,65,65,65,65,65,65,65,65,65,65,70,70,70,70,70,70,70,70,80,80,80,80,80,80,80,80,80,80,80,80,80,80],"card_choices":[{"not_picked":["Shade:BoneShards","Shade:CoffinDance"],"picked":"Shade:Premonition","floor":1.0},{"not_picked":["Shade:FeralStrike","Shade:CoffinDance"],"picked":"Shade:SensePrey","floor":2.0},{"not_picked":["Shade:CommandSoldier","Shade:Excise"],"picked":"Shade:Bonestorm","floor":3.0},{"not_picked":["Shade:Premonition","Shade:FeralStrike"],"picked":"Shade:Excise","floor":6.0},{"not_picked":["Shade:AblativeArmor","Shade:Frenzy"],"picked":"Shade:FleshToFlesh","floor":7.0},{"not_picked":["Shade:Haruspicy","Shade:CommandSoldier"],"picked":"Shade:ClawBack","floor":10.0},{"not_picked":["Shade:RavenousHorde","Shade:FeralStrike"],"picked":"Shade:GreaterAnimation","floor":11.0},{"not_picked":["Shade:LyeBath","Shade:Tombstone"],"picked":"Shade:ScuttlingHand","floor":12.0},{"not_picked":["Shade:CallOfTheGrave","Shade:BoneShards"],"picked":"Shade:StitchTogether","floor":14.0},{"not_picked":["Shade:Putrefaction","Shade:Consume"],"picked":"Shade:OfferingToTheBeyond","floor":16.0},{"not_picked":["Shade:AncientSpear","Shade:FeralStrike"],"picked":"Shade:PressTheAttack","floor":18.0},{"not_picked":["Shade:Bonestorm+1","Shade:Excise+1"],"picked":"Shade:GraveStillness+1","floor":19.0},{"not_picked":["Shade:SensePrey","Shade:GreyBargain+1"],"picked":"Shade:OpenGraves","floor":23.0},{"not_picked":["Shade:FingerOfDeath","Shade:ExtraLimbs+1"],"picked":"Shade:CoffinDance","floor":24.0},{"not_picked":["Shade:Trample","Shade:CommandSoldier+1"],"picked":"Shade:Carnophage+1","floor":25.0},{"not_picked":["Shade:PoundOfFlesh","Shade:SelfBurial"],"picked":"Shade:Bonestorm+1","floor":27.0},{"not_picked":["Shade:CoffinDance","Shade:AncientSpear"],"picked":"Shade:Awaken","floor":29.0},{"not_picked":["Shade:Asphyxiate","Shade:ExtraLimbs"],"picked":"Shade:Frenzy","floor":30.0},{"not_picked":["Shade:OminousRitual","Shade:SelfBurial"],"picked":"Shade:Coordination","floor":33.0},{"not_picked":["Shade:Haruspicy","Shade:WallOfFlesh+1"],"picked":"Shade:ClawBack+1","floor":35.0},{"not_picked":["Shade:BoneShards+1","Shade:Excise"],"picked":"Shade:FreshBones+1","floor":36.0},{"not_picked":["Shade:GraveStillness","Shade:OpenGraves"],"picked":"Shade:Trample","floor":38.0},{"not_picked":["Shade:FleshLikeOak","Shade:CallWraith"],"picked":"Shade:SkeletonArmy+1","floor":39.0},{"not_picked":["Shade:FuneraryArmor","Shade:Haruspicy+1"],"picked":"Shade:SoulToxin+1","floor":40},{"not_picked":["Shade:GoDigging+1","Shade:CallOfTheGrave+1"],"picked":"Shade:PressTheAttack","floor":41},{"not_picked":["Shade:Patience","Shade:GoDigging"],"picked":"Shade:Premonition","floor":45},{"not_picked":["Shade:FeralStrike","Shade:OneIsEnough"],"picked":"Shade:Coordination","floor":46},{"not_picked":["Shade:CoffinDance","Shade:OpenGraves+1"],"picked":"Shade:TouchOfTheGrave+1","floor":48}],"player_experience":268103,"relics_obtained":[{"floor":6.0,"key":"Divine Protection"},{"floor":9.0,"key":"Anchor"},{"floor":12.0,"key":"Gremlin Food"},{"floor":23.0,"key":"Golden Egg"},{"floor":26.0,"key":"Orichalcum"},{"floor":27.0,"key":"Juzu Bracelet"},{"floor":29.0,"key":"Durian"},{"floor":40,"key":"Regal Pillow"},{"floor":43,"key":"ReplayTheSpireMod:Ninjato"},{"floor":46,"key":"Ornamental Fan"}],"event_choices":[{"damage_healed":0.0,"max_hp_gain":0.0,"max_hp_loss":0.0,"gold_gain":0.0,"event_name":"betterMatch:BetterMatch","player_choice":"3","floor":4.0,"gold_loss":0.0,"damage_taken":0.0,"cards_obtained":[]},{"damage_healed":0.0,"max_hp_gain":0.0,"max_hp_loss":0.0,"gold_gain":0.0,"event_name":"Wheel of Change","player_choice":"Cursed","floor":21.0,"gold_loss":0.0,"damage_taken":0.0,"cards_obtained":["Decay"]},{"damage_healed":0.0,"max_hp_gain":0.0,"max_hp_loss":0.0,"gold_gain":0.0,"event_name":"The Woman in Blue","player_choice":"Bought 0 Potions","floor":22.0,"gold_loss":0.0,"damage_taken":0.0},{"cards_removed":["Shade:OfferingToTheBeyond"],"damage_healed":0.0,"max_hp_gain":10.0,"max_hp_loss":0.0,"gold_gain":0.0,"event_name":"Bonfire Elementals","player_choice":"Offered Rare","floor":37.0,"gold_loss":0.0,"damage_taken":0.0}],"is_beta":false,"boss_relics":[{"not_picked":["Tiny House","Velvet Choker"],"picked":"Replay:Wanted Poster"},{"not_picked":["Astrolabe","Runic Pyramid"],"picked":"ChewingGum"}],"items_purged_floors":[31],"is_endless":false,"potions_floor_spawned":[1,3,11,14,18,23,25,27,38,40,41,48],"ascension_level":1}}