{"host":"9v3x998ddbx8o276","time":1609895511,"event":{"mods":["AchievementEnabler","BaseMod","Colored Map","Colored Powertips","Highlight Path","Minty Spire (QoL Compilation)","Quick Restart","Rare Cards Sparkle"],"gold_per_floor":[117,130,24,24,38,38,51,51,78,92,133,156,156,196,196,196,196],"floor_reached":16,"playtime":587,"items_purged":[],"score":224,"play_id":"8270b782-89f4-4f1f-9566-26dc1eee456c","local_time":"20210106114151","is_ascension_mode":true,"campfire_choices":[{"floor":6,"key":"REST"},{"floor":8,"key":"REST"},{"floor":15,"key":"REST"}],"circlet_count":0,"master_deck":["AscendersBane","Strike_G","Strike_G","Strike_G","Strike_G","Strike_G","Defend_G","Defend_G","Defend_G","Defend_G","Defend_G","Survivor","Neutralize","Distraction","Slice","Dagger Spray+1","Backstab","Riddle With Holes","Backstab","Crippling Poison","Blur","Dagger Throw"],"relics":["SlaversCollar","Omamori","CeramicFish","Question Card"],"acts_visited":["Exordium"],"potions_floor_usage":[11,14],"damage_taken":[{"damage":9,"enemies":"Cultist","floor":1,"turns":6},{"damage":18,"enemies":"Jaw Worm","floor":2,"turns":7},{"damage":7,"enemies":"2 Louse","floor":5,"turns":4},{"damage":6,"enemies":"Blue Slaver","floor":7,"turns":4},{"damage":11,"enemies":"3 Louse","floor":10,"turns":3},{"damage":31,"enemies":"Gremlin Nob","floor":11,"turns":4},{"damage":1,"enemies":"Large Slime","floor":12,"turns":5},{"damage":3,"enemies":"3 Sentries","floor":14,"turns":9},{"damage":22,"enemies":"The Guardian","floor":16,"turns":9}],"seed_played":"-619723720100187654","potions_obtained":[{"floor":1,"key":"LiquidMemories"},{"floor":11,"key":"EssenceOfSteel"},{"floor":13,"key":"FairyPotion"}],"is_trial":false,"path_per_floor":["M","M","$","?","M","R","M","R","T","M","E","M","?","E","R","B"],"character_chosen":"THE_SILENT","items_purchased":["Fire Potion","Dagger Spray"],"campfire_rested":3,"item_purchase_floors":[3,3],"current_hp_per_floor":[50,32,32,32,25,44,38,57,57,46,15,14,14,11,30,8,8],"gold":196,"neow_bonus":"BOSS_RELIC","is_daily":false,"chose_seed":false,"campfire_upgraded":0,"win_rate":0.0,"timestamp":1609895511,"path_taken":["M","M","$","?","M","R","M","R","T","M","E","?","?","E","R","BOSS"],"items_purchased_type":["Potion","Card"],"build_version":"2020-12-22","purchased_purges":0,"victory":false,"max_hp_per_floor":[66,66,66,66,66,66,66,66,66,66,66,66,66,66,66,66,66],"card_choices":[{"not_picked":["Tactician","Expertise"],"picked":"Distraction","floor":1},{"not_picked":["Well Laid Plans","Outmaneuver"],"picked":"Slice","floor":2},{"not_picked":["Infinite Blades","Quick Slash"],"picked":"Backstab","floor":5},{"not_picked":["Dagger Throw","Poisoned Stab"],"picked":"Riddle With Holes","floor":7},{"not_picked":["Quick Slash","Reflex"],"picked":"Backstab","floor":10},{"not_picked":["Underhanded Strike","Backstab"],"picked":"Crippling Poison","floor":11},{"not_picked":["Flechettes","Cloak And Dagger"],"picked":"Blur","floor":12},{"not_picked":["Accuracy","Dagger Spray"],"picked":"Dagger Throw","floor":14}],"player_experience":2088909,"relics_obtained":[{"floor":9,"key":"Omamori"},{"floor":11,"key":"CeramicFish"},{"floor":14,"key":"Question Card"}],"event_choices":[{"damage_healed":0,"gold_gain":0,"player_choice":"Upgraded","damage_taken":0,"max_hp_gain":0,"max_hp_loss":0,"event_name":"Upgrade Shrine","floor":4,"gold_loss":0,"cards_upgraded":["Dagger Spray"]},{"damage_healed":0,"gold_gain":0,"player_choice":"Got Potions","damage_taken":0,"max_hp_gain":0,"max_hp_loss":0,"event_name":"Lab","floor":13,"gold_loss":0}],"is_beta":false,"boss_relics":[],"items_purged_floors":[],"is_endless":false,"potions_floor_spawned":[1,7,10,11,12],"killed_by":"The Guardian","ascension_level":20}}