{"host":"p9t7qd83igtcp2bh","time":1609917096,"event":{"mods":["2.2 Compatiblity","AchievementEnabler","BaseMod","Colored Map","Colored Powertips","Custom Start","DeckTracker","Keyboard Shortcuts","Minty Spire (QoL Compilation)","Permanent Neow","Spicy Shops","StSLib","SuperFastMode","everything is the same but u backflip on backflip"],"gold_per_floor":[113,126,91,91,106,106,119,138,138,158,24,24,34,51,51,128,128,138,156,167,167,187,187,218,218,218],"floor_reached":25,"playtime":716,"items_purged":["Strike_B"],"score":484,"play_id":"01bb650a-b69e-4825-ad89-aaa67acbc992","local_time":"20210106161136","is_ascension_mode":true,"campfire_choices":[{"data":"Ball Lightning","floor":6.0,"key":"SMITH"},{"data":"Beam Cell","floor":12.0,"key":"SMITH"},{"data":"Thunder Strike","floor":15.0,"key":"SMITH"},{"floor":23.0,"key":"REST"}],"circlet_count":0,"master_deck":["AscendersBane","Dualcast","Thunder Strike+1","Ball Lightning+1","Turbo","Genetic Algorithm","Leap","Ball Lightning","Beam Cell+1","Hologram","Undo","Ball Lightning","Capacitor","Double Energy","Reboot","Leap","Auto Shields","Reprogram+1","Hologram","Rip and Tear","Go for the Eyes"],"relics":["Cracked Core","Symbiotic Virus","Pear","Pandora\u0027s Box","The Courier"],"acts_visited":["Exordium","TheCity"],"potions_floor_usage":[25],"damage_taken":[{"damage":0.0,"enemies":"Small Slimes","floor":1.0,"turns":3.0},{"damage":9.0,"enemies":"Jaw Worm","floor":2.0,"turns":3.0},{"damage":0.0,"enemies":"Cultist","floor":5.0,"turns":3.0},{"damage":25.0,"enemies":"Gremlin Gang","floor":7.0,"turns":5.0},{"damage":6.0,"enemies":"Exordium Wildlife","floor":8.0,"turns":3.0},{"damage":12.0,"enemies":"3 Louse","floor":10.0,"turns":3.0},{"damage":0.0,"enemies":"Blue Slaver","floor":13.0,"turns":2.0},{"damage":0.0,"enemies":"Large Slime","floor":14.0,"turns":3.0},{"damage":0.0,"enemies":"Slime Boss","floor":16.0,"turns":8.0},{"damage":9.0,"enemies":"Chosen","floor":18.0,"turns":5.0},{"damage":2.0,"enemies":"3 Byrds","floor":19.0,"turns":5.0},{"damage":9.0,"enemies":"Snecko","floor":20.0,"turns":5.0},{"damage":20.0,"enemies":"Snake Plant","floor":22.0,"turns":4.0},{"damage":49.0,"enemies":"Book of Stabbing","floor":24.0,"turns":6.0},{"damage":0,"enemies":"Cultist and Chosen","floor":25,"turns":3}],"seed_played":"6809856528452129860","potions_obtained":[{"floor":1.0,"key":"SteroidPotion"},{"floor":2.0,"key":"LiquidBronze"},{"floor":7.0,"key":"PotionOfCapacity"},{"floor":19.0,"key":"Ancient Potion"}],"is_trial":false,"path_per_floor":["M","M","?","?","M","R","M","M","T","M","$","R","M","M","R","B",null,"M","M","M","?","M","R","E","M"],"character_chosen":"DEFECT","items_purchased":["Beam Cell"],"campfire_rested":1,"item_purchase_floors":[11],"current_hp_per_floor":[46,37,54,54,54,54,29,23,33,21,21,21,21,21,21,21,66,57,55,46,46,26,50,1,1,1],"gold":218,"neow_bonus":"THREE_RARE_CARDS","is_daily":false,"chose_seed":false,"campfire_upgraded":3,"win_rate":0.0,"timestamp":1609917096,"path_taken":["M","M","?","?","M","R","M","M","T","?","$","R","M","?","R","BOSS","M","M","M","?","M","R","E","M"],"items_purchased_type":["Card"],"build_version":"2020-12-22","purchased_purges":1,"victory":false,"max_hp_per_floor":[71,71,71,71,71,71,71,71,81,81,81,81,81,81,81,81,81,81,81,81,81,81,81,81,81,81],"card_choices":[{"not_picked":["Fission","Amplify"],"picked":"Thunder Strike","floor":0.0},{"not_picked":["Rip and Tear","Cold Snap"],"picked":"Lockon","floor":1.0},{"not_picked":["Melter","Barrage"],"picked":"Ball Lightning","floor":2.0},{"not_picked":["Steam","Barrage"],"picked":"Turbo","floor":5.0},{"not_picked":["Compile Driver","Undo"],"picked":"Genetic Algorithm","floor":7.0},{"not_picked":["Scrape","Rebound"],"picked":"Leap","floor":8.0},{"not_picked":["Tempest","Cold Snap"],"picked":"Ball Lightning","floor":10.0},{"not_picked":["Steam Power","Storm"],"picked":"Hologram","floor":13.0},{"not_picked":["Genetic Algorithm","Defragment"],"picked":"Undo","floor":14.0},{"not_picked":["Steam","Heatsinks","Turbo"],"picked":"SKIP","floor":18.0},{"not_picked":["Chaos","Rebound","Steam"],"picked":"SKIP","floor":19.0},{"not_picked":["Hologram","Consume"],"picked":"Reprogram+1","floor":20.0},{"not_picked":["Compile Driver","Hologram","Coolheaded"],"picked":"SKIP","floor":22.0},{"not_picked":["Reprogram","Coolheaded"],"picked":"Go for the Eyes","floor":24.0}],"player_experience":599242,"relics_obtained":[{"floor":9.0,"key":"Pear"},{"floor":24.0,"key":"The Courier"}],"event_choices":[{"damage_healed":17.0,"max_hp_gain":0.0,"max_hp_loss":0.0,"gold_gain":0.0,"event_name":"The Cleric","player_choice":"Healed","floor":3.0,"gold_loss":35.0,"damage_taken":0.0},{"cards_removed":["Lockon"],"damage_healed":0.0,"max_hp_gain":0.0,"max_hp_loss":0.0,"gold_gain":0.0,"event_name":"WeMeetAgain","player_choice":"Gave Card","floor":4.0,"gold_loss":0.0,"damage_taken":0.0,"relics_obtained":["Symbiotic Virus"]},{"damage_healed":0.0,"max_hp_gain":0.0,"max_hp_loss":0.0,"gold_gain":0.0,"cards_transformed":["Zap","Thunder Strike"],"event_name":"Drug Dealer","player_choice":"Became Test Subject","floor":21.0,"gold_loss":0.0,"damage_taken":0.0,"cards_obtained":["Hologram","Rip and Tear"]}],"is_beta":false,"boss_relics":[{"not_picked":["Runic Pyramid","Nuclear Battery"],"picked":"Pandora\u0027s Box"}],"items_purged_floors":[11],"is_endless":false,"potions_floor_spawned":[1,2,7,14,19,24],"killed_by":"Cultist and Chosen","ascension_level":16}}