{"host":"a0paspe0zwqgzttz","time":1609895307,"event":{"mods":["AchievementEnabler","Act Like it!","BaseMod","BetterRewards","Colored Powertips","Conspire","Downfall","GifTheSpireLib","Hermit","Highlight Path","Lobotomy","Marisa????????","Minty Spire (QoL Compilation)","Quick Restart","Replay The Spire","Robot Space Explorer","Shop Mod","StSLib","SuperFastMode","The Bug Knight","The Construct","The Cursed","The Hierophant","The Jungle","The Mystic","The Necromancer","The Runesmith","The Senshi","The Servant 0.9.4"],"gold_per_floor":[17,17,31,49,49,76,91,91,145,164,1,1,1,14,14,118,118,131,146,146,160,160,160,170,170,170,170,186,186,201,211,211,314,314,325,2,20,38,38,38,54,72,99,115,126,126,126],"floor_reached":46,"playtime":1652,"items_purged":[],"score":630,"play_id":"4520ebdd-d2e9-4bc2-a680-7d5be739dd16","local_time":"20210105200827","is_ascension_mode":false,"campfire_choices":[{"data":"hermit:EternalForm","floor":8,"key":"SMITH"},{"floor":12,"key":"REST"},{"floor":15,"key":"DIG"},{"data":"hermit:TakeAim","floor":23,"key":"SMITH"},{"data":"hermit:EternalForm","floor":25,"key":"SMITH"},{"data":"hermit:EternalForm","floor":27,"key":"SMITH"},{"floor":32,"key":"REST"},{"floor":40,"key":"RECALL"}],"circlet_count":0,"master_deck":["hermit:Strike_Hermit","hermit:Strike_Hermit","hermit:Strike_Hermit","hermit:Strike_Hermit","hermit:Defend_Hermit","hermit:Defend_Hermit","hermit:Defend_Hermit","hermit:Defend_Hermit","hermit:Snapshot","hermit:Covet","hermit:EternalForm+1","hermit:NoHoldsBarred","hermit:Quickdraw","hermit:NoHoldsBarred","hermit:EternalForm+1","hermit:Maintenance","hermit:Coalescence","hermit:BlackWind+1","hermit:Vantage","hermit:EternalForm+1","hermit:Ricochet+1","hermit:Dive+1","hermit:TakeAim+1","hermit:TrackingShot","hermit:BigShot","hermit:WideOpen","hermit:FullyLoaded","hermit:EternalForm","hermit:CursedWeapon+1","hermit:NoHoldsBarred","hermit:CursedWeapon+1","hermit:GhostlyPresence+1","Writhe","hermit:Virtue","hermit:BodyArmor+1","hermit:Determination+1","hermit:Dive"],"relics":["hermit:Momento","Darkstone Periapt","Lantern","theSenshi:SailorFukuRelic","Honey Jar","Mummified Hand","conspire:RunicOctahedron","Runesmith:Nanobots"],"acts_visited":["Exordium","TheCity","TheBeyond"],"potions_floor_usage":[7,16,24,33,35,42,46,46],"damage_taken":[{"damage":8,"enemies":"Jaw Worm","floor":1,"turns":3},{"damage":1,"enemies":"Cultist","floor":3,"turns":3},{"damage":0,"enemies":"2 Louse","floor":4,"turns":2},{"damage":16,"enemies":"Gremlin Nob","floor":6,"turns":3},{"damage":13,"enemies":"Exordium Wildlife","floor":7,"turns":2},{"damage":8,"enemies":"2 Fungi Beasts","floor":10,"turns":3},{"damage":0,"enemies":"3 Louse","floor":14,"turns":2},{"damage":15,"enemies":"Hexaghost","floor":16,"turns":5},{"damage":0,"enemies":"Chosen","floor":18,"turns":3},{"damage":14,"enemies":"Spheric Guardian","floor":19,"turns":4},{"damage":10,"enemies":"Chosen and Byrds","floor":21,"turns":5},{"damage":9,"enemies":"Shelled Parasite and Fungi","floor":24,"turns":6},{"damage":10,"enemies":"Snecko","floor":28,"turns":3},{"damage":6,"enemies":"Cultist and Chosen","floor":30,"turns":5},{"damage":0,"enemies":"Sentry and Sphere","floor":31,"turns":3},{"damage":20,"enemies":"Pondfish","floor":33,"turns":8},{"damage":10,"enemies":"3 Shapes","floor":35,"turns":3},{"damage":13,"enemies":"Orb Walker","floor":37,"turns":3},{"damage":25,"enemies":"Spire Growth","floor":38,"turns":4},{"damage":2,"enemies":"Transient","floor":41,"turns":5},{"damage":28,"enemies":"Maw","floor":42,"turns":6},{"damage":6,"enemies":"Sphere and 2 Shapes","floor":44,"turns":3},{"damage":21,"enemies":"Spire Growth","floor":45,"turns":3},{"damage":2,"enemies":"4 Shapes","floor":46,"turns":1}],"seed_played":"7746695050856211605","potions_obtained":[{"floor":1,"key":"PowerPotion"},{"floor":2,"key":"hermit:Tonic"},{"floor":2,"key":"PowerPotion"},{"floor":18,"key":"Regen Potion"},{"floor":19,"key":"sneckomod:MuddlingPotion"},{"floor":24,"key":"PowerPotion"},{"floor":30,"key":"SteroidPotion"},{"floor":33,"key":"Energy Potion"},{"floor":37,"key":"SteroidPotion"}],"is_trial":false,"path_per_floor":["M","?","M","M","$","E","M","R","T","M","$","R","?","M","R","B",null,"M","M","?","M","?","R","M","R","T","R","M","?","M","M","R","B",null,"M","$","M","M","?","R","M","M","T","M","M","M"],"character_chosen":"HERMIT","items_purchased":["hermit:BlackWind","Runesmith:Nanobots","hermit:NoHoldsBarred"],"campfire_rested":2,"item_purchase_floors":[11,36,36],"current_hp_per_floor":[67,67,66,66,66,50,37,37,37,29,29,51,51,51,51,36,75,75,61,61,51,37,37,40,40,40,40,30,30,24,24,48,28,80,70,70,57,32,58,58,56,28,28,22,1,0,0],"gold":126,"neow_bonus":"THREE_RARE_CARDS","is_daily":false,"chose_seed":false,"campfire_upgraded":4,"win_rate":0.0,"timestamp":1609895307,"path_taken":["M","?","?","M","$","E","M","R","T","M","$","R","?","M","R","BOSS","M","M","?","M","?","R","M","R","T","R","M","?","M","M","R","BOSS","M","$","M","M","?","R","M","M","T","M","M","M"],"items_purchased_type":["Card","Relic","Card"],"build_version":"2020-12-22","purchased_purges":0,"victory":false,"max_hp_per_floor":[75,75,75,75,75,75,75,75,75,75,75,75,75,75,75,75,75,75,75,75,75,80,80,80,80,80,80,80,80,80,80,80,80,80,80,80,80,80,86,86,86,86,86,86,86,86,86],"card_choices":[{"not_picked":["hermit:FatalDesire","hermit:OverwhelmingPower"],"picked":"hermit:EternalForm","floor":0},{"not_picked":["hermit:Feint","hermit:Vantage"],"picked":"hermit:NoHoldsBarred","floor":1},{"not_picked":["hermit:Gestalt","hermit:Misfire"],"picked":"hermit:Quickdraw","floor":3},{"not_picked":["hermit:SprayPray","hermit:Headshot"],"picked":"hermit:NoHoldsBarred","floor":4},{"not_picked":["hermit:FlashPowder","hermit:Misfire"],"picked":"hermit:EternalForm","floor":6},{"not_picked":["hermit:Misfire","hermit:CursedWeapon"],"picked":"hermit:Maintenance","floor":7},{"not_picked":["hermit:Misfire","hermit:Midnight"],"picked":"hermit:Coalescence","floor":10},{"not_picked":["hermit:HoleUp","hermit:EyeOfTheStorm"],"picked":"hermit:Vantage","floor":14},{"not_picked":["hermit:FatalDesire","hermit:Dissolve"],"picked":"hermit:EternalForm","floor":16},{"not_picked":["hermit:ItchyTrigger","hermit:WideOpen","hermit:Virtue+1"],"picked":"hermit:Ricochet+1","floor":18},{"not_picked":["hermit:Showdown+1","hermit:Gestalt","hermit:Vantage"],"picked":"hermit:Dive+1","floor":19},{"not_picked":["hermit:Misfire","hermit:PistolWhip","hermit:Desperado"],"picked":"hermit:TakeAim","floor":21},{"not_picked":["hermit:Reprieve","hermit:FlashPowder","hermit:Desperado"],"picked":"hermit:TrackingShot","floor":24},{"not_picked":["hermit:Coalescence+1","hermit:NoHoldsBarred","hermit:Misfire"],"picked":"hermit:BigShot","floor":28},{"not_picked":["hermit:Gestalt","hermit:HighCaliber","hermit:TakeCover"],"picked":"hermit:WideOpen","floor":30},{"not_picked":["hermit:Malice+1","hermit:HighCaliber+1","hermit:Scavenge+1"],"picked":"hermit:FullyLoaded","floor":31},{"not_picked":["hermit:Magnum","hermit:DeadOrAlive","hermit:BlackWind"],"picked":"hermit:EternalForm","floor":33},{"not_picked":["hermit:Dive+1","hermit:Feint+1","hermit:Malice+1"],"picked":"hermit:CursedWeapon+1","floor":35},{"not_picked":["hermit:HoleUp","hermit:BodyArmor","hermit:Coalescence"],"picked":"hermit:CursedWeapon+1","floor":37},{"not_picked":["hermit:Grudge","hermit:LuckOfTheDraw","hermit:Enervate+1"],"picked":"hermit:GhostlyPresence+1","floor":38},{"not_picked":["hermit:SprayPray","hermit:Horror+1","hermit:CursedWeapon+1"],"picked":"hermit:Virtue","floor":41},{"not_picked":["hermit:Gestalt","hermit:Misfire+1","hermit:Roulette+1"],"picked":"hermit:BodyArmor+1","floor":42},{"not_picked":["hermit:Magnum","hermit:LoneWolf","hermit:Ricochet+1"],"picked":"hermit:Determination+1","floor":44},{"not_picked":["hermit:SprayPray+1","hermit:TrackingShot","hermit:Glare"],"picked":"hermit:Dive","floor":45}],"player_experience":388298,"relics_obtained":[{"floor":6,"key":"Darkstone Periapt"},{"floor":9,"key":"Lantern"},{"floor":15,"key":"theSenshi:SailorFukuRelic"},{"floor":26,"key":"Mummified Hand"}],"event_choices":[{"damage_healed":0,"gold_gain":0,"player_choice":"Got Potions","damage_taken":0,"max_hp_gain":0,"max_hp_loss":0,"event_name":"Lab","floor":2,"gold_loss":0},{"damage_healed":0,"gold_gain":0,"player_choice":"Ignored","damage_taken":0,"max_hp_gain":0,"max_hp_loss":0,"event_name":"Beggar","floor":20,"gold_loss":0},{"damage_healed":0,"gold_gain":0,"player_choice":"Shed Blood","damage_taken":19,"max_hp_gain":5,"max_hp_loss":0,"event_name":"Forgotten Altar","floor":22,"gold_loss":0},{"damage_healed":0,"gold_gain":0,"player_choice":"Ignored","damage_taken":0,"max_hp_gain":0,"max_hp_loss":0,"event_name":"Vampires","floor":29,"gold_loss":0},{"damage_healed":20,"gold_gain":0,"player_choice":"Writhe","damage_taken":0,"max_hp_gain":0,"max_hp_loss":0,"event_name":"Winding Halls","floor":39,"gold_loss":0,"cards_obtained":["Writhe"]}],"is_beta":false,"boss_relics":[{"not_picked":["Replay:Drink Me","Snecko Eye"],"picked":"Honey Jar"},{"not_picked":["conspire:SeveredTorchhead","conspire:SlowCooker"],"picked":"conspire:RunicOctahedron"}],"items_purged_floors":[],"is_endless":false,"potions_floor_spawned":[1,4,6,18,19,24,30,33,37],"killed_by":"4 Shapes","ascension_level":0}}