{"host":"zjc1tzo4ovig5lll","time":1609939874,"event":{"mods":["AchievementEnabler","Aspiration","BaseMod","Beaked The Cultist","Better Altar","Better Match","Better Note","Better Sensory Stone","Colored Map","Colored Powertips","Conspire","Energized Spire","Friendly Minions","GifTheSpireLib","Halation","Hermit","Hubris","Minty Spire (QoL Compilation)","Rare Cards Sparkle","Replay The Spire","StSLib","The Blue Laboratory","The Bug Knight","The Construct","The Jungle","everything is the same but u backflip on backflip","vexMod"],"gold_per_floor":[111,211,211,211,221,236,236,262,262,277,277,289,289,314,326,326,326,430,430,449,449,462,462,305,305,305],"floor_reached":25,"playtime":1274,"items_purged":[],"score":243,"play_id":"2908d08e-b8c5-4916-aa3c-dd7b860072c8","local_time":"20210106153114","is_ascension_mode":true,"campfire_choices":[{"data":"Storm","floor":9.0,"key":"SMITH"},{"floor":13.0,"key":"REST"},{"floor":17,"key":"REST"}],"circlet_count":0,"master_deck":["Mayhem+1","Strike_B","Strike_B","Strike_B","Strike_B","Defend_B","Defend_B","Defend_B","Defend_B","Dualcast","Storm+1","ReplayGash","Time Bomb","Deadly Poison","Machine Learning","ReplayTheSpireMod:Calculation Training","Coolheaded","BasicCrystalCard","BasicCrystalCard","Buffer","Static Discharge","Glacier"],"relics":["NeowsBlessing","Ring of the Snake","Bronze Scales","Oddly Smooth Stone","Vajra","aspiration:Stellarator","halation:EternalFortune","Toy Ornithopter"],"acts_visited":["Exordium","TheCity"],"potions_floor_usage":[],"damage_taken":[{"damage":0.0,"enemies":"Jaw Worm","floor":1.0,"turns":1.0},{"damage":0.0,"enemies":"Cultist","floor":5.0,"turns":1.0},{"damage":0.0,"enemies":"conspire:RoseBush","floor":6.0,"turns":1.0},{"damage":30.0,"enemies":"Lagavulin","floor":8.0,"turns":6.0},{"damage":17.0,"enemies":"Large Slime","floor":10.0,"turns":6.0},{"damage":3.0,"enemies":"2 Fungi Beasts","floor":12.0,"turns":5.0},{"damage":34.0,"enemies":"3 Sentries","floor":14.0,"turns":6.0},{"damage":7,"enemies":"Exordium Thugs","floor":15,"turns":5},{"damage":25,"enemies":"Fading Forest","floor":18,"turns":11},{"damage":32,"enemies":"Spheric Guardian","floor":20,"turns":6},{"damage":9,"enemies":"3 Byrds","floor":22,"turns":5},{"damage":29,"enemies":"Replay:Snechameleon","floor":25,"turns":8}],"seed_played":"4227074873255115752","potions_obtained":[{"floor":5.0,"key":"Venom Potion"},{"floor":14.0,"key":"Dexterity Potion"},{"floor":18,"key":"Venom Potion"}],"is_trial":false,"path_per_floor":["M","?","PTL","PTL","M","M","?","E","R","M","T","M","R","E","M","?","R","B",null,"M","?","M","T","$","E"],"character_chosen":"DEFECT","items_purchased":["Toy Ornithopter"],"campfire_rested":2,"item_purchase_floors":[24],"current_hp_per_floor":[75,75,75,75,75,75,75,45,45,28,28,25,47,13,6,6,28,23,75,43,46,37,37,37,8,8],"gold":305,"neow_bonus":"THREE_ENEMY_KILL","is_daily":false,"chose_seed":false,"campfire_upgraded":1,"win_rate":0.0,"timestamp":1609939874,"path_taken":["M","?","PTL","PTL","M","?","?","E","R","M","T","M","R","E","M","?","R","BOSS","M","?","M","?","$","E"],"items_purchased_type":["Relic"],"build_version":"2020-12-22","purchased_purges":0,"victory":false,"max_hp_per_floor":[75,75,75,75,75,75,75,75,75,75,75,75,75,75,75,75,75,75,75,75,78,78,78,78,78,78],"card_choices":[{"not_picked":["Coolheaded","Leap"],"picked":"Storm","floor":1.0},{"not_picked":["Beam Cell","Coolheaded"],"picked":"ReplayGash","floor":5.0},{"not_picked":["Coolheaded","Ball Lightning"],"picked":"Time Bomb","floor":6.0},{"not_picked":["Steam","Leap"],"picked":"Machine Learning","floor":8.0},{"not_picked":["Go for the Eyes","Chaos"],"picked":"ReplayTheSpireMod:Calculation Training","floor":10.0},{"not_picked":["Compile Driver","Hologram"],"picked":"Coolheaded","floor":12.0},{"not_picked":["Leap","Ball Lightning"],"picked":"BasicCrystalCard","floor":14.0},{"not_picked":["Streamline","Cold Snap"],"picked":"BasicCrystalCard","floor":15},{"not_picked":["ReplayTheSpireMod:Fabricate Wheel","Biased Cognition"],"picked":"Buffer","floor":18},{"not_picked":["Panic Button+1","ReplaySolidLightProjector"],"picked":"Static Discharge","floor":20},{"not_picked":["Ball Lightning","Coolheaded"],"picked":"Glacier","floor":22}],"player_experience":613937,"relics_obtained":[{"floor":8.0,"key":"Bronze Scales"},{"floor":11.0,"key":"Oddly Smooth Stone"},{"floor":14.0,"key":"Vajra"}],"event_choices":[{"damage_healed":0.0,"max_hp_gain":0.0,"max_hp_loss":0.0,"gold_gain":100.0,"event_name":"Golden Shrine","player_choice":"Pray","floor":2.0,"gold_loss":0.0,"damage_taken":0.0},{"damage_healed":0,"gold_gain":0,"player_choice":"Ignored","damage_taken":0,"max_hp_gain":0,"max_hp_loss":0,"event_name":"Golden Idol","floor":16,"gold_loss":0}],"is_beta":false,"boss_relics":[{"not_picked":["Replay:Bronze Core","Calling Bell"],"picked":"aspiration:Stellarator"}],"items_purged_floors":[],"is_endless":false,"potions_floor_spawned":[5,6,14,18],"killed_by":"Replay:Snechameleon","ascension_level":3}}