{"host":"vvif2fx2jgfi5h35","time":1609907844,"event":{"mods":["AchievementEnabler","BaseMod","Colored Powertips","Minty Spire (QoL Compilation)","Quick Restart","Replay The Spire","StSLib"],"gold_per_floor":[117,136,136,155,173,207,207,207,207,226,265,280,280,321,321,321,321,321,321],"floor_reached":18,"playtime":914,"items_purged":[],"score":132,"play_id":"ec0c35c0-b9f4-4dc6-899d-11cff843c456","local_time":"20210105223724","is_ascension_mode":false,"campfire_choices":[{"floor":7,"key":"REST"},{"floor":13,"key":"REST"},{"floor":17,"key":"REST"}],"circlet_count":0,"master_deck":["Strike_G","Strike_G","Strike_G","Strike_G","Defend_G","Defend_G","Defend_G","Defend_G","Defend_G","Survivor","Neutralize","Corpse Explosion","Escape Plan","Toxin Wave","Acrobatics","Poisoned Stab","Deadly Poison","Backflip"],"relics":["Ring of the Snake","Golden Egg","Golden Idol","InkBottle","Replay:Bottled Steam","Replay:Arrowhead"],"acts_visited":["Exordium"],"potions_floor_usage":[6,10,10,14],"damage_taken":[{"damage":0,"enemies":"Jaw Worm","floor":1,"turns":4},{"damage":5,"enemies":"2 Louse","floor":2,"turns":2},{"damage":0,"enemies":"Cultist","floor":4,"turns":4},{"damage":0,"enemies":"Blue Slaver","floor":5,"turns":4},{"damage":13,"enemies":"Gremlin Nob","floor":6,"turns":4},{"damage":0,"enemies":"Gremlin Gang","floor":10,"turns":3},{"damage":18,"enemies":"3 Sentries","floor":11,"turns":4},{"damage":0,"enemies":"3 Louse","floor":12,"turns":2},{"damage":28,"enemies":"Gremlin Nob","floor":14,"turns":4},{"damage":43,"enemies":"Slime Boss","floor":18,"turns":6}],"seed_played":"8443512130571109060","potions_obtained":[{"floor":1,"key":"Poison Potion"},{"floor":2,"key":"SteroidPotion"},{"floor":6,"key":"FearPotion"},{"floor":12,"key":"Explosive Potion"}],"is_trial":false,"path_per_floor":["M","M","?","M","M","E","R","?","T","M","E","M","R","E","PTL","PTL","R","B"],"character_chosen":"THE_SILENT","items_purchased":[],"campfire_rested":3,"item_purchase_floors":[],"current_hp_per_floor":[63,58,51,51,51,38,56,41,41,41,23,23,41,13,13,13,31,0,0],"gold":321,"neow_bonus":"THREE_RARE_CARDS","is_daily":false,"chose_seed":false,"campfire_upgraded":0,"win_rate":0.0,"timestamp":1609907844,"path_taken":["M","M","?","M","M","E","R","?","T","M","E","M","R","E","PTL","PTL","R","BOSS"],"items_purchased_type":[],"build_version":"2020-12-22","purchased_purges":0,"victory":false,"max_hp_per_floor":[63,63,63,63,63,63,63,63,63,63,63,63,63,63,63,63,63,63,63],"card_choices":[{"not_picked":["Venomology","Glass Knife"],"picked":"Corpse Explosion","floor":0},{"not_picked":["Dagger Spray","Prepared"],"picked":"Escape Plan","floor":1},{"not_picked":["Masterful Stab","Choke"],"picked":"Toxin Wave","floor":2},{"not_picked":["Quick Slash","PiercingWail"],"picked":"Acrobatics","floor":4},{"not_picked":["Deflect","ReplayTheSpireMod:The Works"],"picked":"Poisoned Stab","floor":5},{"not_picked":["Dagger Throw","Slice"],"picked":"Deadly Poison","floor":6},{"not_picked":["Choke","Underhanded Strike","Dagger Spray"],"picked":"SKIP","floor":10},{"not_picked":["Outmaneuver","Fluid Movement"],"picked":"Backflip","floor":11},{"not_picked":["Quick Slash","Underhanded Strike","Cloak And Dagger"],"picked":"SKIP","floor":12},{"not_picked":["Blade Dance","ReplayTheSpireMod:From All Sides","Masterful Stab"],"picked":"SKIP","floor":14}],"player_experience":60570,"relics_obtained":[{"floor":6,"key":"Golden Egg"},{"floor":9,"key":"InkBottle"},{"floor":11,"key":"Replay:Bottled Steam"},{"floor":14,"key":"Replay:Arrowhead"}],"event_choices":[{"cards_removed":["Strike_G"],"damage_healed":0,"gold_gain":0,"player_choice":"Card Removal","damage_taken":7,"max_hp_gain":0,"max_hp_loss":0,"event_name":"Golden Wing","floor":3,"gold_loss":0},{"damage_healed":0,"gold_gain":0,"player_choice":"Take Damage","damage_taken":15,"relics_obtained":["Golden Idol"],"max_hp_gain":0,"max_hp_loss":0,"event_name":"Golden Idol","floor":8,"gold_loss":0}],"is_beta":false,"boss_relics":[],"items_purged_floors":[],"is_endless":false,"potions_floor_spawned":[1,2,6,12],"killed_by":"Slime Boss","ascension_level":0}}