{"host":"9k1ekd5e3lrdz5qp","time":1609898781,"event":{"mods":["Act Like it!","Bard","BaseMod","Beaked The Cultist","Better Altar","Better Skull","Better Third Choice","Conspire","Downfall","Elementarium","Hubris","Infinite Spire","Minty Spire (QoL Compilation)","Replay The Spire","StSLib"],"gold_per_floor":[0,12,12,46,46,46,73,23,23,71,70,114,139,197,216,324,324,199,223,223,242,242,192,219,212,212,212,253,276,226,249,269,372,372,322,344,396,408,408,408],"floor_reached":38,"playtime":5171,"items_purged":["Slimebound:CorrosiveSpit+1"],"score":443,"play_id":"1d2adff6-df4b-4d40-aaed-dfe93644b882","local_time":"20210105190621","is_ascension_mode":true,"campfire_choices":[{"data":"Slimebound:CorrosiveSpit","floor":6.0,"key":"SMITH"},{"data":"Slimebound:Tackle","floor":8.0,"key":"SMITH"},{"floor":18.0,"key":"DIG"},{"data":"Slimebound:Split","floor":23.0,"key":"SMITH"},{"data":"Slimebound:Recollect","floor":30.0,"key":"SMITH"},{"data":"Slimebound:MassRepurpose","floor":35.0,"key":"SMITH"}],"circlet_count":0,"master_deck":["conspire:GhostlyStrike","conspire:GhostlyStrike+1","conspire:GhostlyStrike+1","Slimebound:Tackle+1","conspire:GhostlyDefend","conspire:GhostlyDefend","conspire:GhostlyDefend","conspire:GhostlyDefend","Slimebound:Split+1","Slimebound:SamplingLick+1","Slimebound:LeechingTouch","Slimebound:Recollect+1","Slimebound:MassRepurpose+1","Slimebound:PressTheAttack","Slimebound:Overexert","Slimebound:Darklings+1","Slimebound:SplitLeeching+1","Slimebound:Overexert","Slimebound:Overexert","Slimebound:Replication+1"],"relics":["Slimebound:AbsorbEndCombat","WingedGreaves","Slimebound:GreedOozeRelic","Replay:Bandana","Orichalcum","Whetstone","Akabeko","Toxic Egg 2","beaked:SacredDeck","downfall:HeartBlessingGreen","Omamori","Slimebound:AggressiveSlimeRelic","infinitespire:PuzzleCube","Slimebound:AggressiveSlimeRelic","Replay:Mystery Machine","Runic Pyramid","conspire:GiftBox"],"acts_visited":["Exordium","TheCity","TheBeyond"],"potions_floor_usage":[],"damage_taken":[{"damage":7.0,"enemies":"Jaw Worm","floor":2.0,"turns":4.0},{"damage":15.0,"enemies":"conspire:MimicChest","floor":4.0,"turns":4.0},{"damage":17.0,"enemies":"Gremlin Nob","floor":10.0,"turns":3.0},{"damage":12.0,"enemies":"downfall:FleeingMerchant","floor":11.0,"turns":4.0},{"damage":24.0,"enemies":"3 Sentries","floor":12.0,"turns":5.0},{"damage":3.0,"enemies":"Small Slimes","floor":13.0,"turns":2.0},{"damage":0.0,"enemies":"2 Louse","floor":15.0,"turns":2.0},{"damage":41.0,"enemies":"downfall:Silent","floor":16.0,"turns":6.0},{"damage":4.0,"enemies":"Chosen","floor":19.0,"turns":4.0},{"damage":27.0,"enemies":"Shell Parasite","floor":21.0,"turns":5.0},{"damage":27.0,"enemies":"downfall:FleeingMerchant","floor":25.0,"turns":4.0},{"damage":31.0,"enemies":"conspire:Head Lice","floor":28.0,"turns":5.0},{"damage":45.0,"enemies":"Centurion and Healer","floor":29.0,"turns":5.0},{"damage":17.0,"enemies":"Cultist and Chosen","floor":31.0,"turns":4.0},{"damage":35.0,"enemies":"Chosen and Byrds","floor":32.0,"turns":5.0},{"damage":39.0,"enemies":"downfall:Defect","floor":33.0,"turns":6.0},{"damage":24.0,"enemies":"3 Shapes","floor":36.0,"turns":6.0},{"damage":20.0,"enemies":"Mind Bloom Boss Battle","floor":37.0,"turns":4.0},{"damage":24,"enemies":"infinitespire:Three Voidlings","floor":38,"turns":3},{"damage":92,"enemies":"Nightmare_Alpha","floor":38,"turns":5}],"seed_played":"9212702545375884130","potions_obtained":[{"floor":2.0,"key":"FearPotion"},{"floor":10.0,"key":"Death Potion"},{"floor":12.0,"key":"Regen Potion"},{"floor":14.0,"key":"SneckoOil"},{"floor":19.0,"key":"Milkshake"},{"floor":27.0,"key":"CultistPotion"}],"is_trial":false,"path_per_floor":["R","M","?","?","?","R","T","R","?","E","$","E","M","?","M","B",null,"R","M","?","M","AVR","R","T","$","?","?","E","M","R","M","M","B",null,"R","M","?","?"],"character_chosen":"SLIMEBOUND","items_purchased":[],"campfire_rested":0,"item_purchase_floors":[],"current_hp_per_floor":[60,60,60,57,57,57,57,57,57,55,60,60,57,42,46,60,60,60,60,60,45,45,45,45,48,48,48,59,60,60,55,50,53,60,60,60,60,0,0,0],"gold":408,"neow_bonus":"ONE_RARE_RELIC","is_daily":false,"chose_seed":false,"campfire_upgraded":5,"win_rate":0.0,"timestamp":1609898781,"path_taken":["R","M","?","?","?","R","T","R","?","E","$","E","M","?","M","BOSS","R","M","?","?","AVR","R","T","$","?","?","E","M","R","M","M","BOSS","R","M","?","?"],"items_purchased_type":[],"build_version":"2020-12-22","purchased_purges":1,"victory":false,"max_hp_per_floor":[60,60,60,60,60,60,60,60,60,60,60,60,60,60,60,60,60,60,60,60,60,60,60,60,60,60,60,60,60,60,60,60,60,60,60,60,60,60,60,60],"card_choices":[{"not_picked":["Slimebound:FinishingTackle","Slimebound:ProtectTheBoss"],"picked":"Slimebound:SamplingLick","floor":2.0},{"not_picked":["Slimebound:RejuvenatingLick","Slimebound:LeechLife"],"picked":"Slimebound:LeechingTouch","floor":10.0},{"not_picked":["Slimebound:FirmFortitude","Slimebound:DisruptingSlam"],"picked":"Slimebound:Recollect","floor":11.0},{"not_picked":["Slimebound:SplitBruiser","Slimebound:WasteNot"],"picked":"Slimebound:MassRepurpose","floor":12.0},{"not_picked":["Slimebound:AcidTongue","Slimebound:LeechEnergy","Slimebound:ForwardTackle"],"picked":"SKIP","floor":13.0},{"not_picked":["Slimebound:SamplingLick+1","Slimebound:Schlurp+1"],"picked":"Slimebound:PressTheAttack","floor":14.0},{"not_picked":["Slimebound:PressTheAttack","Slimebound:Equalize","Slimebound:RollThrough"],"picked":"SKIP","floor":15.0},{"not_picked":["Slimebound:SlimeSlap","Slimebound:OozeBath+1"],"picked":"Slimebound:Overexert","floor":16.0},{"not_picked":["Slimebound:GoopSpray+1","Slimebound:Grow+1"],"picked":"Slimebound:SplitLeeching+1","floor":19.0},{"not_picked":["Slimebound:FinishingTackle","Slimebound:HauntingLick+1","Slimebound:FlameTackle"],"picked":"SKIP","floor":21.0},{"not_picked":["Slimebound:ItLooksTasty","Slimebound:SplitMire+1","Slimebound:Recollect+1"],"picked":"SKIP","floor":25.0},{"not_picked":["Slimebound:SlimeSpikes+1","Slimebound:SplitMire+1","Slimebound:RollThrough"],"picked":"SKIP","floor":28.0},{"not_picked":["Slimebound:SplitMire+1","Slimebound:PressTheAttack","Slimebound:RollThrough"],"picked":"SKIP","floor":29.0},{"not_picked":["Slimebound:ViciousTackle+1","Slimebound:RollThrough+1","Slimebound:GrowthPunch"],"picked":"SKIP","floor":31.0},{"not_picked":["Slimebound:HungryTackle","Slimebound:RollThrough","Slimebound:Schlurp+1"],"picked":"SKIP","floor":32.0},{"not_picked":["Slimebound:WasteNot+1","Slimebound:MassRepurpose+1"],"picked":"Slimebound:Overexert","floor":33.0},{"not_picked":["Slimebound:Chomp+1","Slimebound:SamplingLick+1","Slimebound:ForwardTackle"],"picked":"SKIP","floor":36.0},{"not_picked":["Slimebound:MassRepurpose+1","Slimebound:RallyTheTroops"],"picked":"Slimebound:Overexert","floor":37.0},{"not_picked":["Slimebound:SlimeSpikes+1","Slimebound:SplitBruiser+1"],"picked":"Slimebound:Replication+1","floor":37.0}],"player_experience":1248661,"relics_obtained":[{"floor":4.0,"key":"Replay:Bandana"},{"floor":7.0,"key":"Orichalcum"},{"floor":10.0,"key":"Whetstone"},{"floor":12.0,"key":"Akabeko"},{"floor":14.0,"key":"Toxic Egg 2"},{"floor":18.0,"key":"Omamori"},{"floor":24.0,"key":"infinitespire:PuzzleCube"},{"floor":28.0,"key":"Replay:Mystery Machine"},{"floor":37.0,"key":"conspire:GiftBox"}],"event_choices":[{"damage_healed":0.0,"max_hp_gain":0.0,"max_hp_loss":0.0,"gold_gain":0.0,"event_name":"conspire:LoneGhost","player_choice":"Agree","floor":5.0,"gold_loss":0.0,"damage_taken":0.0},{"damage_healed":0.0,"max_hp_gain":0.0,"max_hp_loss":0.0,"gold_gain":0.0,"event_name":"Addict","player_choice":"Stole Relic","floor":26.0,"gold_loss":0.0,"damage_taken":0.0,"relics_obtained":["Slimebound:AggressiveSlimeRelic"],"cards_obtained":["Shame"]}],"is_beta":false,"boss_relics":[{"not_picked":["Calling Bell","conspire:SeveredTorchhead"],"picked":"beaked:SacredDeck"},{"not_picked":["Replay:Wanted Poster","Sozu"],"picked":"Runic Pyramid"}],"items_purged_floors":[22],"is_endless":false,"potions_floor_spawned":[2,10,12,15,19,28,29,36],"killed_by":"Nightmare_Alpha","ascension_level":1}}