{"host":"b0l902yh1rk3g5bq","time":1609892779,"event":{"mods":["AchievementEnabler","Act Like it!","Aspiration","BaseMod","Better Match","Better Sensory Stone","Better Skull","Better Third Choice","BetterRewards","Challenge The Spire","Colored Map","Colored Powertips","Conspire","Downfall","Energized Spire","GifTheSpireLib","Halation","Hubris","Infinite Spire","Minty Spire (QoL Compilation)","Quick Restart","Rare Cards Sparkle","Replay The Spire","StSLib","Stuff the Spire","Trackpad","Virulent Crown","Wandering Minibosses","egg","everything is the same but u backflip on backflip","vexMod"],"gold_per_floor":[115,127,127,137,137,169,194,223,249,283,28,28,62,93,93,198,198,210,210,244,244,244,270,11,44,44,77,108,108,126,161,161,260,260,270,320,320,320,320,349,374,409,409,108,139,139,173,201,201,201],"floor_reached":51,"playtime":2935,"items_purged":["Cold Snap","Compile Driver","Leap"],"score":1202,"play_id":"f5c0f985-8abc-42e3-a635-f3acdec0755d","local_time":"20210106012619","daily_mods":["Draft","Heirloom","Flight","DeadlyEvents","Elite Swarm"],"is_ascension_mode":false,"campfire_choices":[{"data":"Chill","floor":15,"key":"SMITH"},{"data":"Electrodynamics","floor":29,"key":"SMITH"},{"data":"infinitespire:Collect","floor":32,"key":"SMITH"},{"data":"hubris:DuctTapeCard","floor":46,"key":"SMITH"},{"data":"Leap","floor":49,"key":"PURGE"}],"circlet_count":0,"master_deck":["StuffTheSpire:Synthwave+1","Sweeping Beam","Ball Lightning","Cold Snap","FTL","Gash","Leap","Capacitor","Genetic Algorithm","Leap","Conserve Battery","Glacier","Core Surge","Electrodynamics+1","infinitespire:Collect+1","Meteor Strike","Machine Learning","Gash","infinitespire:Collect+1","hubris:DuctTapeCard+2","Biased Cognition","Crystallizer"],"relics":["Cracked Core","conspire:IceCreamScoop","CultistMask","StuffTheSpire:GrapeVine","vexMod:PlasmaPancake","aspiration:HatOfInfinitePower","sneckomod:BlankCard","Pen Nib","infinitespire:WardingShard","Guardian:GemstoneGun","Prayer Wheel","aspiration:FaultyCoupler","energizedSpire:OgreHead","ReplayTheSpireMod:Lightbulb","Peace Pipe","aspiration:Stellarator","Vajra","trackpad:BottledShadow","trackpad:ByrdCharm","halation:Trompette","aspiration:SeaSaltIceCream","trackpad:Compendium","Tiny Chest","Prayer Wheel","trackpad:IceCube","energizedSpire:MagnifyingGlass","hubris:TinFlute","hubris:DuctTape","vexMod:InvisibilityCloak","trackpad:HandOfMidas","StuffTheSpire:ForceGauntlet","trackpad:DisasterInABottle","Thread and Needle","DataDisk","halation:KoshaPiece","infinitespire:PuzzleCube","Art of War"],"acts_visited":["Exordium","TheCity","TheBeyond"],"potions_floor_usage":[50,50],"damage_taken":[{"damage":0,"enemies":"Small Slimes","floor":1,"turns":3},{"damage":0,"enemies":"Cultist","floor":2,"turns":3},{"damage":0,"enemies":"2 Louse","floor":4,"turns":2},{"damage":2,"enemies":"3 Sentries","floor":6,"turns":7},{"damage":0,"enemies":"Lagavulin","floor":7,"turns":7},{"damage":8,"enemies":"Gremlin Nob","floor":8,"turns":4},{"damage":8,"enemies":"Lagavulin","floor":10,"turns":5},{"damage":14,"enemies":"Gremlin Nob","floor":13,"turns":4},{"damage":0,"enemies":"3 Sentries","floor":14,"turns":4},{"damage":1,"enemies":"Fading Forest","floor":16,"turns":11},{"damage":0,"enemies":"3 Byrds","floor":18,"turns":2},{"damage":1,"enemies":"Slavers","floor":20,"turns":4},{"damage":0,"enemies":"conspire:Head Lice","floor":23,"turns":4},{"damage":0,"enemies":"conspire:SneckoGhost","floor":25,"turns":5},{"damage":0,"enemies":"Slavers","floor":27,"turns":4},{"damage":0,"enemies":"Book of Stabbing","floor":28,"turns":4},{"damage":0,"enemies":"2 Thieves","floor":30,"turns":2},{"damage":0,"enemies":"conspire:SneckoGhost","floor":31,"turns":4},{"damage":0,"enemies":"Automaton","floor":33,"turns":6},{"damage":0,"enemies":"3 Shapes","floor":35,"turns":1},{"damage":1,"enemies":"conspire:MimicChest","floor":36,"turns":5},{"damage":0,"enemies":"Reptomancer","floor":40,"turns":5},{"damage":12,"enemies":"R_Hoarder","floor":41,"turns":6},{"damage":0,"enemies":"Giant Head","floor":42,"turns":5},{"damage":0,"enemies":"R_Hoarder","floor":45,"turns":4},{"damage":0,"enemies":"Nemesis","floor":47,"turns":5},{"damage":24,"enemies":"R_Hoarder","floor":48,"turns":6},{"damage":0,"enemies":"Replay:Hell Engine","floor":50,"turns":6}],"seed_played":"7525286434496738822","potions_obtained":[{"floor":1,"key":"sneckomod:MuddlingPotion"},{"floor":4,"key":"PowerPotion"},{"floor":6,"key":"FairyPotion"},{"floor":45,"key":"PowerPotion"}],"is_trial":true,"path_per_floor":["M","M","?","M","?","E","E","E","T","E","$","T","E","E","R","B",null,"M","?","E","?","AVR","E","$","E","T","E","E","R","M","E","R","B",null,"M","?","?","AVR","T","E","E","E","T","$","E","R","E","E","R","B",null],"character_chosen":"DEFECT","items_purchased":["infinitespire:WardingShard","trackpad:BottledShadow","Crystallizer","DataDisk"],"campfire_rested":0,"item_purchase_floors":[11,24,44,44],"current_hp_per_floor":[75,75,75,75,80,78,84,76,76,68,68,68,54,54,54,53,86,86,86,85,85,85,85,85,85,85,85,85,85,85,85,85,85,86,86,85,85,85,85,85,73,73,73,73,73,73,73,49,49,49],"gold":201,"neow_bonus":"","is_daily":false,"chose_seed":false,"campfire_upgraded":4,"win_rate":0.0,"timestamp":1609892779,"path_taken":["M","M","?","?","?","E","E","E","T","E","$","?","E","E","R","BOSS","M","?","?","?","AVR","E","$","E","T","E","E","R","?","E","R","BOSS","M","?","?","AVR","?","E","?","E","T","$","E","R","E","E","R","BOSS"],"items_purchased_type":["Relic","Relic","Card","Relic"],"build_version":"2020-12-22","purchased_purges":3,"victory":true,"max_hp_per_floor":[75,75,75,75,80,80,86,86,86,86,86,86,86,86,86,86,86,86,86,86,86,86,86,86,86,86,86,86,86,86,86,86,86,86,86,86,86,86,86,86,86,86,86,86,86,86,86,86,86,86],"card_choices":[{"not_picked":["Stack","Beam Cell"],"picked":"StuffTheSpire:Synthwave","floor":0},{"not_picked":["Blizzard","Double Energy"],"picked":"Sweeping Beam","floor":0},{"not_picked":["Compile Driver","Streamline"],"picked":"Ball Lightning","floor":0},{"not_picked":["Ball Lightning","Auto Shields"],"picked":"Leap","floor":0},{"not_picked":["Hello World","conspire:Rain"],"picked":"Cold Snap","floor":0},{"not_picked":["Hologram","BasicCrystalCard"],"picked":"FTL","floor":0},{"not_picked":["Turbo","ReplayTheSpireMod:Reroute Power"],"picked":"Gash","floor":0},{"not_picked":["ReplaySolidLightProjector","Chill"],"picked":"Leap","floor":0},{"not_picked":["Beam Cell","Go for the Eyes"],"picked":"Capacitor","floor":0},{"not_picked":["Rebound","BasicCrystalCard"],"picked":"Genetic Algorithm","floor":0},{"not_picked":["Steam Power","Streamline"],"picked":"Leap","floor":0},{"not_picked":["Redo","StuffTheSpire:LoadUp"],"picked":"Cold Snap","floor":0},{"not_picked":["StuffTheSpire:Synthwave","Turbo"],"picked":"Chill","floor":0},{"not_picked":["StuffTheSpire:SnapShoot","StuffTheSpire:CleanHardDrive"],"picked":"Compile Driver","floor":0},{"not_picked":["ReplaySort","hubris:PowerSurge"],"picked":"Leap","floor":0},{"not_picked":["Streamline","Stack","Sunder"],"picked":"SKIP","floor":1},{"not_picked":["Redo","Skim"],"picked":"Conserve Battery","floor":2},{"not_picked":["Conserve Battery","StuffTheSpire:Coldhearted"],"picked":"Glacier","floor":4},{"not_picked":["ReplayRNGCard","hubris:SpecializedCircuitry","StuffTheSpire:Purify"],"picked":"SKIP","floor":6},{"not_picked":["StuffTheSpire:LaunchingStrike","Mirror Shield","Fission"],"picked":"SKIP","floor":7},{"not_picked":["ReplayRNGCard","Fission","StuffTheSpire:Purify"],"picked":"SKIP","floor":8},{"not_picked":["Fission","Thunder Strike","Mirror Shield"],"picked":"SKIP","floor":10},{"not_picked":["StuffTheSpire:EventHorizon","StuffTheSpire:LaunchingStrike"],"picked":"Core Surge","floor":13},{"not_picked":["hubris:SpecializedCircuitry","Amplify","ReplayTheSpireMod:Fabricate Wheel"],"picked":"SKIP","floor":14},{"not_picked":["Consume","Aggregate","StuffTheSpire:CleanHardDrive+1"],"picked":"SKIP","floor":18},{"not_picked":["Go for the Eyes","Sweeping Beam","ReplayTheSpireMod:GoodbyeWorld"],"picked":"SKIP","floor":18},{"not_picked":["hubris:Prefetch","Core Surge"],"picked":"Electrodynamics","floor":20},{"not_picked":["Multi-Cast","Thunder Strike","StuffTheSpire:Purify"],"picked":"SKIP","floor":23},{"not_picked":["Machine Learning","Reboot","StuffTheSpire:Purify"],"picked":"SKIP","floor":25},{"not_picked":["Thunder Strike","Amplify","StuffTheSpire:ForEach"],"picked":"SKIP","floor":27},{"not_picked":["Core Surge","hubris:DoWhile"],"picked":"Meteor Strike","floor":28},{"not_picked":["Stack","StuffTheSpire:Coldhearted+1","Conserve Battery+1"],"picked":"SKIP","floor":30},{"not_picked":["Streamline","Go for the Eyes+1","Steam"],"picked":"SKIP","floor":30},{"not_picked":["Mirror Shield","Multi-Cast"],"picked":"Machine Learning","floor":31},{"not_picked":["Hologram","Sweeping Beam+1"],"picked":"Gash","floor":35},{"not_picked":["FTL","Hologram"],"picked":"FIFO Queue","floor":35},{"not_picked":["Barrage","Go for the Eyes","Stack+1"],"picked":"SKIP","floor":35},{"not_picked":["StuffTheSpire:EventHorizon","Meteor Strike"],"picked":"Biased Cognition","floor":40},{"not_picked":["hubris:Prefetch","hubris:SpecializedCircuitry","Multi-Cast"],"picked":"SKIP","floor":41},{"not_picked":["StuffTheSpire:LaunchingStrike","Meteor Strike","Electrodynamics"],"picked":"SKIP","floor":42},{"not_picked":["Seek","StuffTheSpire:Purify","hubris:SpecializedCircuitry"],"picked":"SKIP","floor":45},{"not_picked":["StuffTheSpire:ForEach","ReplayTheSpireMod:Omega Cannon","StuffTheSpire:EventHorizon"],"picked":"SKIP","floor":47},{"not_picked":["Rainbow","Seek","All For One"],"picked":"SKIP","floor":48}],"player_experience":616059,"relics_obtained":[{"floor":6,"key":"StuffTheSpire:GrapeVine"},{"floor":7,"key":"vexMod:PlasmaPancake"},{"floor":8,"key":"aspiration:HatOfInfinitePower"},{"floor":9,"key":"sneckomod:BlankCard"},{"floor":10,"key":"Pen Nib"},{"floor":12,"key":"Guardian:GemstoneGun"},{"floor":13,"key":"Prayer Wheel"},{"floor":14,"key":"aspiration:FaultyCoupler"},{"floor":20,"key":"ReplayTheSpireMod:Lightbulb"},{"floor":23,"key":"Vajra"},{"floor":25,"key":"trackpad:ByrdCharm"},{"floor":26,"key":"halation:Trompette"},{"floor":27,"key":"aspiration:SeaSaltIceCream"},{"floor":28,"key":"Tiny Chest"},{"floor":31,"key":"trackpad:IceCube"},{"floor":36,"key":"hubris:TinFlute"},{"floor":39,"key":"vexMod:InvisibilityCloak"},{"floor":40,"key":"trackpad:HandOfMidas"},{"floor":41,"key":"StuffTheSpire:ForceGauntlet"},{"floor":42,"key":"trackpad:DisasterInABottle"},{"floor":43,"key":"Thread and Needle"},{"floor":45,"key":"halation:KoshaPiece"},{"floor":47,"key":"infinitespire:PuzzleCube"},{"floor":48,"key":"Art of War"}],"event_choices":[{"damage_healed":0,"gold_gain":0,"player_choice":"Trade","damage_taken":0,"relics_obtained":["CultistMask"],"max_hp_gain":0,"max_hp_loss":0,"event_name":"FaceTrader","floor":3,"gold_loss":0},{"damage_healed":0,"gold_gain":0,"player_choice":"Donut","damage_taken":0,"max_hp_gain":5,"max_hp_loss":0,"event_name":"Big Fish","floor":5,"gold_loss":0},{"damage_healed":0,"gold_gain":0,"player_choice":"Upgraded","damage_taken":0,"max_hp_gain":0,"max_hp_loss":0,"event_name":"Upgrade Shrine","floor":19,"gold_loss":0,"cards_upgraded":["StuffTheSpire:Synthwave"]},{"damage_healed":0,"gold_gain":0,"player_choice":"Ignored","damage_taken":0,"max_hp_gain":0,"max_hp_loss":0,"event_name":"Cursed Tome","floor":21,"gold_loss":0},{"damage_healed":0,"gold_gain":0,"player_choice":"Copied","damage_taken":0,"max_hp_gain":0,"max_hp_loss":0,"event_name":"Duplicator","floor":37,"gold_loss":0,"cards_obtained":["infinitespire:Collect"]}],"is_beta":false,"boss_relics":[{"not_picked":["halation:HeavySnake","halation:CatFaceCupcake"],"picked":"energizedSpire:OgreHead"},{"not_picked":["vexMod:CursedCompass","vexMod:BigBerry"],"picked":"energizedSpire:MagnifyingGlass"}],"items_purged_floors":[22,38,44],"is_endless":false,"potions_floor_spawned":[1,4,6,20,23,25,33,35,40,45,47],"ascension_level":0}}