{"host":"xu70nncme2eq5w87","time":1609893668,"event":{"mods":["AchievementEnabler","BaseMod","Colored Map","Colored Powertips","Minty Spire (QoL Compilation)","Quick Restart","StSLib"],"gold_per_floor":[114,126,126,90,101,136,146,163,163,163,163,163,183,212,212,312,312,330,316,316,55,72,72,72,72,72,91,108,108,121,121,121,218,218,237,237,287,287,297,328,328,347,347,37,37,37],"floor_reached":45,"playtime":1288,"items_purged":[],"score":455,"play_id":"ab2ada8c-3b49-46d6-866f-4ba1a6421059","local_time":"20210105164108","is_ascension_mode":false,"campfire_choices":[{"floor":10,"key":"REST"},{"data":"Dualcast","floor":15,"key":"SMITH"},{"floor":23,"key":"REST"},{"data":"Chaos","floor":25,"key":"SMITH"},{"floor":29,"key":"REST"},{"floor":32,"key":"REST"},{"data":"Darkness","floor":41,"key":"SMITH"}],"circlet_count":0,"master_deck":["Strike_B+1","Strike_B+1","Strike_B+1","Strike_B+1","Defend_B+1","Defend_B+1","Defend_B+1","Defend_B+1","Dualcast+1","Ball Lightning","Chaos+1","Defragment+1","Defragment+1","Darkness+1","Conserve Battery","Cold Snap","Seek","Ball Lightning+1","Capacitor+1","Auto Shields","BootSequence+1","Static Discharge+1","Buffer+1","CurseOfTheBell","Deep Breath","Writhe","Machine Learning+1"],"relics":["Cracked Core","NeowsBlessing","Frozen Egg 2","Ornamental Fan","StoneCalendar","FossilizedHelix","Strange Spoon","Calling Bell","Bronze Scales","Eternal Feather","Dead Branch","Peace Pipe","Boot","InkBottle","Centennial Puzzle"],"acts_visited":["Exordium","TheCity","TheBeyond"],"potions_floor_usage":[40],"damage_taken":[{"damage":0,"enemies":"Small Slimes","floor":1,"turns":1},{"damage":0,"enemies":"Cultist","floor":2,"turns":1},{"damage":0,"enemies":"2 Louse","floor":5,"turns":1},{"damage":23,"enemies":"Lagavulin","floor":6,"turns":6},{"damage":9,"enemies":"Blue Slaver","floor":7,"turns":3},{"damage":1,"enemies":"Exordium Wildlife","floor":8,"turns":3},{"damage":8,"enemies":"3 Louse","floor":13,"turns":3},{"damage":4,"enemies":"Gremlin Nob","floor":14,"turns":4},{"damage":20,"enemies":"Hexaghost","floor":16,"turns":9},{"damage":5,"enemies":"Chosen","floor":18,"turns":5},{"damage":15,"enemies":"2 Thieves","floor":19,"turns":4},{"damage":33,"enemies":"Shelled Parasite and Fungi","floor":22,"turns":6},{"damage":0,"enemies":"Sentry and Sphere","floor":27,"turns":6},{"damage":13,"enemies":"Snake Plant","floor":28,"turns":4},{"damage":0,"enemies":"Snecko","floor":30,"turns":5},{"damage":16,"enemies":"Collector","floor":33,"turns":12},{"damage":24,"enemies":"3 Darklings","floor":35,"turns":6},{"damage":0,"enemies":"Mind Bloom Boss Battle","floor":37,"turns":7},{"damage":0,"enemies":"3 Shapes","floor":39,"turns":5},{"damage":3,"enemies":"Nemesis","floor":40,"turns":9},{"damage":20,"enemies":"Writhing Mass","floor":42,"turns":5},{"damage":67,"enemies":"4 Shapes","floor":45,"turns":3}],"seed_played":"9054004092153514861","potions_obtained":[{"floor":1,"key":"AttackPotion"},{"floor":7,"key":"Swift Potion"},{"floor":13,"key":"BlessingOfTheForge"},{"floor":22,"key":"Weak Potion"},{"floor":40,"key":"PotionOfCapacity"}],"is_trial":false,"path_per_floor":["M","M","?","$","M","E","M","M","T","R","?","?","M","E","R","B",null,"M","M","?","$","M","R","?","R","T","M","M","R","M","?","R","B",null,"M","?","?","?","M","E","R","M","T","$","M"],"character_chosen":"DEFECT","items_purchased":["Defragment+1","Strange Spoon","Capacitor+1","Auto Shields","Centennial Puzzle","Machine Learning+1"],"campfire_rested":4,"item_purchase_floors":[4,21,21,21,44,44],"current_hp_per_floor":[75,75,75,75,75,52,43,42,42,64,69,69,61,57,57,37,80,75,60,60,60,27,51,51,51,51,51,38,62,62,47,72,56,85,61,61,61,82,82,79,85,65,65,65,0,0],"gold":37,"neow_bonus":"THREE_ENEMY_KILL","is_daily":false,"chose_seed":false,"campfire_upgraded":3,"win_rate":0.0,"timestamp":1609893668,"path_taken":["M","M","?","$","?","E","M","M","T","R","?","?","M","E","R","BOSS","M","M","?","$","M","R","?","R","T","M","?","R","M","?","R","BOSS","M","?","?","?","M","E","R","M","T","$","M"],"items_purchased_type":["Card","Relic","Card","Card","Relic","Card"],"build_version":"2020-12-22","purchased_purges":0,"victory":false,"max_hp_per_floor":[75,75,75,75,75,75,75,75,75,75,80,80,80,80,80,80,80,80,80,80,80,80,80,80,80,80,80,80,80,80,85,85,85,85,85,85,85,85,85,85,85,85,85,85,85,85],"card_choices":[{"not_picked":["Conserve Battery","Steam Power"],"picked":"Ball Lightning","floor":1},{"not_picked":["Coolheaded","Fusion"],"picked":"Chaos","floor":2},{"not_picked":["Conserve Battery","Genetic Algorithm"],"picked":"Defragment+1","floor":5},{"not_picked":["Lockon","Reinforced Body"],"picked":"Darkness","floor":6},{"not_picked":["Auto Shields","Undo"],"picked":"Conserve Battery","floor":7},{"not_picked":["Chill","Coolheaded","Scrape"],"picked":"SKIP","floor":8},{"not_picked":["Gash","Beam Cell"],"picked":"Cold Snap","floor":13},{"not_picked":["Streamline","Steam Power","Redo"],"picked":"SKIP","floor":14},{"not_picked":["Core Surge","Meteor Strike"],"picked":"Seek","floor":16},{"not_picked":["Go for the Eyes","Turbo","Barrage"],"picked":"SKIP","floor":18},{"not_picked":["Sweeping Beam","Hologram+1"],"picked":"Ball Lightning+1","floor":19},{"not_picked":["Coolheaded","Rip and Tear","Multi-Cast"],"picked":"SKIP","floor":22},{"not_picked":["Steam","Leap","Melter"],"picked":"SKIP","floor":27},{"not_picked":["Steam Power+1","Coolheaded+1"],"picked":"BootSequence+1","floor":28},{"not_picked":["Gash+1","Glacier"],"picked":"Static Discharge+1","floor":30},{"not_picked":["Core Surge","Reboot"],"picked":"Buffer+1","floor":33},{"not_picked":["Scrape+1","Coolheaded+1","Beam Cell"],"picked":"SKIP","floor":35},{"not_picked":["Panacea","Blind"],"picked":"Deep Breath","floor":36},{"not_picked":["Aggregate+1","Glacier+1","Sweeping Beam"],"picked":"SKIP","floor":39},{"not_picked":["Undo","Gash","Steam+1"],"picked":"SKIP","floor":40},{"not_picked":["Gash","Coolheaded","Steam"],"picked":"SKIP","floor":42}],"player_experience":217398,"relics_obtained":[{"floor":6,"key":"Ornamental Fan"},{"floor":9,"key":"StoneCalendar"},{"floor":14,"key":"FossilizedHelix"},{"floor":34,"key":"Bronze Scales"},{"floor":34,"key":"Eternal Feather"},{"floor":34,"key":"Dead Branch"},{"floor":37,"key":"Peace Pipe"},{"floor":40,"key":"Boot"},{"floor":43,"key":"InkBottle"}],"event_choices":[{"damage_healed":0,"gold_gain":0,"player_choice":"Gave Potion","damage_taken":0,"relics_obtained":["Frozen Egg 2"],"max_hp_gain":0,"max_hp_loss":0,"event_name":"WeMeetAgain","floor":3,"gold_loss":0},{"damage_healed":0,"gold_gain":0,"player_choice":"Donut","damage_taken":0,"max_hp_gain":5,"max_hp_loss":0,"event_name":"Big Fish","floor":11,"gold_loss":0},{"damage_healed":0,"gold_gain":0,"player_choice":"Ignored","damage_taken":0,"max_hp_gain":0,"max_hp_loss":0,"event_name":"Golden Idol","floor":12,"gold_loss":0},{"damage_healed":0,"gold_gain":0,"player_choice":"Simplicity","damage_taken":0,"max_hp_gain":0,"max_hp_loss":0,"event_name":"Back to Basics","floor":20,"gold_loss":0,"cards_upgraded":["Strike_B","Strike_B","Strike_B","Strike_B","Defend_B","Defend_B","Defend_B","Defend_B"]},{"cards_removed":["Zap"],"damage_healed":0,"gold_gain":0,"player_choice":"Offered Basic","damage_taken":0,"max_hp_gain":0,"max_hp_loss":0,"event_name":"Bonfire Elementals","floor":24,"gold_loss":0},{"damage_healed":0,"gold_gain":0,"player_choice":"Shed Blood","damage_taken":20,"max_hp_gain":5,"max_hp_loss":0,"event_name":"Forgotten Altar","floor":31,"gold_loss":0},{"damage_healed":0,"gold_gain":0,"player_choice":"Memory 1","damage_taken":0,"max_hp_gain":0,"max_hp_loss":0,"event_name":"SensoryStone","floor":36,"gold_loss":0},{"damage_healed":0,"gold_gain":0,"player_choice":"Fight","damage_taken":0,"max_hp_gain":0,"max_hp_loss":0,"event_name":"MindBloom","floor":37,"gold_loss":0},{"damage_healed":21,"gold_gain":0,"player_choice":"Writhe","damage_taken":0,"max_hp_gain":0,"max_hp_loss":0,"event_name":"Winding Halls","floor":38,"gold_loss":0,"cards_obtained":["Writhe"]}],"is_beta":false,"boss_relics":[{"not_picked":["Runic Dome","Pandora\u0027s Box","Velvet Choker"]},{"not_picked":["Runic Pyramid","Empty Cage"],"picked":"Calling Bell"}],"items_purged_floors":[],"is_endless":false,"potions_floor_spawned":[1,7,13,22,28,33,39,40],"killed_by":"4 Shapes","ascension_level":0}}