{"host":"c3lc60y5x60jlt1y","time":1609938931,"event":{"mods":["AchievementEnabler","BaseMod","Bestiary","Colored Map","Minty Spire (QoL Compilation)","Quick Restart","StSLib","ojb\u0027s Info Mod"],"gold_per_floor":[13,13,13,13,28,59,59,75,75,113,113,151,167,167,167,260,260,275,325,84,105,30,66,82,118,118,152,176,176,198,32,32,134,134,162,171,46,71,0,42,51,79,130,63,92,128,128,153,153,153,153],"floor_reached":52,"playtime":9057,"items_purged":["Strike_G"],"score":1926,"play_id":"cca3c127-41d4-4f14-8848-e53dbac19432","local_time":"20210106151531","is_ascension_mode":true,"campfire_choices":[{"data":"Wraith Form v2","floor":7,"key":"SMITH"},{"floor":15,"key":"DIG"},{"floor":29,"key":"DIG"},{"floor":32,"key":"DIG"},{"floor":47,"key":"DIG"},{"floor":49,"key":"DIG"}],"circlet_count":0,"master_deck":["AscendersBane","Defend_G","Defend_G","Defend_G","Defend_G","Survivor","Neutralize","Catalyst+1","Masterful Stab","Poisoned Stab","Well Laid Plans","Dagger Spray","Wraith Form v2+1","Deadly Poison","Deadly Poison","Noxious Fumes","Bouncing Flask","Wraith Form v2","Wraith Form v2+1","Eviscerate","Riddle With Holes","Footwork","Footwork","Bullet Time+1","Backflip+1","Crippling Poison+1","Acrobatics+1","Deadly Poison+1","Magnetism","Corpse Explosion+1","Well Laid Plans","Leg Sweep+1","Reflex+1"],"relics":["Ring of the Snake","Golden Idol","Pear","Question Card","Boot","Shovel","Bottled Tornado","Torii","Snecko Eye","DollysMirror","Meat on the Bone","Paper Crane","Toxic Egg 2","CeramicFish","Mummified Hand","Bag of Preparation","Unceasing Top","Coffee Dripper","Red Mask","StrikeDummy","Happy Flower","Bottled Flame","Molten Egg 2","Centennial Puzzle"],"acts_visited":["Exordium","TheCity","TheBeyond"],"potions_floor_usage":[10,16,23,27,50],"damage_taken":[{"damage":0,"enemies":"Jaw Worm","floor":1,"turns":4},{"damage":8,"enemies":"2 Louse","floor":5,"turns":2},{"damage":29,"enemies":"3 Sentries","floor":6,"turns":12},{"damage":0,"enemies":"Small Slimes","floor":8,"turns":3},{"damage":1,"enemies":"Gremlin Nob","floor":10,"turns":3},{"damage":1,"enemies":"Lagavulin","floor":12,"turns":3},{"damage":5,"enemies":"Red Slaver","floor":13,"turns":4},{"damage":1,"enemies":"Hexaghost","floor":16,"turns":6},{"damage":18,"enemies":"3 Byrds","floor":18,"turns":4},{"damage":1,"enemies":"Spheric Guardian","floor":21,"turns":3},{"damage":9,"enemies":"Slavers","floor":23,"turns":7},{"damage":2,"enemies":"Cultist and Chosen","floor":24,"turns":5},{"damage":9,"enemies":"Gremlin Leader","floor":25,"turns":5},{"damage":6,"enemies":"Book of Stabbing","floor":27,"turns":5},{"damage":4,"enemies":"Chosen and Byrds","floor":28,"turns":7},{"damage":0,"enemies":"Snake Plant","floor":30,"turns":4},{"damage":1,"enemies":"Champ","floor":33,"turns":9},{"damage":1,"enemies":"3 Shapes","floor":35,"turns":4},{"damage":0,"enemies":"Orb Walker","floor":38,"turns":2},{"damage":6,"enemies":"Giant Head","floor":40,"turns":6},{"damage":14,"enemies":"Spire Growth","floor":42,"turns":4},{"damage":0,"enemies":"4 Shapes","floor":45,"turns":3},{"damage":27,"enemies":"Nemesis","floor":46,"turns":5},{"damage":1,"enemies":"Jaw Worm Horde","floor":48,"turns":4},{"damage":56,"enemies":"Awakened One","floor":50,"turns":10},{"damage":2,"enemies":"Donu and Deca","floor":51,"turns":6}],"seed_played":"4139728330372057671","potions_obtained":[{"floor":1,"key":"GamblersBrew"},{"floor":5,"key":"Dexterity Potion"},{"floor":16,"key":"Dexterity Potion"},{"floor":21,"key":"BlessingOfTheForge"},{"floor":23,"key":"Fruit Juice"},{"floor":24,"key":"DistilledChaos"},{"floor":28,"key":"AttackPotion"},{"floor":35,"key":"AttackPotion"}],"is_trial":false,"path_per_floor":["M","?","?","?","M","E","R","M","T","E","?","E","M","?","R","B",null,"M","?","$","M","?","E","M","E","T","E","M","R","M","$","R","B",null,"M","?","$","M","?","E","?","M","T","$","M","E","R","M","R","B","B",null],"character_chosen":"THE_SILENT","items_purchased":["DollysMirror","Bag of Preparation","Acrobatics+1","FairyPotion","Well Laid Plans"],"campfire_rested":0,"item_purchase_floors":[20,31,37,37,44],"current_hp_per_floor":[59,59,59,59,51,32,32,32,32,31,26,25,20,20,20,19,57,39,39,39,38,38,34,44,47,47,41,49,49,49,49,49,48,68,67,67,67,67,67,61,61,47,47,47,47,32,32,43,43,34,44],"gold":153,"neow_bonus":"TRANSFORM_TWO_CARDS","is_daily":false,"chose_seed":false,"campfire_upgraded":1,"win_rate":0.0,"timestamp":1609938931,"path_taken":["M","?","?","?","M","E","R","?","T","E","?","E","M","?","R","BOSS","M","?","$","M","?","E","M","E","T","E","M","R","M","$","R","BOSS","M","?","?","M","?","E","?","M","T","?","?","E","R","M","R","BOSS","BOSS"],"items_purchased_type":["Relic","Relic","Card","Potion","Card"],"build_version":"2020-12-22","purchased_purges":1,"victory":true,"max_hp_per_floor":[66,60,60,60,60,70,70,70,70,70,70,70,70,70,70,70,70,70,70,70,70,70,75,75,75,75,75,75,75,75,75,75,75,75,75,75,75,75,75,75,75,75,75,75,75,75,75,75,75,75,75],"card_choices":[{"not_picked":["Catalyst","Dagger Spray"],"picked":"Poisoned Stab","floor":1},{"not_picked":["Quick Slash","Blade Dance"],"picked":"Dagger Spray","floor":5},{"not_picked":["Backflip","Underhanded Strike"],"picked":"Wraith Form v2","floor":6},{"not_picked":["Dagger Spray","Underhanded Strike"],"picked":"Deadly Poison","floor":8},{"not_picked":["Prepared","Cloak And Dagger","After Image"],"picked":"Deadly Poison","floor":10},{"not_picked":["Blade Dance","Dagger Throw","Noxious Fumes","Skewer"],"picked":"SKIP","floor":12},{"not_picked":["Blade Dance","Dagger Throw","Skewer"],"picked":"Noxious Fumes","floor":12},{"not_picked":["Cloak And Dagger","Flying Knee","Masterful Stab"],"picked":"Bouncing Flask","floor":13},{"not_picked":["Storm of Steel","Grand Finale","A Thousand Cuts"],"picked":"Wraith Form v2","floor":16},{"not_picked":["All Out Attack","Slice","Dodge and Roll","Cloak And Dagger"],"picked":"SKIP","floor":18},{"not_picked":["Bane","Underhanded Strike","Choke"],"picked":"Eviscerate","floor":21},{"not_picked":["PiercingWail","Caltrops","Blade Dance+1"],"picked":"Riddle With Holes","floor":23},{"not_picked":["Finisher","Slice","Terror","Caltrops+1"],"picked":"SKIP","floor":24},{"not_picked":["Heel Hook","Escape Plan+1","Dagger Throw","Flechettes"],"picked":"SKIP","floor":25},{"not_picked":["Sucker Punch","Riddle With Holes","Finisher","Skewer"],"picked":"SKIP","floor":27},{"not_picked":["Blur+1","Dagger Throw","PiercingWail+1"],"picked":"Footwork","floor":28},{"not_picked":["Blade Dance+1","Riddle With Holes","Concentrate+1"],"picked":"Footwork","floor":30},{"not_picked":["Night Terror+1","A Thousand Cuts","Wraith Form v2"],"picked":"Bullet Time+1","floor":33},{"not_picked":["Infinite Blades","Underhanded Strike","Setup+1"],"picked":"Backflip+1","floor":35},{"not_picked":["Distraction+1","Infinite Blades","Quick Slash","Outmaneuver+1"],"picked":"SKIP","floor":38},{"not_picked":["All Out Attack","Prepared+1","Quick Slash+1"],"picked":"Deadly Poison+1","floor":40},{"not_picked":["Secret Weapon+1","Forethought+1","Swift Strike"],"picked":"Magnetism","floor":41},{"not_picked":["Acrobatics+1","Bane","Slice+1"],"picked":"Corpse Explosion+1","floor":42},{"not_picked":["Accuracy","Expertise+1","Deflect+1"],"picked":"Leg Sweep+1","floor":45},{"not_picked":["All Out Attack+1","Blur+1","Finisher","Dash"],"picked":"SKIP","floor":46},{"not_picked":["Quick Slash+1","Calculated Gamble+1","Footwork"],"picked":"Reflex+1","floor":48}],"player_experience":7522848,"relics_obtained":[{"floor":6,"key":"Pear"},{"floor":9,"key":"Question Card"},{"floor":10,"key":"Boot"},{"floor":12,"key":"Bottled Tornado"},{"floor":15,"key":"Torii"},{"floor":23,"key":"Meat on the Bone"},{"floor":25,"key":"Paper Crane"},{"floor":26,"key":"Toxic Egg 2"},{"floor":27,"key":"CeramicFish"},{"floor":29,"key":"Mummified Hand"},{"floor":32,"key":"Unceasing Top"},{"floor":40,"key":"StrikeDummy"},{"floor":43,"key":"Happy Flower"},{"floor":46,"key":"Bottled Flame"},{"floor":47,"key":"Molten Egg 2"},{"floor":49,"key":"Centennial Puzzle"}],"event_choices":[{"damage_healed":0,"gold_gain":0,"player_choice":"Lose Max HP","damage_taken":0,"relics_obtained":["Golden Idol"],"max_hp_gain":0,"max_hp_loss":6,"event_name":"Golden Idol","floor":2,"gold_loss":0},{"damage_healed":0,"gold_gain":0,"cards_transformed":["Strike_G"],"player_choice":"Change","damage_taken":0,"max_hp_gain":0,"max_hp_loss":0,"event_name":"Living Wall","floor":3,"gold_loss":0,"cards_obtained":["Well Laid Plans"]},{"damage_healed":0,"gold_gain":0,"player_choice":"Upgraded","damage_taken":0,"max_hp_gain":0,"max_hp_loss":0,"event_name":"Upgrade Shrine","floor":4,"gold_loss":0,"cards_upgraded":["Catalyst"]},{"damage_healed":0,"gold_gain":0,"player_choice":"Success","damage_taken":5,"relics_obtained":["Shovel"],"max_hp_gain":0,"max_hp_loss":0,"event_name":"Scrap Ooze","floor":11,"gold_loss":0},{"damage_healed":0,"gold_gain":0,"player_choice":"Ignored","damage_taken":0,"max_hp_gain":0,"max_hp_loss":0,"event_name":"Liars Game","floor":14,"gold_loss":0},{"damage_healed":0,"gold_gain":50,"player_choice":"Stole From Cult","damage_taken":0,"max_hp_gain":0,"max_hp_loss":0,"event_name":"Nest","floor":19,"gold_loss":0},{"cards_removed":["Strike_G"],"damage_healed":0,"gold_gain":0,"player_choice":"Gave Gold","damage_taken":0,"max_hp_gain":0,"max_hp_loss":0,"event_name":"Beggar","floor":22,"gold_loss":75},{"damage_healed":0,"gold_gain":0,"cards_transformed":["Strike_G"],"player_choice":"Transformed","damage_taken":0,"max_hp_gain":0,"max_hp_loss":0,"event_name":"Transmorgrifier","floor":36,"gold_loss":0,"cards_obtained":["Crippling Poison"]},{"damage_healed":0,"gold_gain":0,"player_choice":"Paid","damage_taken":0,"relics_obtained":["Red Mask"],"max_hp_gain":0,"max_hp_loss":0,"event_name":"Tomb of Lord Red Mask","floor":39,"gold_loss":71},{"damage_healed":0,"gold_gain":0,"player_choice":"Memory 1","damage_taken":0,"max_hp_gain":0,"max_hp_loss":0,"event_name":"SensoryStone","floor":41,"gold_loss":0}],"is_beta":false,"boss_relics":[{"not_picked":["Runic Dome","WristBlade"],"picked":"Snecko Eye"},{"not_picked":["Runic Pyramid","Sozu"],"picked":"Coffee Dripper"}],"items_purged_floors":[20],"is_endless":false,"potions_floor_spawned":[1,5,16,21,23,24,25,28,35,45,46,48],"ascension_level":20}}