{"host":"f5ezd1v29dtbwkzo","time":1609924276,"event":{"mods":["2.2 Compatiblity","BaseMod","Hermit","Hubris","Infinite Spire","Minty Spire (QoL Compilation)","Rare Cards Sparkle","Replay The Spire","StSLib"],"gold_per_floor":[112,132,152,167,185,185,204,204,256,269,301,301,332,350,350,350,350],"floor_reached":16,"playtime":686,"items_purged":[],"score":116,"play_id":"45ce8908-0916-4d8c-962b-0d0a561b2d8b","local_time":"20210106121116","is_ascension_mode":false,"campfire_choices":[{"data":"True Grit","floor":6,"key":"SMITH"},{"data":"ReplayTheSpireMod:Strike From Hell","floor":8,"key":"SMITH"},{"floor":12,"key":"REST"},{"floor":15,"key":"REST"}],"circlet_count":0,"master_deck":["Strike_R","Strike_R","Strike_R","Strike_R","Strike_R","Defend_R","Defend_R","Defend_R","Defend_R","Bash","ReplayTheSpireMod:Strike From Hell","ReplayTheSpireMod:Strike From Hell+1","True Grit+1","Whirlwind","Havoc","Battle Trance"],"relics":["Burning Blood","Art of War","hubris:Metronome","Replay:Towering Pillar of Hats"],"acts_visited":["Exordium"],"potions_floor_usage":[4],"damage_taken":[{"damage":3,"enemies":"Jaw Worm","floor":1,"turns":4},{"damage":8,"enemies":"Small Slimes","floor":2,"turns":3},{"damage":1,"enemies":"Cultist","floor":3,"turns":3},{"damage":4,"enemies":"Gremlin Gang","floor":4,"turns":7},{"damage":8,"enemies":"Looter","floor":5,"turns":3},{"damage":12,"enemies":"Blue Slaver","floor":7,"turns":3},{"damage":10,"enemies":"Large Slime","floor":10,"turns":7},{"damage":37,"enemies":"Gremlin Nob","floor":11,"turns":5},{"damage":36,"enemies":"3 Sentries","floor":13,"turns":5},{"damage":22,"enemies":"Exordium Thugs","floor":14,"turns":4},{"damage":55,"enemies":"The Guardian","floor":16,"turns":13}],"seed_played":"7926424143347361726","potions_obtained":[{"floor":3,"key":"FearPotion"},{"floor":4,"key":"ElixirPotion"},{"floor":7,"key":"Fruit Juice"},{"floor":11,"key":"Dexterity Potion"}],"is_trial":false,"path_per_floor":["M","M","M","M","M","R","M","R","T","M","E","R","E","M","R","B"],"character_chosen":"IRONCLAD","items_purchased":[],"campfire_rested":2,"item_purchase_floors":[],"current_hp_per_floor":[88,86,88,88,86,86,80,80,80,76,45,71,41,25,51,0,0],"gold":350,"neow_bonus":"TEN_PERCENT_HP_BONUS","is_daily":false,"chose_seed":false,"campfire_upgraded":2,"win_rate":0.0,"timestamp":1609924276,"path_taken":["M","M","M","M","M","R","M","R","T","M","E","R","E","M","R","BOSS"],"items_purchased_type":[],"build_version":"2020-12-22","purchased_purges":0,"victory":false,"max_hp_per_floor":[88,88,88,88,88,88,88,88,88,88,88,88,88,88,88,88,88],"card_choices":[{"not_picked":["Headbutt","Fire Breathing"],"picked":"ReplayTheSpireMod:Strike From Hell","floor":1},{"not_picked":["Armaments","hubris:ReadiedAction"],"picked":"ReplayTheSpireMod:Strike From Hell","floor":2},{"not_picked":["Headbutt","Impervious"],"picked":"True Grit","floor":3},{"not_picked":["Run Through","Rupture"],"picked":"Whirlwind","floor":4},{"not_picked":["Sentinel","Headbutt"],"picked":"Havoc","floor":5},{"not_picked":["Body Slam","Twin Strike","Life Link"],"picked":"SKIP","floor":7},{"not_picked":["Clash","Ghostly Armor","ReplayTheSpireMod:Muscle Training"],"picked":"SKIP","floor":10},{"not_picked":["Life Link","Juggernaut","Clothesline"],"picked":"SKIP","floor":11},{"not_picked":["Run Through","Rampage"],"picked":"Battle Trance","floor":13},{"not_picked":["Spot Weakness","Combust","hubris:ReadiedAction"],"picked":"SKIP","floor":14}],"player_experience":355103,"relics_obtained":[{"floor":9,"key":"Art of War"},{"floor":11,"key":"hubris:Metronome"},{"floor":13,"key":"Replay:Towering Pillar of Hats"}],"event_choices":[],"is_beta":false,"boss_relics":[],"items_purged_floors":[],"is_endless":false,"potions_floor_spawned":[3,4,7,11],"killed_by":"The Guardian","ascension_level":0}}