{"host":"zcz0awyw9el3eccp","time":1609944255,"event":{"mods":["AchievementEnabler","BaseMod","Colored Powertips","Downfall","Minty Spire (QoL Compilation)","Quick Restart","StSLib"],"gold_per_floor":[99,117,129,129,129,146,192,208,208,208,208],"floor_reached":9,"playtime":276,"items_purged":[],"score":53,"play_id":"2632aecb-77d7-4961-b137-c42ef5b7362a","local_time":"20210106154415","is_ascension_mode":false,"campfire_choices":[{"floor":1,"key":"RECALL"}],"circlet_count":0,"master_deck":["Guardian:Strike_Guardian","Guardian:Strike_Guardian","Guardian:Strike_Guardian","Guardian:Strike_Guardian","Guardian:Defend_Guardian","Guardian:Defend_Guardian","Guardian:Defend_Guardian","Guardian:Defend_Guardian","Guardian:CurlUp","Guardian:TwinSlam","Guardian:ArmoredProtocol","Guardian:Gem_Lightblue","Guardian:Gem_Red","Guardian:Gem_Green"],"relics":["Guardian:ModeShifter","Shovel","downfall:ShatteredFragment"],"acts_visited":["Exordium"],"potions_floor_usage":[],"damage_taken":[{"damage":1,"enemies":"Cultist","floor":2,"turns":4},{"damage":0,"enemies":"Jaw Worm","floor":3,"turns":4},{"damage":2,"enemies":"2 Louse","floor":6,"turns":2},{"damage":2,"enemies":"2 Fungi Beasts","floor":8,"turns":3},{"damage":16,"enemies":"Gremlin Nob","floor":9,"turns":3}],"seed_played":"3368215133452461865","potions_obtained":[{"floor":8,"key":"SpeedPotion"}],"is_trial":false,"path_per_floor":["R","M","M","?","?","M","T","M","E"],"character_chosen":"GUARDIAN","items_purchased":[],"campfire_rested":0,"item_purchase_floors":[],"current_hp_per_floor":[88,87,87,75,51,49,49,47,31,31,31],"gold":208,"neow_bonus":"TEN_PERCENT_HP_BONUS","is_daily":false,"chose_seed":false,"campfire_upgraded":0,"win_rate":0.0,"timestamp":1609944255,"path_taken":["R","M","M","?","?","M","T","M","E"],"items_purchased_type":[],"build_version":"2020-12-22","purchased_purges":0,"victory":false,"max_hp_per_floor":[88,88,88,88,88,88,88,88,88,88,88],"card_choices":[{"not_picked":["Guardian:PiercingHide","Guardian:Incinerate"],"picked":"Guardian:ArmoredProtocol","floor":2},{"not_picked":["Guardian:Planning","Guardian:BronzeOrb"],"picked":"Guardian:Gem_Lightblue","floor":3},{"not_picked":["Guardian:Preprogram","Guardian:ChargeCore"],"picked":"Guardian:Gem_Red","floor":6},{"not_picked":["Guardian:ChargeUp","Guardian:TimeCapacitor"],"picked":"Guardian:Gem_Green","floor":8}],"player_experience":90368,"relics_obtained":[],"event_choices":[{"damage_healed":0,"gold_gain":0,"player_choice":"Success","damage_taken":12,"relics_obtained":["Shovel"],"max_hp_gain":0,"max_hp_loss":0,"event_name":"Scrap Ooze","floor":4,"gold_loss":0}],"is_beta":false,"boss_relics":[],"items_purged_floors":[],"is_endless":false,"potions_floor_spawned":[8],"killed_by":"Gremlin Nob","ascension_level":0}}