{"host":"n7mxhpjy89lltbhc","time":1609927542,"event":{"mods":["2.2 Compatiblity","Act Like it!","Bard","BaseMod","Better Match","Better Sensory Stone","Better Synergies","Better Third Choice","Better Vampires","BetterRewards","Challenge The Spire","Colored Map","Colored Powertips","Downfall","Gensokyo","Hubris","Infinite Spire","Jedi Mod","Marisa????????","Marked Mod","Minty Spire (QoL Compilation)","Permanent Neow","Rare Cards Sparkle","Relic Sorter","Relic Stats","Replay The Spire","Shop Mod","Small Relic Pack","Spicy Shops","StSLib","Strawberry Spire","The Blue Laboratory","The Disciple","The Marked","The Servant 0.9.4","Uncapped","Waifu the Spire","Wandering Minibosses","vexMod"],"gold_per_floor":[113,113,130,147,160,160,175,175,200,200,200,228,246,2,2,76,76,93,93,93,126,141,141,141,141],"floor_reached":24,"playtime":690,"items_purged":["Defend_MRS"],"score":363,"play_id":"5185ce3d-6d52-489a-aab4-13f4d146421d","local_time":"25640106170542","is_ascension_mode":true,"campfire_choices":[{"data":"MilkyWay","floor":6.0,"key":"SMITH"},{"data":"MilkyWay","floor":8.0,"key":"SMITH"},{"data":"UpSweep","floor":10.0,"key":"SMITH"},{"data":"OortCloud","floor":15.0,"key":"SMITH"},{"floor":23,"key":"REST"}],"circlet_count":0,"master_deck":["AscendersBane","Strike_MRS","Strike_MRS","Strike_MRS","Defend_MRS","Defend_MRS","Defend_MRS","MasterSpark","UpSweep+1","MilkyWay+1","RefractionSpark","SporeBomb","PropBag","MilkyWay+1","OortCloud+1","Pot Of Greed","Pot Of Greed","relicPack:StarPlatinum","Acceleration","Pain","CasketOfStar","PowerUp"],"relics":["MiniHakkero","NlothsMask","Blood Vial","Grinning Jar","relicPack:StarArrow","infinitespire:CheckeredPen","Replay:Ringing Soul","Letter Opener"],"acts_visited":["Exordium","Gensokyo:Gensokyoer"],"potions_floor_usage":[22],"damage_taken":[{"damage":1.0,"enemies":"Cultist","floor":1.0,"turns":3.0},{"damage":12.0,"enemies":"Jaw Worm","floor":3.0,"turns":5.0},{"damage":7.0,"enemies":"Small Slimes","floor":4.0,"turns":3.0},{"damage":3.0,"enemies":"Blue Slaver","floor":5.0,"turns":3.0},{"damage":6.0,"enemies":"Looter","floor":7.0,"turns":3.0},{"damage":11.0,"enemies":"Gremlin Nob","floor":12.0,"turns":3.0},{"damage":0.0,"enemies":"Large Slime","floor":13.0,"turns":2.0},{"damage":11.0,"enemies":"Slime Boss","floor":16.0,"turns":5.0},{"damage":52,"enemies":"Gensokyo:2_Gloops","floor":18,"turns":5},{"damage":2,"enemies":"Gensokyo:Chomper","floor":22,"turns":2},{"damage":40,"enemies":"Gensokyo:Slime_Group","floor":24,"turns":3}],"seed_played":"618302244307037090","potions_obtained":[{"floor":3.0,"key":"sneckomod:MuddlingPotion"},{"floor":4.0,"key":"Swift Potion"},{"floor":7.0,"key":"Energy Potion"},{"floor":13.0,"key":"jedi:StrikingPotion"},{"floor":16.0,"key":"blueLaboratory:NullPotion"},{"floor":22,"key":"Strength Potion"}],"is_trial":false,"path_per_floor":["M","?","M","M","M","R","M","R","T","R","?","E","M","$","R","B",null,"M","?","T","?","M","R","M"],"character_chosen":"MARISA","items_purchased":["Grinning Jar"],"campfire_rested":1,"item_purchase_floors":[14],"current_hp_per_floor":[62,62,50,43,40,40,34,34,34,34,41,30,32,32,32,23,58,8,8,8,11,16,38,0,0],"gold":141,"neow_bonus":"RANDOM_EVENT","is_daily":false,"chose_seed":false,"campfire_upgraded":4,"win_rate":0.0,"timestamp":1609927542,"path_taken":["M","?","?","M","M","R","M","R","T","R","?","E","M","$","R","BOSS","M","?","?","?","M","R","M"],"items_purchased_type":["Relic"],"build_version":"2020-12-22","purchased_purges":1,"victory":false,"max_hp_per_floor":[70,70,70,70,70,70,70,70,70,70,70,70,70,70,70,70,70,70,70,70,73,76,76,76,76],"relic_stats":{"Blood Vial":10,"counters":[11,37],"Letter Opener":[15],"obtain_stats":[{"Blood Vial":12,"AmplifyWand":13,"Replay:Ringing Soul":21,"Ornamental Fan":12,"Sundial":16,"Mummified Hand":18,"relicPack:StarArrow":17,"MiniHakkero":0,"Letter Opener":7,"infinitespire:CheckeredPen":20,"Grinning Jar":14,"NlothsMask":2},{"Blood Vial":6,"AmplifyWand":7,"Replay:Ringing Soul":9,"Ornamental Fan":6,"Sundial":8,"Mummified Hand":9,"relicPack:StarArrow":8,"MiniHakkero":0,"Letter Opener":5,"infinitespire:CheckeredPen":9,"Grinning Jar":7,"NlothsMask":1},{"Blood Vial":20,"AmplifyWand":21,"Replay:Ringing Soul":32,"Ornamental Fan":20,"Sundial":24,"Mummified Hand":29,"relicPack:StarArrow":27,"MiniHakkero":0,"Letter Opener":15,"infinitespire:CheckeredPen":32,"Grinning Jar":22,"NlothsMask":3}]},"card_choices":[{"not_picked":["OneTimeOff","EarthLightRay"],"picked":"MilkyWay","floor":1.0},{"not_picked":["OneTimeOff","WitchLeyline"],"picked":"RefractionSpark","floor":3.0},{"not_picked":["GrandCross","DC"],"picked":"SporeBomb","floor":4.0},{"not_picked":["SuperPerseids","OneTimeOff"],"picked":"PropBag","floor":5.0},{"not_picked":["Acceleration","DeepEcoloBomb"],"picked":"MilkyWay","floor":7.0},{"not_picked":["GrandCross","Singularity"],"picked":"OortCloud","floor":12.0},{"not_picked":["WitchOfGreed","LuminesStrike","NonDirectionalLaser"],"picked":"SKIP","floor":13.0},{"not_picked":["GasGiant+1","IllusionStar"],"picked":"Acceleration","floor":18},{"not_picked":["MagicAbsorber","WitchLeyline"],"picked":"CasketOfStar","floor":21},{"not_picked":["DarkSpark+1","PropBag"],"picked":"PowerUp","floor":22}],"player_experience":1028169,"relics_obtained":[{"floor":12.0,"key":"Blood Vial"},{"floor":20,"key":"infinitespire:CheckeredPen"},{"floor":21,"key":"Replay:Ringing Soul"}],"event_choices":[{"damage_healed":0.0,"max_hp_gain":0.0,"max_hp_loss":0.0,"gold_gain":0.0,"event_name":"FaceTrader","player_choice":"Trade","floor":2.0,"gold_loss":0.0,"damage_taken":0.0,"relics_obtained":["NlothsMask"]}],"is_beta":false,"boss_relics":[{"not_picked":["Painkiller Herb","vexMod:MegatonBomb"],"picked":"relicPack:StarArrow"}],"items_purged_floors":[14],"is_endless":false,"potions_floor_spawned":[3,4,7,13,16,22],"killed_by":"Gensokyo:Slime_Group","ascension_level":17}}