{"host":"Luther","time":1609934900,"event":{"mods":["Ascension Reborn","BaseMod","Better-Laid Plans","Dota2Spire","Minty Spire (QoL Compilation)","Quick Restart","Replay The Spire","Spicy Shops","StSLib","[IsaacMod]ÒÔÈö¼âËþ","¡¾ÒÅÎï¿¨ÅÆ¡¿REMEMod"],"gold_per_floor":[114,128,147,147,158,192,192,217,285,312,312,324,324,399,399,503,503,517,517,534,534,534,484,515,615,615,628,645,645,655,685,685,685,685],"floor_reached":33,"playtime":1695,"items_purged":[],"score":347,"play_id":"59591a2c-5867-4ef3-8cad-d0f70b8b0423","local_time":"20210106200820","is_ascension_mode":true,"campfire_choices":[{"data":"Berserk","floor":7,"key":"SMITH"},{"data":"Replay:Undeath\u0027s Touch","floor":11,"key":"SMITH"},{"data":"Replay:Undeath\u0027s Touch","floor":13,"key":"SMITH"},{"floor":15,"key":"REST"},{"data":"Spot Weakness","floor":29,"key":"SMITH"},{"data":"Disarm","floor":32,"key":"SMITH"}],"circlet_count":0,"master_deck":["Strike_R+1","Strike_R+1","Strike_R+1","Strike_R+1","Strike_R+1","Defend_R","Defend_R","Defend_R+1","Defend_R","Bash","Berserk+1","Cleave","Replay:Undeath\u0027s Touch+1","Immolate","Replay:Undeath\u0027s Touch+1","Double Tap+1","Perfected Strike","Spot Weakness+1","REME_Fury","Disarm+1","Perfected Strike","Life Link+1","REME_Scribble","Armaments+1","Run Through"],"relics":["Burning Blood","REME_ComplimentaryCards","HushsDoor","UnicornStump","Toy Ornithopter","Vajra","Bottled Flame","Replay:Bottled Eggs","War Paint","Electric Blood","Calipers","Ornamental Fan","TheBean"],"acts_visited":["Exordium","TheCity"],"potions_floor_usage":[16,16,16,28,30,31],"damage_taken":[{"damage":16,"enemies":"Jaw Worm","floor":1,"turns":4},{"damage":2,"enemies":"2 Louse","floor":2,"turns":3},{"damage":8,"enemies":"Small Slimes","floor":3,"turns":3},{"damage":10,"enemies":"Looter","floor":5,"turns":3},{"damage":23,"enemies":"Lagavulin","floor":6,"turns":6},{"damage":3,"enemies":"3 Sentries","floor":8,"turns":2},{"damage":8,"enemies":"Gremlin Nob","floor":10,"turns":3},{"damage":19,"enemies":"Red Slaver","floor":12,"turns":2},{"damage":9,"enemies":"Fading Forest","floor":16,"turns":11},{"damage":7,"enemies":"Shell Parasite","floor":18,"turns":1},{"damage":7,"enemies":"Spheric Guardian","floor":20,"turns":3},{"damage":10,"enemies":"Gremlin Leader","floor":24,"turns":4},{"damage":26,"enemies":"Snake Plant","floor":27,"turns":3},{"damage":9,"enemies":"Chosen and Byrds","floor":28,"turns":2},{"damage":3,"enemies":"Centurion and Healer","floor":30,"turns":1},{"damage":29,"enemies":"Book of Stabbing","floor":31,"turns":4},{"damage":52,"enemies":"Pondfish","floor":33,"turns":8}],"seed_played":"716942793932427662","potions_obtained":[{"floor":1,"key":"GamblersBrew"},{"floor":3,"key":"DistilledChaos"},{"floor":8,"key":"ColorlessPotion"},{"floor":10,"key":"ColorlessPotion"},{"floor":18,"key":"Fire Potion"},{"floor":24,"key":"Elixir"},{"floor":28,"key":"ColorlessPotion"},{"floor":30,"key":"Regen Potion"}],"is_trial":false,"path_per_floor":["M","M","M","?","M","E","R","E","T","E","R","M","R","?","R","B",null,"M","?","M","?","?","?","E","?","T","M","M","R","M","E","R","B"],"character_chosen":"IRONCLAD","items_purchased":[],"campfire_rested":1,"item_purchase_floors":[],"current_hp_per_floor":[78,82,80,80,76,59,59,62,62,60,60,47,47,25,51,63,88,87,87,86,86,86,86,82,82,82,62,64,64,72,68,68,18,18],"gold":685,"neow_bonus":"TEN_PERCENT_HP_BONUS","is_daily":false,"chose_seed":false,"campfire_upgraded":5,"win_rate":0.0,"timestamp":1609934900,"path_taken":["M","M","M","?","M","E","R","E","T","E","R","M","R","?","R","BOSS","M","?","M","?","?","?","E","?","T","M","?","R","M","E","R","BOSS"],"items_purchased_type":[],"build_version":"2020-12-18","purchased_purges":0,"victory":false,"max_hp_per_floor":[88,88,88,88,88,88,88,88,88,88,88,88,88,88,88,88,88,88,88,88,88,88,88,88,88,88,88,88,88,88,90,90,92,92],"card_choices":[{"not_picked":[],"picked":"ChaosCard","floor":0},{"not_picked":["Armaments","Burning Pact"],"picked":"Cleave","floor":1},{"not_picked":["Burning Pact","Clash"],"picked":"Bomb","floor":2},{"not_picked":["Twin Strike","REME_SingleHolding"],"picked":"Replay:Undeath\u0027s Touch","floor":3},{"not_picked":["Heavy Blade","Carnage"],"picked":"Immolate","floor":5},{"not_picked":["Rampage","Second Wind"],"picked":"Replay:Undeath\u0027s Touch","floor":6},{"not_picked":["True Grit","Havoc"],"picked":"Double Tap","floor":8},{"not_picked":["Hemogenesis","Cleave"],"picked":"Bomb","floor":10},{"not_picked":["Cleave","Headbutt"],"picked":"Perfected Strike","floor":12},{"not_picked":["Reckless Charge","Wild Strike"],"picked":"Spot Weakness","floor":14},{"not_picked":["Limit Break","Immolate"],"picked":"REME_Fury","floor":16},{"not_picked":["Thunderclap+1","Twin Strike","Rage"],"picked":"SKIP","floor":18},{"not_picked":["Havoc","Body Slam"],"picked":"Disarm","floor":20},{"not_picked":["ReplayTheSpireMod:Strike From Hell+1","Sever Soul"],"picked":"Perfected Strike","floor":24},{"not_picked":["Anger","Shockwave"],"picked":"Life Link+1","floor":27},{"not_picked":["ReplayTheSpireMod:Muscle Training","Warcry"],"picked":"REME_Scribble","floor":28},{"not_picked":["Flex","ReplayTheSpireMod:LeadingStrike"],"picked":"Armaments+1","floor":30},{"not_picked":["Anger","Iron Wave"],"picked":"Run Through","floor":31}],"player_experience":25654,"relics_obtained":[{"floor":6,"key":"Toy Ornithopter"},{"floor":8,"key":"Vajra"},{"floor":9,"key":"Bottled Flame"},{"floor":10,"key":"Replay:Bottled Eggs"},{"floor":14,"key":"War Paint"},{"floor":24,"key":"Calipers"},{"floor":26,"key":"Ornamental Fan"},{"floor":31,"key":"TheBean"}],"event_choices":[{"damage_healed":0,"gold_gain":0,"player_choice":"Ignored","damage_taken":0,"max_hp_gain":0,"max_hp_loss":0,"event_name":"Purifier","floor":21,"gold_loss":0},{"damage_healed":0,"gold_gain":0,"player_choice":"Bet on Murderer","damage_taken":0,"max_hp_gain":0,"max_hp_loss":0,"event_name":"The Joust","floor":23,"gold_loss":50},{"damage_healed":0,"gold_gain":100,"player_choice":"Pray","damage_taken":0,"max_hp_gain":0,"max_hp_loss":0,"event_name":"Golden Shrine","floor":25,"gold_loss":0}],"is_beta":true,"boss_relics":[{"not_picked":["Replay:Wanted Poster","Mark of Pain"],"picked":"Electric Blood"},{"not_picked":[]}],"items_purged_floors":[],"is_endless":false,"potions_floor_spawned":[1,3,8,10,18,24,28,30],"killed_by":"Pondfish","ascension_level":1}}