{"host":"ty2cix8xj6r3ad26","time":1609965456,"event":{"mods":["AchievementEnabler","BaseMod","BetterRewards","Minty Spire (QoL Compilation)","Replay The Spire","StSLib","SuperFastMode"],"gold_per_floor":[109,109,127,127,145,145,179,195,274,274,307,326,326,345,345,442,442,461,461,461,472,170,205,205,233,258,258,269,33,49,69,69,171,171,189,243,18,78,91,91,121,121,176,189,189,189,223,238,238,238,238,238,24,52,52],"floor_reached":56,"playtime":5936,"items_purged":["Strike_R","Defend_R","Defend_R","Strike_R","Strike_R","Writhe"],"score":1944,"play_id":"c427f49c-86f5-4027-8d14-ba3449cd1270","local_time":"20210106223736","is_ascension_mode":true,"campfire_choices":[{"data":"True Grit","floor":6,"key":"SMITH"},{"data":"Bash","floor":6,"key":"SMITH"},{"data":"Body Slam","floor":10,"key":"SMITH"},{"data":"Pommel Strike","floor":10,"key":"SMITH"},{"data":"Ghostly Armor","floor":13,"key":"SMITH"},{"data":"Searing Blow","floor":13,"key":"SMITH"},{"data":"Searing Blow+1","floor":15,"key":"SMITH"},{"data":"Searing Blow+2","floor":15,"key":"SMITH"},{"data":"Metallicize","floor":24,"key":"SMITH"},{"data":"Rage","floor":24,"key":"SMITH"},{"data":"J.A.X.","floor":32,"key":"SMITH"},{"data":"Searing Blow+4","floor":32,"key":"SMITH"},{"data":"Feed","floor":40,"key":"SMITH"},{"data":"Searing Blow+5","floor":40,"key":"SMITH"},{"data":"Impervious","floor":42,"key":"SMITH"},{"data":"Searing Blow+6","floor":42,"key":"SMITH"},{"data":"Searing Blow+7","floor":46,"key":"SMITH"},{"data":"Searing Blow+8","floor":46,"key":"SMITH"},{"floor":49,"key":"RECALL"},{"data":"Uppercut","floor":52,"key":"SMITH"},{"data":"Searing Blow+9","floor":52,"key":"SMITH"}],"circlet_count":0,"master_deck":["Bash+1","Pommel Strike+1","True Grit+1","Body Slam+1","Searing Blow+10","Ghostly Armor+1","Exhume+1","Sentinel+1","Metallicize+1","Rage+1","Impervious+1","J.A.X.+1","Warcry+1","Feed+1","Flame Barrier+1","Uppercut+1"],"relics":["Burning Blood","ClockworkSouvenir","Pocketwatch","Membership Card","Shuriken","Mirror","Champion Belt","Replay:Arrowhead","StoneCalendar","Smiling Mask","Kunai","Ornamental Fan","Philosopher\u0027s Stone","Nilry\u0027s Codex","Replay:PocketPolymizer","Guide Book","TungstenRod","Divine Protection","HandDrill","PreservedInsect","Replay:Bronze Core","Counterbalance","Anchor","Strange Spoon","ReplayTheSpireMod:Shallot","Lizard Tail","Art of War","ReplayTheSpireMod:Ring of Challenge","King of Hearts","Strawberry","War Paint"],"acts_visited":["Exordium","TheCity","TheBeyond","TheEnding"],"potions_floor_usage":[11,23,23,28,30,33,41,47,50,50,50,54,54,55,55],"damage_taken":[{"damage":9,"enemies":"Small Slimes","floor":1,"turns":4},{"damage":3,"enemies":"Cultist","floor":3,"turns":4},{"damage":2,"enemies":"Jaw Worm","floor":5,"turns":3},{"damage":13,"enemies":"3 Sentries","floor":7,"turns":7},{"damage":3,"enemies":"Looter","floor":8,"turns":3},{"damage":14,"enemies":"Lagavulin","floor":11,"turns":4},{"damage":0,"enemies":"3 Louse","floor":12,"turns":4},{"damage":0,"enemies":"2 Fungi Beasts","floor":14,"turns":3},{"damage":39,"enemies":"Fading Forest","floor":16,"turns":11},{"damage":0,"enemies":"Spheric Guardian","floor":18,"turns":3},{"damage":6,"enemies":"Shell Parasite","floor":21,"turns":3},{"damage":14,"enemies":"Book of Stabbing","floor":23,"turns":3},{"damage":3,"enemies":"Slavers","floor":25,"turns":6},{"damage":0,"enemies":"3 Cultists","floor":28,"turns":4},{"damage":0,"enemies":"Chosen and Byrds","floor":30,"turns":4},{"damage":0,"enemies":"Shelled Parasite and Fungi","floor":31,"turns":3},{"damage":38,"enemies":"Automaton","floor":33,"turns":10},{"damage":0,"enemies":"Orb Walker","floor":35,"turns":3},{"damage":17,"enemies":"2 Orb Walkers","floor":36,"turns":6},{"damage":0,"enemies":"3 Shapes","floor":39,"turns":4},{"damage":0,"enemies":"Giant Head","floor":41,"turns":5},{"damage":0,"enemies":"Sphere and 2 Shapes","floor":44,"turns":2},{"damage":0,"enemies":"R_Hoarder","floor":47,"turns":3},{"damage":0,"enemies":"Transient","floor":48,"turns":5},{"damage":11,"enemies":"Donu and Deca","floor":50,"turns":8},{"damage":0,"enemies":"Shield and Spear","floor":54,"turns":4},{"damage":58,"enemies":"The Heart","floor":55,"turns":7}],"seed_played":"-4199110405227135467","potions_obtained":[{"floor":3,"key":"Energy Potion"},{"floor":7,"key":"Energy Potion"},{"floor":18,"key":"FearPotion"},{"floor":25,"key":"Reflective Coating"},{"floor":30,"key":"Block Potion"},{"floor":38,"key":"Regen Potion"},{"floor":39,"key":"Swift Potion"},{"floor":41,"key":"Fire Potion"},{"floor":47,"key":"Languid Potion"},{"floor":54,"key":"AttackPotion"}],"is_trial":false,"path_per_floor":["M","?","M","?","M","R","E","M","T","R","E","M","R","M","R","B",null,"M","?","?","M","$","E","R","E","T","?","M","$","M","M","R","B",null,"M","?","$","?","M","R","E","R","T","M","?","R","E","M","R","B",null,"R","$","E","B",null],"character_chosen":"IRONCLAD","items_purchased":["ClockworkSouvenir","Pocketwatch","Membership Card","Shuriken","Mirror","Pommel Strike","Replay:Arrowhead","Replay:PocketPolymizer","Guide Book","PowerPotion","HandDrill","PreservedInsect","LiquidBronze","Anchor","Strange Spoon","Dexterity Potion","Strawberry","Fire Potion","GamblersBrew","Energy Potion"],"campfire_rested":0,"item_purchase_floors":[0,0,0,0,0,0,0,22,22,22,29,29,29,37,37,37,53,53,53,53],"current_hp_per_floor":[21,21,24,24,28,28,21,24,24,24,16,22,22,28,28,11,63,69,69,53,53,53,45,45,48,48,48,54,54,60,66,66,34,69,75,64,64,45,51,51,75,75,75,85,85,85,92,92,92,95,99,99,106,111,59],"gold":52,"neow_bonus":"","is_daily":false,"chose_seed":false,"campfire_upgraded":20,"win_rate":0.0,"timestamp":1609965456,"path_taken":["M","?","M","?","M","R","E","M","T","R","E","?","R","M","R","BOSS","M","?","?","M","$","E","R","E","T","?","M","$","M","M","R","BOSS","M","?","$","?","?","R","E","R","T","M","?","R","E","M","R","BOSS","R","$","E","BOSS"],"items_purchased_type":["Relic","Relic","Relic","Relic","Relic","Card","Relic","Relic","Relic","Potion","Relic","Relic","Potion","Relic","Relic","Potion","Relic","Potion","Potion","Potion"],"build_version":"2020-12-22","purchased_purges":6,"victory":true,"max_hp_per_floor":[80,80,80,80,80,80,80,80,80,80,80,80,80,80,80,80,80,80,80,80,80,80,80,80,80,80,80,80,80,80,80,80,80,80,80,80,80,80,80,80,84,84,84,88,88,88,92,92,92,100,100,100,107,111,111],"card_choices":[{"not_picked":["Anger","Cleave"],"picked":"True Grit","floor":1},{"not_picked":["Wild Strike","Clash","Flex"],"picked":"SKIP","floor":3},{"not_picked":["Dropkick","Burning Pact","Havoc"],"picked":"SKIP","floor":5},{"not_picked":["Life Link","Massacre"],"picked":"Body Slam","floor":7},{"not_picked":["Dual Wield","Headbutt"],"picked":"Searing Blow","floor":8},{"not_picked":["Eclipse","Run Through","Cleave"],"picked":"SKIP","floor":11},{"not_picked":["Abandon","Hemokinesis"],"picked":"Ghostly Armor","floor":12},{"not_picked":["Clash","Shrug It Off","ReplayTheSpireMod:Muscle Training"],"picked":"SKIP","floor":14},{"not_picked":["Corruption","Limit Break"],"picked":"Exhume","floor":16},{"not_picked":["Thunderclap","Searing Blow"],"picked":"Sentinel","floor":18},{"not_picked":["Body Slam","Defy Death"],"picked":"Metallicize","floor":21},{"not_picked":["Metallicize","Massacre"],"picked":"Rage","floor":23},{"not_picked":["Combust","Pommel Strike","ReplayTheSpireMod:Corrosion Curse"],"picked":"SKIP","floor":25},{"not_picked":["Anger","Twin Strike+1","Massacre"],"picked":"SKIP","floor":28},{"not_picked":["Rupture","Pommel Strike+1"],"picked":"Warcry+1","floor":30},{"not_picked":["Fire Breathing","Rupture+1","Flex"],"picked":"SKIP","floor":31},{"not_picked":["Corruption","Immolate"],"picked":"Feed","floor":33},{"not_picked":["Wild Strike+1","ReplayTheSpireMod:Corrosion Curse+1"],"picked":"Flame Barrier+1","floor":35},{"not_picked":["Clash","Shrug It Off+1","Sever Soul+1"],"picked":"SKIP","floor":39},{"not_picked":["Sword Boomerang","Heavy Blade","Replay:Undeath\u0027s Touch+1"],"picked":"SKIP","floor":41},{"not_picked":["Power Through","Sword Boomerang+1","Thunderclap"],"picked":"SKIP","floor":44},{"not_picked":["Searing Blow+1","Twin Strike+1","Fiend Fire"],"picked":"SKIP","floor":47},{"not_picked":["Second Wind+1","Clash+1","Run Through+1"],"picked":"SKIP","floor":48},{"not_picked":["Bloodletting","Flex","Reckless Charge+1"],"picked":"SKIP","floor":54}],"player_experience":423990,"relics_obtained":[{"floor":7,"key":"Smiling Mask"},{"floor":9,"key":"Kunai"},{"floor":11,"key":"Ornamental Fan"},{"floor":20,"key":"Nilry\u0027s Codex"},{"floor":23,"key":"TungstenRod"},{"floor":25,"key":"Divine Protection"},{"floor":36,"key":"Counterbalance"},{"floor":38,"key":"ReplayTheSpireMod:Shallot"},{"floor":41,"key":"Lizard Tail"},{"floor":43,"key":"Art of War"},{"floor":45,"key":"ReplayTheSpireMod:Ring of Challenge"},{"floor":47,"key":"King of Hearts"},{"floor":54,"key":"War Paint"}],"event_choices":[{"cards_removed":["Strike_R"],"damage_healed":0,"gold_gain":0,"player_choice":"Forget","damage_taken":0,"max_hp_gain":0,"max_hp_loss":0,"event_name":"Living Wall","floor":2,"gold_loss":0},{"damage_healed":0,"gold_gain":0,"player_choice":"Gave Potion","damage_taken":0,"relics_obtained":["StoneCalendar"],"max_hp_gain":0,"max_hp_loss":0,"event_name":"WeMeetAgain","floor":4,"gold_loss":0},{"cards_removed":["Strike_R"],"damage_healed":0,"gold_gain":0,"player_choice":"Elegance","damage_taken":0,"max_hp_gain":0,"max_hp_loss":0,"event_name":"Back to Basics","floor":19,"gold_loss":0},{"damage_healed":0,"gold_gain":0,"player_choice":"Obtained Book","damage_taken":16,"max_hp_gain":0,"max_hp_loss":0,"event_name":"Cursed Tome","floor":20,"gold_loss":0},{"damage_healed":0,"gold_gain":0,"player_choice":"Obtain J.A.X.","damage_taken":0,"max_hp_gain":0,"max_hp_loss":0,"event_name":"Drug Dealer","floor":27,"gold_loss":0,"cards_obtained":["J.A.X."]},{"damage_healed":0,"gold_gain":0,"player_choice":"Fight","damage_taken":0,"max_hp_gain":0,"max_hp_loss":0,"event_name":"Mysterious Sphere","floor":36,"gold_loss":0}],"is_beta":false,"boss_relics":[{"not_picked":["Replay:Drink Me","ChewingGum"],"picked":"Philosopher\u0027s Stone"},{"not_picked":["ReplayTheSpireMod:DimensionalGlitch","Runic Cube"],"picked":"Replay:Bronze Core"}],"items_purged_floors":[0,0,22,29,37,53],"is_endless":false,"potions_floor_spawned":[3,7,18,25,30,39,41,47,54],"ascension_level":9}}