{"host":"dz7m90j62wguk81x","time":1609953111,"event":{"mods":["BaseMod","Colored Powertips","Downfall","Hermit","Marisa£®ÏF”Í°°ƒß¿Ì…≥£©","Minty Spire (QoL Compilation)","Reimu£®≤©¿ˆ¡È√Œ£©","Remilia£®¿Ÿ√◊¿Ú—«£©","Replay The Spire","SOS£®Àπ∞Õ¥Ô÷Æ◊”£©","StSLib","The Bladedancer","The Cursed","The Runesmith","The Servant 0.9.4","Youmu£®ªÍ∆«—˝√Œ£©","vexMod"],"gold_per_floor":[122,139,187,198,228,238,267,267,335,388,388,388,388,429,429,567,567,512,495,51,51,134,134,117,101,101,53,53,72,72],"floor_reached":29,"playtime":4000,"items_purged":[],"score":325,"play_id":"8b7fa760-51cf-474f-bb3a-9df528d63287","local_time":"20210107011151","is_ascension_mode":false,"campfire_choices":[{"data":"EbonyIvory","floor":8.0,"key":"SMITH"},{"data":"Redorb","floor":11.0,"key":"SMITH"},{"data":"Provocation","floor":13.0,"key":"SMITH"},{"data":"Greenorb","floor":23.0,"key":"SMITH"},{"data":"GilgameshcomboA","floor":28.0,"key":"SMITH"}],"circlet_count":0,"master_deck":["Attack_a","Attack_a+1","Attack_b","Shoot","Shoot","Provocation+1","Defend_Dante","Defend_Dante","Redorb+1","LucifercomboC","Honeycombofire","EbonyIvory+1","Chargeshoot","Kick13+1","Splesh","Millionstab","Fullhouse","Hightime","Blueorb","GilgameshcomboA+1","Gunslinger","Airhike","Greenorb+1","SSScard","BeastUppercut+1","LucifercomboA+1"],"relics":["SSS","Combocheck","HornCleat","Golden Idol","Painkiller Herb","Sling","Nunchaku","Whetstone","Ice Cream"],"acts_visited":["Exordium","TheCity"],"potions_floor_usage":[29,29,29],"damage_taken":[{"damage":0.0,"enemies":"Cultist","floor":1.0,"turns":6.0},{"damage":0.0,"enemies":"Small Slimes","floor":2.0,"turns":3.0},{"damage":2.0,"enemies":"2 Louse","floor":3.0,"turns":2.0},{"damage":10.0,"enemies":"Red Slaver","floor":4.0,"turns":4.0},{"damage":18.0,"enemies":"Gremlin Gang","floor":5.0,"turns":5.0},{"damage":0.0,"enemies":"Blue Slaver","floor":6.0,"turns":3.0},{"damage":3.0,"enemies":"2 Fungi Beasts","floor":7.0,"turns":4.0},{"damage":3.0,"enemies":"Looter","floor":10.0,"turns":3.0},{"damage":4.0,"enemies":"Lots of Slimes","floor":14.0,"turns":3.0},{"damage":0.0,"enemies":"Slime Boss","floor":16.0,"turns":5.0},{"damage":13.0,"enemies":"Spheric Guardian","floor":18.0,"turns":4.0},{"damage":14.0,"enemies":"3 Byrds","floor":19.0,"turns":6.0},{"damage":8.0,"enemies":"Cultist and Chosen","floor":22.0,"turns":5.0},{"damage":16.0,"enemies":"Chosen and Byrds","floor":24.0,"turns":6.0},{"damage":0.0,"enemies":"Sentry and Sphere","floor":25.0,"turns":3.0},{"damage":38.0,"enemies":"Snake Plant","floor":27.0,"turns":5.0},{"damage":12,"enemies":"Slavers","floor":29,"turns":1}],"seed_played":"4208832240052213672","potions_obtained":[{"floor":1.0,"key":"FearPotion"},{"floor":2.0,"key":"EssenceOfSteel"},{"floor":5.0,"key":"Adrenaline Potion"},{"floor":16.0,"key":"PowerPotion"},{"floor":18.0,"key":"Flashbang"},{"floor":24.0,"key":"BlessingOfTheForge"},{"floor":25.0,"key":"AttackPotion"},{"floor":27.0,"key":"Explosive Potion"}],"is_trial":false,"path_per_floor":["M","M","M","M","M","M","M","R","T","M","R","?","R","M","R","B",null,"?","?","T","?","?","T","?","?","T","?","T","E"],"character_chosen":"DANTE","items_purchased":["Sling","Nunchaku","Whetstone"],"campfire_rested":0,"item_purchase_floors":[20,20,20],"current_hp_per_floor":[88,88,86,76,58,58,55,55,55,52,52,30,30,26,19,19,88,75,61,61,61,53,53,40,40,40,6,6,0,0],"gold":72,"neow_bonus":"TEN_PERCENT_HP_BONUS","is_daily":false,"chose_seed":false,"campfire_upgraded":5,"win_rate":0.0,"timestamp":1609953111,"path_taken":["M","M","?","M","M","?","M","R","T","M","R","?","R","M","R","BOSS","?","?","?","?","?","T","?","?","T","?","T","E"],"items_purchased_type":["Relic","Relic","Relic"],"build_version":"2020-12-22","purchased_purges":0,"victory":false,"max_hp_per_floor":[88,88,88,88,88,88,88,88,88,88,88,88,88,88,88,88,88,98,108,108,108,108,108,118,128,128,138,138,138,138],"card_choices":[{"not_picked":["SSScard","Splesh"],"picked":"LucifercomboC","floor":1.0},{"not_picked":["Weaponchange","Dash1"],"picked":"Honeycombofire","floor":2.0},{"not_picked":["Weaponchange","Dash1"],"picked":"EbonyIvory","floor":3.0},{"not_picked":["Millionkick","Dash2"],"picked":"Chargeshoot","floor":4.0},{"not_picked":["Weaponchange","DevilstarS"],"picked":"Kick13","floor":5.0},{"not_picked":["Demonreform","Weaponupgrade"],"picked":"Splesh","floor":6.0},{"not_picked":["Dash2","Airhike"],"picked":"Millionstab","floor":7.0},{"not_picked":["LucifercomboC","Millionstab"],"picked":"Fullhouse","floor":10.0},{"not_picked":["Straight","Airhike"],"picked":"Hightime","floor":14.0},{"not_picked":["Weaponreturn","Enemystep"],"picked":"Blueorb","floor":16.0},{"not_picked":["Hightime","Royaldefend"],"picked":"GilgameshcomboA","floor":18.0},{"not_picked":["Swordmaster","Doubleshoot"],"picked":"Gunslinger","floor":19.0},{"not_picked":["Honeycombofire","Shock"],"picked":"Greenorb","floor":22.0},{"not_picked":["LucifercomboC","Ecstasy"],"picked":"SSScard","floor":24.0},{"not_picked":["LucifercomboD","Weaponchange"],"picked":"BeastUppercut+1","floor":25.0},{"not_picked":["Kick13+1","Royaldefend"],"picked":"LucifercomboA+1","floor":27.0}],"player_experience":347265,"relics_obtained":[{"floor":9.0,"key":"HornCleat"},{"floor":26.0,"key":"Ice Cream"}],"event_choices":[{"damage_healed":0.0,"max_hp_gain":0.0,"max_hp_loss":0.0,"gold_gain":0.0,"event_name":"Golden Idol","player_choice":"Take Damage","floor":12.0,"gold_loss":0.0,"damage_taken":22.0,"relics_obtained":["Golden Idol"]},{"cards_removed":["Defend_Dante"],"damage_healed":0.0,"max_hp_gain":0.0,"max_hp_loss":0.0,"gold_gain":0.0,"event_name":"Golden Wing","player_choice":"Card Removal","floor":15.0,"gold_loss":0.0,"damage_taken":7.0},{"damage_healed":0.0,"max_hp_gain":0.0,"max_hp_loss":0.0,"gold_gain":0.0,"cards_transformed":["Defend_Dante"],"event_name":"Transmorgrifier","player_choice":"Transformed","floor":21.0,"gold_loss":0.0,"damage_taken":0.0,"cards_obtained":["Airhike"]}],"is_beta":false,"boss_relics":[{"not_picked":["Runic Pyramid","Runic Dome"],"picked":"Painkiller Herb"}],"items_purged_floors":[],"is_endless":false,"potions_floor_spawned":[1,2,5,16,18,24,25,27],"killed_by":"Slavers","ascension_level":0}}