{"host":"1a3cjta80tad0aqj","time":1609913231,"event":{"mods":["2.2 Compatiblity","AchievementEnabler","BaseMod","Colored Map","DeckTracker","KOR Keyword Fix","Keyboard Shortcuts","Minty Spire (QoL Compilation)","Permanent Neow","Quick Restart","Random Character Button","StSLib","SuperFastMode","everything is the same but u backflip on backflip"],"gold_per_floor":[116,131,147,147,50,79,89,103,128,144,144,161,161,174,174,274,274,291,311,162,174,24,24,39,39,39],"floor_reached":25,"playtime":1211,"items_purged":["Strike_B","Defend_B"],"score":209,"play_id":"6fffda1a-b413-4350-85f2-91f798eafe2c","local_time":"20210106150711","is_ascension_mode":false,"campfire_choices":[{"data":"Lockon","floor":11,"key":"SMITH"},{"floor":13,"key":"REST"},{"data":"Beam Cell","floor":15,"key":"SMITH"},{"floor":23,"key":"REST"}],"circlet_count":0,"master_deck":["Strike_B","Strike_B","Strike_B","Defend_B","Defend_B","Zap","Dualcast","Cold Snap","Conserve Battery","Lockon+1","Rebound","Leap","Hologram","Beam Cell+1","Steam","Fission","Compile Driver","Redo+1","Genetic Algorithm"],"relics":["Cracked Core","NeowsBlessing","Vajra","Omamori","Philosopher\u0027s Stone"],"acts_visited":["Exordium","TheCity"],"potions_floor_usage":[6,6,16,16,18,21,24,24,25],"damage_taken":[{"damage":0,"enemies":"Small Slimes","floor":1,"turns":1},{"damage":0,"enemies":"Cultist","floor":2,"turns":1},{"damage":0,"enemies":"Jaw Worm","floor":3,"turns":1},{"damage":6,"enemies":"Gremlin Nob","floor":6,"turns":3},{"damage":3,"enemies":"Red Slaver","floor":7,"turns":3},{"damage":9,"enemies":"Exordium Wildlife","floor":8,"turns":5},{"damage":5,"enemies":"Blue Slaver","floor":10,"turns":3},{"damage":14,"enemies":"3 Louse","floor":12,"turns":2},{"damage":0,"enemies":"Lots of Slimes","floor":14,"turns":4},{"damage":42,"enemies":"Hexaghost","floor":16,"turns":12},{"damage":15,"enemies":"Shell Parasite","floor":18,"turns":5},{"damage":5,"enemies":"Spheric Guardian","floor":19,"turns":3},{"damage":30,"enemies":"3 Cultists","floor":21,"turns":6},{"damage":9,"enemies":"Centurion and Healer","floor":24,"turns":7},{"damage":47,"enemies":"Slavers","floor":25,"turns":4}],"seed_played":"-429521523271908938","potions_obtained":[{"floor":2,"key":"Dexterity Potion"},{"floor":6,"key":"SteroidPotion"},{"floor":10,"key":"LiquidMemories"},{"floor":12,"key":"EssenceOfSteel"},{"floor":16,"key":"PowerPotion"},{"floor":19,"key":"Strength Potion"},{"floor":24,"key":"Fruit Juice"}],"is_trial":false,"path_per_floor":["M","M","M","?","$","E","M","M","T","M","R","M","R","M","R","B",null,"M","M","$","M","$","R","M","E"],"character_chosen":"DEFECT","items_purchased":["SteroidPotion","BlessingOfTheForge","Ancient Potion","Explosive Potion"],"campfire_rested":2,"item_purchase_floors":[5,5,20,22],"current_hp_per_floor":[75,75,75,75,75,69,66,57,57,52,52,38,60,60,60,18,75,60,55,55,25,25,47,43,0,0],"gold":39,"neow_bonus":"THREE_ENEMY_KILL","is_daily":false,"chose_seed":false,"campfire_upgraded":2,"win_rate":0.0,"timestamp":1609913231,"path_taken":["M","M","M","?","$","E","?","M","T","M","R","M","R","M","R","BOSS","M","M","$","M","$","R","M","E"],"items_purchased_type":["Potion","Potion","Potion","Potion"],"build_version":"2020-12-22","purchased_purges":2,"victory":false,"max_hp_per_floor":[75,75,75,75,75,75,75,75,75,75,75,75,75,75,75,75,75,75,75,75,75,75,75,80,80,80],"card_choices":[{"not_picked":["Leap","Conserve Battery"],"picked":"Cold Snap","floor":1},{"not_picked":["Storm","Recycle"],"picked":"Conserve Battery","floor":2},{"not_picked":["Beam Cell","Streamline"],"picked":"Lockon","floor":3},{"not_picked":["Creative AI","Leap"],"picked":"Rebound","floor":6},{"not_picked":["Streamline","Aggregate"],"picked":"Leap","floor":7},{"not_picked":["Doom and Gloom","Hello World"],"picked":"Hologram","floor":8},{"not_picked":["Rebound","Coolheaded"],"picked":"Beam Cell","floor":10},{"not_picked":["Darkness","Cold Snap"],"picked":"Steam","floor":12},{"not_picked":["Streamline","Steam","Rebound"],"picked":"SKIP","floor":14},{"not_picked":["Creative AI","Meteor Strike"],"picked":"Fission","floor":16},{"not_picked":["Barrage","Doom and Gloom"],"picked":"Compile Driver","floor":18},{"not_picked":["Go for the Eyes","Steam"],"picked":"Redo+1","floor":19},{"not_picked":["Ball Lightning","Cold Snap"],"picked":"Genetic Algorithm","floor":21},{"not_picked":["Compile Driver","Chaos","Conserve Battery"],"picked":"SKIP","floor":24}],"player_experience":127841,"relics_obtained":[{"floor":6,"key":"Vajra"},{"floor":9,"key":"Omamori"}],"event_choices":[{"cards_removed":["Defend_B"],"damage_healed":0,"gold_gain":0,"player_choice":"Card Removal","damage_taken":0,"max_hp_gain":0,"max_hp_loss":0,"event_name":"Wheel of Change","floor":4,"gold_loss":0}],"is_beta":false,"boss_relics":[{"not_picked":["SlaversCollar","Coffee Dripper"],"picked":"Philosopher\u0027s Stone"}],"items_purged_floors":[20,22],"is_endless":false,"potions_floor_spawned":[2,6,10,12,16,19,24],"killed_by":"Slavers","ascension_level":0}}