{"host":"h4lp0eeso8a0ssq0","time":1609909366,"event":{"mods":["2.2 Compatiblity","AchievementEnabler","BaseMod","CapriCore","Colored Map","Minty Spire (QoL Compilation)","StSLib","SuperFastMode"],"gold_per_floor":[114,132,142,142,217,250,220,220,220,238,32,56,70,85,85,214,214,237,98,98,98,113,113,154,154,154,154,178,103,103,128,128,128,128],"floor_reached":33,"playtime":1168,"items_purged":["Strike_G","Venomology+1"],"score":369,"play_id":"6e51c043-cb52-4485-a286-509a013fa4c3","local_time":"20210106140246","is_ascension_mode":false,"campfire_choices":[{"data":"Venomology","floor":8.0,"key":"SMITH"},{"data":"Caltrops","floor":15.0,"key":"SMITH"},{"data":"Sadistic Nature","floor":23.0,"key":"SMITH"},{"floor":25.0,"key":"REST"},{"floor":30,"key":"REST"},{"data":"Catalyst","floor":32,"key":"SMITH"}],"circlet_count":0,"master_deck":["Strike_G","Strike_G","Strike_G","Defend_G","Defend_G","Defend_G","Defend_G","Defend_G","Survivor","Neutralize","Calculated Gamble","Backflip","Poisoned Stab","Noxious Fumes","Backstab","Catalyst+1","Caltrops+1","Backflip","Corpse Explosion","Dagger Throw","Sadistic Nature+1","Well Laid Plans","PiercingWail+1","Backflip+1"],"relics":["Ring of the Snake","Golden Idol","WingedGreaves","Calipers","Membership Card","Sozu","Tough Bandages","Art of War"],"acts_visited":["Exordium","TheCity"],"potions_floor_usage":[27],"damage_taken":[{"damage":10.0,"enemies":"Small Slimes","floor":1.0,"turns":4.0},{"damage":1.0,"enemies":"2 Louse","floor":2.0,"turns":3.0},{"damage":4.0,"enemies":"Cultist","floor":3.0,"turns":5.0},{"damage":9.0,"enemies":"Lagavulin","floor":6.0,"turns":6.0},{"damage":2.0,"enemies":"Blue Slaver","floor":10.0,"turns":5.0},{"damage":6.0,"enemies":"Large Slime","floor":12.0,"turns":3.0},{"damage":3.0,"enemies":"Exordium Thugs","floor":13.0,"turns":4.0},{"damage":4.0,"enemies":"Blue Slaver","floor":14.0,"turns":4.0},{"damage":3.0,"enemies":"Hexaghost","floor":16.0,"turns":8.0},{"damage":20.0,"enemies":"Spheric Guardian","floor":18.0,"turns":6.0},{"damage":0.0,"enemies":"Chosen","floor":22.0,"turns":4.0},{"damage":30.0,"enemies":"Gremlin Leader","floor":24.0,"turns":6.0},{"damage":0,"enemies":"Snake Plant","floor":27,"turns":1},{"damage":17,"enemies":"Sentry and Sphere","floor":28,"turns":5},{"damage":0,"enemies":"3 Cultists","floor":31,"turns":2},{"damage":42,"enemies":"Collector","floor":33,"turns":5}],"seed_played":"6978618980862514813","potions_obtained":[{"floor":7.0,"key":"SmokeBomb"},{"floor":7.0,"key":"Weak Potion"},{"floor":10.0,"key":"SkillPotion"},{"floor":13.0,"key":"LiquidBronze"}],"is_trial":false,"path_per_floor":["M","M","M","?","?","E","?","R","T","M","$","M","M","M","R","B",null,"M","$","?","?","M","R","E","R","T","M","M","?","R","M","R","B"],"character_chosen":"THE_SILENT","items_purchased":["Membership Card","Catalyst","Sadistic Nature"],"campfire_rested":2,"item_purchase_floors":[11,11,19],"current_hp_per_floor":[60,59,55,55,44,35,35,35,35,33,33,27,24,20,20,17,65,45,45,45,45,45,45,15,34,34,34,17,17,36,36,36,0,0],"gold":128,"neow_bonus":"ONE_RANDOM_RARE_CARD","is_daily":false,"chose_seed":false,"campfire_upgraded":4,"win_rate":0.0,"timestamp":1609909366,"path_taken":["M","M","M","?","?","E","?","R","T","M","$","M","?","M","R","BOSS","M","$","?","?","M","R","E","R","T","M","?","?","R","M","R","BOSS"],"items_purchased_type":["Relic","Card","Card"],"build_version":"2020-12-22","purchased_purges":2,"victory":false,"max_hp_per_floor":[70,70,70,65,65,65,65,65,65,65,65,65,65,65,65,65,65,65,65,65,65,65,65,65,65,65,65,65,65,65,65,65,65,65],"card_choices":[{"not_picked":["Dodge and Roll","Flying Knee"],"picked":"Calculated Gamble","floor":1.0},{"not_picked":["Deadly Poison","Bane"],"picked":"Backflip","floor":2.0},{"not_picked":["Backflip","Dodge and Roll"],"picked":"Poisoned Stab","floor":3.0},{"not_picked":["Well Laid Plans","Deadly Poison"],"picked":"Noxious Fumes","floor":6.0},{"not_picked":["Prepared","Terror"],"picked":"Backstab","floor":10.0},{"not_picked":["Dagger Spray","Outmaneuver"],"picked":"Caltrops","floor":12.0},{"not_picked":["Venomology","Distraction"],"picked":"Backflip","floor":13.0},{"not_picked":["Backflip","Outmaneuver","Sucker Punch"],"picked":"SKIP","floor":14.0},{"not_picked":["Glass Knife","Envenom"],"picked":"Corpse Explosion","floor":16.0},{"not_picked":["Prepared","Slice"],"picked":"Dagger Throw","floor":18.0},{"not_picked":["Sucker Punch+1","Distraction"],"picked":"PiercingWail+1","floor":22.0},{"not_picked":["Slice","Blade Dance","Well Laid Plans"],"picked":"SKIP","floor":24.0},{"not_picked":["Poisoned Stab","Dagger Spray"],"picked":"Backflip+1","floor":28},{"not_picked":["Concentrate","Tools of the Trade","Outmaneuver+1"],"picked":"SKIP","floor":31}],"player_experience":74298,"relics_obtained":[{"floor":6.0,"key":"WingedGreaves"},{"floor":9.0,"key":"Calipers"},{"floor":24.0,"key":"Art of War"}],"event_choices":[{"damage_healed":0.0,"max_hp_gain":0.0,"max_hp_loss":5.0,"gold_gain":0.0,"event_name":"Golden Idol","player_choice":"Lose Max HP","floor":4.0,"gold_loss":0.0,"damage_taken":0.0,"relics_obtained":["Golden Idol"]},{"damage_healed":0.0,"max_hp_gain":0.0,"max_hp_loss":0.0,"gold_gain":75.0,"event_name":"World of Goop","player_choice":"Gather Gold","floor":5.0,"gold_loss":0.0,"damage_taken":11.0},{"damage_healed":0.0,"max_hp_gain":0.0,"max_hp_loss":0.0,"gold_gain":0.0,"event_name":"The Woman in Blue","player_choice":"Bought 2 Potions","floor":7.0,"gold_loss":0.0,"damage_taken":0.0},{"damage_healed":0.0,"max_hp_gain":0.0,"max_hp_loss":0.0,"gold_gain":0.0,"event_name":"The Mausoleum","player_choice":"Opened","floor":20.0,"gold_loss":0.0,"damage_taken":0.0,"relics_obtained":["Tough Bandages"]},{"damage_healed":0.0,"max_hp_gain":0.0,"max_hp_loss":0.0,"gold_gain":0.0,"event_name":"The Library","player_choice":"Read","floor":21.0,"gold_loss":0.0,"damage_taken":0.0,"cards_obtained":["Well Laid Plans"]},{"cards_removed":["Strike_G"],"damage_healed":0,"gold_gain":0,"player_choice":"Gave Gold","damage_taken":0,"max_hp_gain":0,"max_hp_loss":0,"event_name":"Beggar","floor":29,"gold_loss":75}],"is_beta":false,"boss_relics":[{"not_picked":["SlaversCollar","Snecko Eye"],"picked":"Sozu"}],"items_purged_floors":[11,19],"is_endless":false,"potions_floor_spawned":[10,13,28,31],"killed_by":"Collector","ascension_level":0}}