{"host":"q9718omregw4er46","time":1609947969,"event":{"mods":["BaseMod","Bestiary","Colored Powertips","Highlight Path","Minty Spire (QoL Compilation)","Quick Restart","Relic Stats"],"gold_per_floor":[15,28,43,43,118,118,152,152,152,152,152,152],"floor_reached":11,"playtime":215,"items_purged":[],"score":142,"play_id":"988bcb50-6996-4e2c-8670-c29d97df1d7d","local_time":"20210106204609","is_ascension_mode":true,"campfire_choices":[{"data":"Zap","floor":6,"key":"SMITH"},{"floor":8,"key":"REST"}],"circlet_count":0,"master_deck":["AscendersBane","Strike_B","Strike_B","Strike_B","Strike_B","Defend_B","Defend_B","Defend_B","Defend_B","Zap+1","Dualcast","White Noise","Genetic Algorithm"],"relics":["Cracked Core","TungstenRod","Nunchaku","Toxic Egg 2"],"acts_visited":["Exordium"],"potions_floor_usage":[7],"damage_taken":[{"damage":6,"enemies":"2 Louse","floor":1,"turns":2},{"damage":3,"enemies":"Small Slimes","floor":2,"turns":3},{"damage":7,"enemies":"Jaw Worm","floor":3,"turns":4},{"damage":19,"enemies":"Lagavulin","floor":7,"turns":7},{"damage":69,"enemies":"Gremlin Nob","floor":11,"turns":4}],"seed_played":"-1241716181940426408","potions_obtained":[{"floor":2,"key":"Energy Potion"},{"floor":3,"key":"EssenceOfSteel"},{"floor":7,"key":"Energy Potion"}],"is_trial":false,"path_per_floor":["M","M","M","$","?","R","E","R","T","?","E"],"character_chosen":"DEFECT","items_purchased":[],"campfire_rested":1,"item_purchase_floors":[],"current_hp_per_floor":[58,55,48,48,38,38,19,40,40,45,0,0],"gold":152,"neow_bonus":"ONE_RARE_RELIC","is_daily":false,"chose_seed":false,"campfire_upgraded":1,"win_rate":0.0,"timestamp":1609947969,"path_taken":["M","M","M","$","?","R","E","R","T","?","E"],"items_purchased_type":[],"build_version":"2020-12-22","purchased_purges":0,"victory":false,"max_hp_per_floor":[71,71,71,71,71,71,71,71,71,76,76,76],"relic_stats":{"Nunchaku":[0],"counters":[5,20],"obtain_stats":[{"Nunchaku":7,"Toxic Egg 2":9,"Cracked Core":0,"TungstenRod":0},{"Nunchaku":4,"Toxic Egg 2":4,"Cracked Core":0,"TungstenRod":0},{"Nunchaku":16,"Toxic Egg 2":16,"Cracked Core":0,"TungstenRod":0}],"TungstenRod":11},"card_choices":[{"not_picked":["Gash","Beam Cell","Leap"],"picked":"SKIP","floor":1},{"not_picked":["Steam","Conserve Battery"],"picked":"White Noise","floor":2},{"not_picked":["Hologram","Recycle","Streamline"],"picked":"SKIP","floor":3},{"not_picked":["Hologram","Recycle","Streamline"],"picked":"SKIP","floor":3},{"not_picked":["Hello World","Hologram"],"picked":"Genetic Algorithm","floor":7}],"player_experience":1189008,"relics_obtained":[{"floor":7,"key":"Nunchaku"},{"floor":9,"key":"Toxic Egg 2"}],"event_choices":[{"damage_healed":0,"gold_gain":75,"player_choice":"Gather Gold","damage_taken":11,"max_hp_gain":0,"max_hp_loss":0,"event_name":"World of Goop","floor":5,"gold_loss":0},{"damage_healed":0,"gold_gain":0,"player_choice":"Donut","damage_taken":0,"max_hp_gain":5,"max_hp_loss":0,"event_name":"Big Fish","floor":10,"gold_loss":0}],"is_beta":false,"boss_relics":[],"items_purged_floors":[],"is_endless":false,"potions_floor_spawned":[2,3,7],"killed_by":"Gremlin Nob","ascension_level":20}}