{"host":"g01l53quoe6lrer0","time":1609951084,"event":{"mods":["2.2 Compatiblity","AchievementEnabler","BaseMod","Colored Map","Highlight Path","Keyboard Shortcuts","Minty Spire (QoL Compilation)","Permanent Neow","StSLib","SuperFastMode","everything is the same but u backflip on backflip"],"gold_per_floor":[111,111,111,123,123,123,136,136,136,136,136,171,171,204,204,305,305,323,208,227,83,103,128,139,139,139,139,139,168,188,13,13,118,118,134,134,146,146,157,157,212,243,243,243,258,272,123,123,123,123],"floor_reached":51,"playtime":1005,"items_purged":["Strike_B","Strike_B"],"score":989,"play_id":"da0fa2c2-b2d8-48e9-97ca-be76b6ea29a7","local_time":"20210107013804","is_ascension_mode":true,"campfire_choices":[{"data":"Electrodynamics","floor":6.0,"key":"SMITH"},{"data":"Zap","floor":8.0,"key":"SMITH"},{"data":"Dualcast","floor":11.0,"key":"SMITH"},{"data":"Biased Cognition","floor":13.0,"key":"SMITH"},{"data":"Undo","floor":15.0,"key":"SMITH"},{"data":"Hologram","floor":25.0,"key":"SMITH"},{"data":"Seek","floor":27.0,"key":"SMITH"},{"floor":32.0,"key":"REST"},{"data":"Hologram","floor":40.0,"key":"SMITH"},{"data":"Cold Snap","floor":44.0,"key":"SMITH"},{"data":"Consume","floor":49.0,"key":"SMITH"}],"circlet_count":0,"master_deck":["Defend_B","Defend_B","Defend_B+1","Defend_B","Zap+1","Dualcast+1","Biased Cognition+1","Cold Snap+1","Undo+1","Chill+1","Electrodynamics+1","Chill","Echo Form+1","Seek+1","Capacitor+1","Storm+1","Storm+1","Buffer+1","Hologram+1","Storm+1","Hologram+1","Self Repair+1","Coolheaded+1","Doubt","Injury","Tempest+1","Defragment+1","Consume+1"],"relics":["Cracked Core","HornCleat","Frozen Egg 2","Oddly Smooth Stone","War Paint","Cursed Key","Du-Vu Doll","Bottled Lightning","Art of War","Bottled Tornado","SlaversCollar","Spirit Poop","MealTicket","Bird Faced Urn","Boot","DataDisk","Orrery"],"acts_visited":["Exordium","TheCity","TheBeyond"],"potions_floor_usage":[50,50,50,50,50],"damage_taken":[{"damage":1.0,"enemies":"Cultist","floor":1.0,"turns":3.0},{"damage":0.0,"enemies":"Small Slimes","floor":4.0,"turns":2.0},{"damage":0.0,"enemies":"2 Louse","floor":7.0,"turns":2.0},{"damage":4.0,"enemies":"3 Sentries","floor":12.0,"turns":2.0},{"damage":6.0,"enemies":"Gremlin Nob","floor":14.0,"turns":4.0},{"damage":0.0,"enemies":"Hexaghost","floor":16.0,"turns":9.0},{"damage":0.0,"enemies":"3 Byrds","floor":18.0,"turns":1.0},{"damage":10.0,"enemies":"2 Thieves","floor":20.0,"turns":2.0},{"damage":8.0,"enemies":"Centurion and Healer","floor":22.0,"turns":2.0},{"damage":13.0,"enemies":"Slavers","floor":23.0,"turns":2.0},{"damage":0.0,"enemies":"Snecko","floor":24.0,"turns":3.0},{"damage":8.0,"enemies":"Book of Stabbing","floor":29.0,"turns":3.0},{"damage":14.0,"enemies":"Shelled Parasite and Fungi","floor":30.0,"turns":2.0},{"damage":0.0,"enemies":"Collector","floor":33.0,"turns":5.0},{"damage":0.0,"enemies":"Orb Walker","floor":35.0,"turns":3.0},{"damage":0.0,"enemies":"3 Shapes","floor":37.0,"turns":1.0},{"damage":0.0,"enemies":"Maw","floor":39.0,"turns":5.0},{"damage":14.0,"enemies":"2 Orb Walkers","floor":41.0,"turns":4.0},{"damage":5.0,"enemies":"Reptomancer","floor":42.0,"turns":3.0},{"damage":0.0,"enemies":"3 Darklings","floor":45.0,"turns":1.0},{"damage":0.0,"enemies":"4 Shapes","floor":46.0,"turns":1.0},{"damage":0,"enemies":"Donu and Deca","floor":50,"turns":3}],"seed_played":"3323247422498197600","potions_obtained":[{"floor":1.0,"key":"Explosive Potion"},{"floor":7.0,"key":"FearPotion"},{"floor":10.0,"key":"PotionOfCapacity"},{"floor":22.0,"key":"FocusPotion"},{"floor":33.0,"key":"GamblersBrew"},{"floor":37.0,"key":"PowerPotion"},{"floor":45.0,"key":"EntropicBrew"}],"is_trial":false,"path_per_floor":["M","?","?","M","?","R","M","R","T","?","R","E","R","E","R","B",null,"M","$","M","$","M","E","M","R","T","R","?","E","M","$","R","B",null,"M","?","M","T","M","R","?","E","T","R","M","M","$","?","R","B",null],"character_chosen":"DEFECT","items_purchased":["Storm+1","Buffer+1","Self Repair+1","Orrery"],"campfire_rested":1,"item_purchase_floors":[19,21,31,47],"current_hp_per_floor":[74,67,60,60,60,60,60,60,60,60,60,56,56,50,50,50,75,75,75,65,65,57,44,44,44,44,44,44,36,22,22,44,54,75,75,75,75,75,75,75,71,75,75,75,75,75,75,75,75,75],"gold":123,"neow_bonus":"ONE_RANDOM_RARE_CARD","is_daily":false,"chose_seed":false,"campfire_upgraded":10,"win_rate":0.0,"timestamp":1609951084,"path_taken":["M","?","?","M","?","R","?","R","T","?","R","E","R","E","R","BOSS","M","?","?","$","M","E","?","R","T","R","?","E","?","$","R","BOSS","M","?","?","?","M","R","?","E","T","R","M","M","$","?","R","BOSS"],"items_purchased_type":["Card","Card","Card","Relic"],"build_version":"2020-12-22","purchased_purges":2,"victory":true,"max_hp_per_floor":[75,75,75,75,75,75,75,75,75,75,75,75,75,75,75,75,75,75,75,75,75,75,75,75,75,75,75,75,75,75,75,75,75,75,75,75,75,75,75,75,75,75,75,75,75,75,75,75,75,75],"card_choices":[{"not_picked":["Reprogram","Sweeping Beam"],"picked":"Cold Snap","floor":1.0},{"not_picked":["Doom and Gloom","Scrape"],"picked":"Undo","floor":4.0},{"not_picked":["Redo","Steam","Beam Cell"],"picked":"SKIP","floor":7.0},{"not_picked":["Coolheaded","Redo"],"picked":"Chill","floor":12.0},{"not_picked":["Heatsinks+1","Scrape"],"picked":"Echo Form+1","floor":14.0},{"not_picked":["Amplify","Machine Learning+1"],"picked":"Seek","floor":16.0},{"not_picked":["Leap","Beam Cell+1"],"picked":"Capacitor+1","floor":18.0},{"not_picked":["Lockon","Chill+1"],"picked":"Storm+1","floor":20.0},{"not_picked":["White Noise","Stack","Compile Driver+1"],"picked":"SKIP","floor":22.0},{"not_picked":["Melter","Consume"],"picked":"Hologram","floor":23.0},{"not_picked":["Beam Cell+1","Rebound"],"picked":"Storm+1","floor":24.0},{"not_picked":["Electrodynamics+1","Go for the Eyes+1","Ball Lightning"],"picked":"SKIP","floor":29.0},{"not_picked":["Electrodynamics+1","Go for the Eyes+1","Ball Lightning"],"picked":"SKIP","floor":29.0},{"not_picked":["Rip and Tear","Chill"],"picked":"Hologram","floor":30.0},{"not_picked":["Hello World+1","Recycle","Coolheaded+1"],"picked":"SKIP","floor":35.0},{"not_picked":["Hello World+1","Recycle"],"picked":"Coolheaded+1","floor":35.0},{"not_picked":["Sweeping Beam+1","Skim","Streamline"],"picked":"SKIP","floor":37.0},{"not_picked":["Turbo","Redo","Heatsinks+1"],"picked":"SKIP","floor":39.0},{"not_picked":["Steam","Hologram+1","Streamline"],"picked":"SKIP","floor":42.0},{"not_picked":["Machine Learning+1","Steam+1","Hologram"],"picked":"SKIP","floor":45.0},{"not_picked":["FTL+1","Sweeping Beam+1"],"picked":"Tempest+1","floor":46.0},{"not_picked":["Stack","Hologram+1"],"picked":"Defragment+1","floor":47.0},{"not_picked":["Double Energy+1","Rebound"],"picked":"Consume","floor":47.0}],"player_experience":32288,"relics_obtained":[{"floor":9.0,"key":"Frozen Egg 2"},{"floor":12.0,"key":"Oddly Smooth Stone"},{"floor":14.0,"key":"War Paint"},{"floor":23.0,"key":"Du-Vu Doll"},{"floor":26.0,"key":"Bottled Lightning"},{"floor":29.0,"key":"Bottled Tornado"},{"floor":38.0,"key":"MealTicket"},{"floor":41.0,"key":"Bird Faced Urn"},{"floor":42.0,"key":"Boot"},{"floor":43.0,"key":"DataDisk"}],"event_choices":[{"damage_healed":0.0,"max_hp_gain":0.0,"max_hp_loss":0.0,"gold_gain":0.0,"event_name":"Scrap Ooze","player_choice":"Success","floor":2.0,"gold_loss":0.0,"damage_taken":7.0,"relics_obtained":["HornCleat"]},{"cards_removed":["Strike_B"],"damage_healed":0.0,"max_hp_gain":0.0,"max_hp_loss":0.0,"gold_gain":0.0,"event_name":"Golden Wing","player_choice":"Card Removal","floor":3.0,"gold_loss":0.0,"damage_taken":7.0},{"damage_healed":0.0,"max_hp_gain":0.0,"max_hp_loss":0.0,"gold_gain":0.0,"event_name":"Match and Keep!","player_choice":"2 cards matched","floor":5.0,"gold_loss":0.0,"damage_taken":0.0,"cards_obtained":["Chill","Electrodynamics"]},{"damage_healed":0.0,"max_hp_gain":0.0,"max_hp_loss":0.0,"gold_gain":0.0,"event_name":"Lab","player_choice":"Got Potions","floor":10.0,"gold_loss":0.0,"damage_taken":0.0},{"damage_healed":0.0,"max_hp_gain":0.0,"max_hp_loss":0.0,"gold_gain":0.0,"event_name":"WeMeetAgain","player_choice":"Gave Potion","floor":28.0,"gold_loss":0.0,"damage_taken":0.0,"relics_obtained":["Art of War"]},{"cards_removed":["Writhe"],"damage_healed":0.0,"max_hp_gain":0.0,"max_hp_loss":0.0,"gold_gain":0.0,"event_name":"Bonfire Elementals","player_choice":"Offered Curse","floor":36.0,"gold_loss":0.0,"damage_taken":0.0,"relics_obtained":["Spirit Poop"]},{"damage_healed":0.0,"max_hp_gain":0.0,"max_hp_loss":0.0,"gold_gain":0.0,"event_name":"Mysterious Sphere","player_choice":"Fight","floor":41.0,"gold_loss":0.0,"damage_taken":0.0},{"cards_removed":["Strike_B"],"damage_healed":0.0,"max_hp_gain":0.0,"max_hp_loss":0.0,"gold_gain":0.0,"event_name":"Falling","player_choice":"Removed Attack","floor":48.0,"gold_loss":0.0,"damage_taken":0.0}],"is_beta":false,"boss_relics":[{"not_picked":["Tiny House","Runic Dome"],"picked":"Cursed Key"},{"not_picked":["Calling Bell","Velvet Choker"],"picked":"SlaversCollar"}],"items_purged_floors":[19,31],"is_endless":false,"potions_floor_spawned":[1,7,14,18,22,24,33,37,39,45],"ascension_level":1}}