{"host":"vumwfieg2b2mnrfl","time":1609895365,"event":{"mods":["AchievementEnabler","BaseMod","Minty Spire (QoL Compilation)","Rare Cards Sparkle","Relic Stats"],"gold_per_floor":[118,193,193,11,22,22,47,47,99,99,118,132,144,164,164,164,164],"floor_reached":16,"playtime":513,"items_purged":[],"score":179,"play_id":"1016d31e-503c-4914-9b4e-1a26ddebc01b","local_time":"20210105190925","is_ascension_mode":true,"campfire_choices":[{"data":"Burst","floor":6,"key":"SMITH"},{"floor":8,"key":"REST"},{"floor":10,"key":"REST"},{"floor":15,"key":"REST"}],"circlet_count":0,"master_deck":["AscendersBane","Strike_G","Strike_G","Strike_G","Strike_G","Strike_G","Defend_G","Defend_G","Defend_G","Defend_G","Defend_G","Survivor","Neutralize","Skewer","Burst+1","Dagger Spray","Catalyst","Bouncing Flask"],"relics":["Ring of the Snake","The Courier","Membership Card","MealTicket","CeramicFish"],"acts_visited":["Exordium"],"potions_floor_usage":[12],"damage_taken":[{"damage":0,"enemies":"2 Louse","floor":1,"turns":3},{"damage":0,"enemies":"Cultist","floor":5,"turns":4},{"damage":45,"enemies":"3 Sentries","floor":7,"turns":10},{"damage":2,"enemies":"Jaw Worm","floor":11,"turns":6},{"damage":10,"enemies":"Large Slime","floor":12,"turns":6},{"damage":1,"enemies":"Blue Slaver","floor":13,"turns":3},{"damage":0,"enemies":"Looter","floor":14,"turns":4},{"damage":47,"enemies":"Hexaghost","floor":16,"turns":11}],"seed_played":"-3412937597580007192","potions_obtained":[{"floor":11,"key":"AttackPotion"},{"floor":13,"key":"CultistPotion"}],"is_trial":false,"path_per_floor":["M","?","?","$","M","R","E","R","T","R","M","M","M","M","R","B"],"character_chosen":"THE_SILENT","items_purchased":["Membership Card","Burst"],"campfire_rested":3,"item_purchase_floors":[4,4],"current_hp_per_floor":[59,48,48,48,48,48,3,22,22,41,39,29,28,28,47,0,0],"gold":164,"neow_bonus":"ONE_RANDOM_RARE_CARD","is_daily":false,"chose_seed":false,"campfire_upgraded":1,"win_rate":0.0,"timestamp":1609895365,"path_taken":["M","?","?","$","M","R","E","R","T","R","?","M","M","M","R","BOSS"],"items_purchased_type":["Relic","Card"],"build_version":"2020-12-22","purchased_purges":0,"victory":false,"max_hp_per_floor":[66,66,66,66,66,66,66,66,66,66,66,66,66,66,66,66,66],"relic_stats":{"counters":[8,47],"CeramicFish":9,"MealTicket":0,"obtain_stats":[{"CeramicFish":9,"MealTicket":7,"The Courier":3,"Membership Card":4,"Ring of the Snake":0},{"CeramicFish":3,"MealTicket":3,"The Courier":1,"Membership Card":1,"Ring of the Snake":0},{"CeramicFish":17,"MealTicket":17,"The Courier":3,"Membership Card":3,"Ring of the Snake":0}],"Ring of the Snake":[16]},"card_choices":[{"not_picked":["Dodge and Roll","Prepared"],"picked":"Skewer","floor":1},{"not_picked":["Acrobatics","Setup"],"picked":"Dagger Spray","floor":5},{"not_picked":["PiercingWail","Blade Dance"],"picked":"Catalyst","floor":7},{"not_picked":["Cloak And Dagger","Acrobatics"],"picked":"Bouncing Flask","floor":11},{"not_picked":["Dagger Throw","Doppelganger","Bane"],"picked":"SKIP","floor":12},{"not_picked":["Sucker Punch","Backstab","Expertise"],"picked":"SKIP","floor":13},{"not_picked":["Prepared","Skewer","Underhanded Strike"],"picked":"SKIP","floor":14}],"player_experience":378224,"relics_obtained":[{"floor":7,"key":"MealTicket"},{"floor":9,"key":"CeramicFish"}],"event_choices":[{"damage_healed":0,"gold_gain":75,"player_choice":"Gather Gold","damage_taken":11,"max_hp_gain":0,"max_hp_loss":0,"event_name":"World of Goop","floor":2,"gold_loss":0},{"cards_removed":["Grand Finale"],"damage_healed":0,"gold_gain":0,"player_choice":"Gave Card","damage_taken":0,"relics_obtained":["The Courier"],"max_hp_gain":0,"max_hp_loss":0,"event_name":"WeMeetAgain","floor":3,"gold_loss":0}],"is_beta":false,"boss_relics":[],"items_purged_floors":[],"is_endless":false,"potions_floor_spawned":[11,13],"killed_by":"Hexaghost","ascension_level":15}}