{"host":"nc31xc38ptxi6d4c","time":1609893004,"event":{"mods":["BaseMod","Curses Come First","Evolution","Minty Spire (QoL Compilation)","StSLib"],"gold_per_floor":[116,127,302,302,194,194,228,247,247,247,266,282,357,33,33,129,129,147,22,42,42,42,42],"floor_reached":22,"playtime":1366,"items_purged":["Doubt","Strike_B","Strike_B"],"score":209,"play_id":"8cb44428-a6f4-4471-9395-38114fa70d54","local_time":"20210105183004","is_ascension_mode":false,"campfire_choices":[{"data":"Self Repair","floor":6,"key":"SMITH"},{"data":"Streamline","floor":10,"key":"SMITH"},{"data":"Capacitor","floor":15,"key":"SMITH"}],"circlet_count":0,"master_deck":["Strike_B","Strike_B","Defend_B","Defend_B","Defend_B","Defend_B","Zap","Dualcast","Fusion","Core Surge","Rebound","Self Repair+1","Coolheaded","Streamline+1","Chill","Capacitor+1","Machine Learning","Streamline+1","Hologram"],"relics":["Cracked Core","EVO:Axolotl","NeowsBlessing","Blue Candle","Happy Flower","Lee\u0027s Waffle","SacredBark"],"acts_visited":["Exordium","TheCity"],"potions_floor_usage":[16,16],"damage_taken":[{"damage":0,"enemies":"2 Louse","floor":1,"turns":1},{"damage":0,"enemies":"Jaw Worm","floor":2,"turns":1},{"damage":0,"enemies":"3 Sentries","floor":7,"turns":1},{"damage":10,"enemies":"Cultist","floor":8,"turns":4},{"damage":10,"enemies":"Exordium Wildlife","floor":11,"turns":2},{"damage":4,"enemies":"Gremlin Gang","floor":12,"turns":3},{"damage":36,"enemies":"The Guardian","floor":16,"turns":12},{"damage":25,"enemies":"Shell Parasite","floor":18,"turns":8},{"damage":48,"enemies":"3 Byrds","floor":20,"turns":6},{"damage":41,"enemies":"3 Cultists","floor":22,"turns":5}],"seed_played":"-6006521793311061584","potions_obtained":[{"floor":8,"key":"Strength Potion"},{"floor":12,"key":"EssenceOfSteel"},{"floor":18,"key":"DuplicationPotion"}],"is_trial":false,"path_per_floor":["M","M","?","?","$","R","E","M","T","R","M","M","?","$","R","B",null,"M","$","M","$","M"],"character_chosen":"DEFECT","items_purchased":["Self Repair","Capacitor","Lee\u0027s Waffle"],"campfire_rested":0,"item_purchase_floors":[5,14,14],"current_hp_per_floor":[75,75,75,75,75,75,75,75,75,75,65,71,64,82,82,56,82,67,67,29,29,0,0],"gold":42,"neow_bonus":"THREE_ENEMY_KILL","is_daily":false,"chose_seed":false,"campfire_upgraded":3,"win_rate":0.0,"timestamp":1609893004,"path_taken":["M","M","?","?","$","R","E","M","T","R","?","M","?","$","R","BOSS","M","$","M","$","?"],"items_purchased_type":["Card","Card","Relic"],"build_version":"2020-12-22","purchased_purges":3,"victory":false,"max_hp_per_floor":[75,75,75,75,75,75,75,75,75,75,75,75,75,82,82,82,82,82,82,82,82,82,82],"card_choices":[{"not_picked":["Beam Cell","Chaos"],"picked":"Fusion","floor":1},{"not_picked":["Fusion","Genetic Algorithm","Redo"],"picked":"SKIP","floor":2},{"not_picked":["Hologram","Skim"],"picked":"Coolheaded","floor":7},{"not_picked":["Turbo","Static Discharge"],"picked":"Streamline","floor":8},{"not_picked":["Beam Cell","Ball Lightning","Lockon"],"picked":"SKIP","floor":11},{"not_picked":["Heatsinks","Leap"],"picked":"Chill","floor":12},{"not_picked":["Amplify","Buffer"],"picked":"Machine Learning","floor":16},{"not_picked":["White Noise+1","Leap"],"picked":"Streamline+1","floor":18},{"not_picked":["Gash+1","Redo+1"],"picked":"Hologram","floor":20}],"player_experience":127843,"relics_obtained":[{"floor":7,"key":"Blue Candle"},{"floor":9,"key":"Happy Flower"}],"event_choices":[{"damage_healed":0,"gold_gain":175,"player_choice":"AGREE","damage_taken":0,"max_hp_gain":0,"max_hp_loss":0,"event_name":"Liars Game","floor":3,"gold_loss":0,"cards_obtained":["Doubt"]},{"damage_healed":0,"gold_gain":0,"player_choice":"2 cards matched","damage_taken":0,"max_hp_gain":0,"max_hp_loss":0,"event_name":"Match and Keep!","floor":4,"gold_loss":0,"cards_obtained":["Core Surge","Rebound"]},{"damage_healed":0,"gold_gain":75,"player_choice":"Touch","damage_taken":7,"max_hp_gain":0,"max_hp_loss":0,"event_name":"FaceTrader","floor":13,"gold_loss":0}],"is_beta":false,"boss_relics":[{"not_picked":["Snecko Eye","Busted Crown"],"picked":"SacredBark"}],"items_purged_floors":[5,14,19],"is_endless":false,"potions_floor_spawned":[8,12,18],"killed_by":"3 Cultists","ascension_level":0}}