{"host":"a5lz0e76zb3fcwkm","time":1609911840,"event":{"mods":["AchievementEnabler","BaseMod","Colored Map","Colored Powertips","Minty Spire (QoL Compilation)","StSLib","SuperFastMode"],"gold_per_floor":[118,118,118,118,0,40,55,90,113,136,136,151,151,151],"floor_reached":13,"playtime":173,"items_purged":["Strike_G"],"score":236,"play_id":"04952744-8671-4a20-8dd9-d5b0bbe017ae","local_time":"20210106144400","is_ascension_mode":true,"campfire_choices":[{"data":"Noxious Fumes","floor":11,"key":"SMITH"}],"circlet_count":0,"master_deck":["AscendersBane","Strike_G+1","Strike_G+1","Strike_G","Strike_G","Defend_G","Defend_G","Defend_G","Defend_G","Defend_G","Survivor","Neutralize","Finisher","All Out Attack","Noxious Fumes+1","Terror","Infinite Blades"],"relics":["Ring of the Snake","NeowsBlessing","Golden Idol","Toy Ornithopter","Omamori","Tiny Chest","Nunchaku"],"acts_visited":["Exordium"],"potions_floor_usage":[13],"damage_taken":[{"damage":0,"enemies":"Jaw Worm","floor":1,"turns":1},{"damage":0,"enemies":"Gremlin Nob","floor":6,"turns":1},{"damage":0,"enemies":"Small Slimes","floor":7,"turns":1},{"damage":7,"enemies":"Lagavulin","floor":8,"turns":7},{"damage":0,"enemies":"2 Louse","floor":10,"turns":2},{"damage":27,"enemies":"Large Slime","floor":12,"turns":5},{"damage":35,"enemies":"Gremlin Nob","floor":13,"turns":3}],"seed_played":"8361949621178184359","potions_obtained":[{"floor":8,"key":"Weak Potion"},{"floor":12,"key":"BlessingOfTheForge"}],"is_trial":false,"path_per_floor":["M","?","?","T","$","E","M","E","T","M","R","M","E"],"character_chosen":"THE_SILENT","items_purchased":["All Out Attack"],"campfire_rested":0,"item_purchase_floors":[5],"current_hp_per_floor":[59,39,39,39,39,39,39,32,32,32,32,5,0,0],"gold":151,"neow_bonus":"THREE_ENEMY_KILL","is_daily":false,"chose_seed":false,"campfire_upgraded":1,"win_rate":0.0,"timestamp":1609911840,"path_taken":["M","?","?","?","$","E","M","E","T","M","R","M","E"],"items_purchased_type":["Card"],"build_version":"2020-12-22","purchased_purges":1,"victory":false,"max_hp_per_floor":[66,66,60,60,60,60,60,60,60,60,60,60,60,60],"card_choices":[{"not_picked":["Slice","Acrobatics"],"picked":"Finisher","floor":1},{"not_picked":["Backflip","Sucker Punch"],"picked":"Noxious Fumes","floor":6},{"not_picked":["Underhanded Strike","Poisoned Stab"],"picked":"Terror","floor":7},{"not_picked":["Storm of Steel","Sucker Punch","Predator"],"picked":"SKIP","floor":8},{"not_picked":["Dash","Acrobatics","Dodge and Roll"],"picked":"SKIP","floor":10},{"not_picked":["Acrobatics","Terror"],"picked":"Infinite Blades","floor":12}],"player_experience":1679084,"relics_obtained":[{"floor":4,"key":"Toy Ornithopter"},{"floor":6,"key":"Omamori"},{"floor":8,"key":"Tiny Chest"},{"floor":9,"key":"Nunchaku"}],"event_choices":[{"damage_healed":0,"gold_gain":0,"player_choice":"Entered Light","damage_taken":20,"max_hp_gain":0,"max_hp_loss":0,"event_name":"Shining Light","floor":2,"gold_loss":0,"cards_upgraded":["Strike_G","Strike_G"]},{"damage_healed":0,"gold_gain":0,"player_choice":"Lose Max HP","damage_taken":0,"relics_obtained":["Golden Idol"],"max_hp_gain":0,"max_hp_loss":6,"event_name":"Golden Idol","floor":3,"gold_loss":0}],"is_beta":false,"boss_relics":[],"items_purged_floors":[5],"is_endless":false,"potions_floor_spawned":[8,12],"killed_by":"Gremlin Nob","ascension_level":20}}