{"host":"rolltorest","time":1609923805,"event":{"mods":["BaseMod","Minty Spire (QoL Compilation)","Relic Stats","Robot Space Explorer","Slay the Relics Exporter","StSLib"],"gold_per_floor":[115,129,129,204,69,104,104,119,143,143,143,163,338,381,381,477,540,563,563,107,122,146,146,194,194,194],"floor_reached":25,"playtime":937,"items_purged":["Doubt"],"score":389,"play_id":"855e5a99-6ed7-424a-a5ff-fc123ad7d59a","local_time":"20210106010325","is_ascension_mode":true,"campfire_choices":[{"data":"Trip","floor":7,"key":"SMITH"},{"data":"The Bomb","floor":10,"key":"SMITH"},{"floor":15,"key":"REST"},{"floor":23,"key":"REST"}],"circlet_count":0,"master_deck":["AscendersBane","RobotSpaceExplorer:Strike","RobotSpaceExplorer:Strike","RobotSpaceExplorer:Strike+1","RobotSpaceExplorer:Strike+1","RobotSpaceExplorer:Defend","RobotSpaceExplorer:Defend","RobotSpaceExplorer:Defend","RobotSpaceExplorer:Defend","RobotSpaceExplorer:Scan+1","RobotSpaceExplorer:MiniLasers","The Bomb+1","RobotSpaceExplorer:SurgingStrike","Trip+1","RobotSpaceExplorer:ImprovisedAttack","RobotSpaceExplorer:FrostMissile","RobotSpaceExplorer:GearShield","RobotSpaceExplorer:ScrapShield","RobotSpaceExplorer:Accelerator","RobotSpaceExplorer:RigExplosive","RobotSpaceExplorer:TrailblazerForm","RobotSpaceExplorer:Blaster","RobotSpaceExplorer:ChargingLaser","RobotSpaceExplorer:ExhaustFan"],"relics":["RobotSpaceExplorer:RoboCore","Bag of Preparation","RobotSpaceExplorer:FoglandsKnife","Golden Idol","Thread and Needle","Tiny House","Orrery","Centennial Puzzle","CeramicFish"],"acts_visited":["Exordium","TheCity"],"potions_floor_usage":[14,16,21,21,22,25],"damage_taken":[{"damage":1,"enemies":"2 Louse","floor":1,"turns":5},{"damage":7,"enemies":"Small Slimes","floor":2,"turns":5},{"damage":8,"enemies":"Gremlin Nob","floor":6,"turns":3},{"damage":0,"enemies":"Cultist","floor":8,"turns":3},{"damage":0,"enemies":"Exordium Wildlife","floor":12,"turns":2},{"damage":20,"enemies":"Lagavulin","floor":14,"turns":7},{"damage":16,"enemies":"Slime Boss","floor":16,"turns":7},{"damage":9,"enemies":"3 Byrds","floor":18,"turns":3},{"damage":0,"enemies":"Chosen","floor":21,"turns":4},{"damage":4,"enemies":"Snake Plant","floor":22,"turns":3},{"damage":31,"enemies":"Slavers","floor":24,"turns":3},{"damage":4,"enemies":"Shelled Parasite and Fungi","floor":25,"turns":4}],"seed_played":"-2127170632467824186","potions_obtained":[{"floor":1,"key":"RobotSpaceExplorer:RecyclePotion"},{"floor":16,"key":"CultistPotion"},{"floor":17,"key":"Weak Potion"},{"floor":24,"key":"AttackPotion"}],"is_trial":false,"path_per_floor":["M","M","?","?","$","E","R","M","T","R","?","M","?","E","R","B",null,"M","?","$","M","M","R","E","M"],"character_chosen":"RobotSpaceExplorer","items_purchased":["Trip","PowerPotion","RobotSpaceExplorer:TrailblazerForm","Orrery","Centennial Puzzle"],"campfire_rested":2,"item_purchase_floors":[5,5,20,20,20],"current_hp_per_floor":[63,56,43,32,32,24,24,24,24,24,24,24,24,4,21,5,51,42,36,36,36,32,51,20,16,16],"gold":194,"neow_bonus":"RANDOM_COLORLESS_2","is_daily":false,"chose_seed":false,"campfire_upgraded":2,"win_rate":0.0,"timestamp":1609923805,"path_taken":["M","M","?","?","$","E","R","M","T","R","?","M","?","E","R","BOSS","M","?","$","?","M","R","E","M"],"items_purchased_type":["Card","Potion","Card","Relic","Relic"],"build_version":"2020-12-18","purchased_purges":1,"victory":false,"max_hp_per_floor":[64,64,64,64,64,64,64,64,64,64,59,59,59,59,59,59,64,64,64,64,64,64,64,64,64,64],"relic_stats":{"Centennial Puzzle":[9],"counters":[12,49],"Golden Idol":66,"CeramicFish":9,"Bag of Preparation":[18],"obtain_stats":[{"RobotSpaceExplorer:FoglandsKnife":9,"Centennial Puzzle":20,"Tiny House":17,"Golden Idol":11,"CeramicFish":24,"Orrery":20,"RobotSpaceExplorer:RoboCore":0,"Thread and Needle":14,"Bag of Preparation":6},{"RobotSpaceExplorer:FoglandsKnife":4,"Centennial Puzzle":8,"Tiny House":7,"Golden Idol":4,"CeramicFish":11,"Orrery":8,"RobotSpaceExplorer:RoboCore":0,"Thread and Needle":6,"Bag of Preparation":3},{"RobotSpaceExplorer:FoglandsKnife":16,"Centennial Puzzle":35,"Tiny House":32,"Golden Idol":16,"CeramicFish":45,"Orrery":35,"RobotSpaceExplorer:RoboCore":0,"Thread and Needle":25,"Bag of Preparation":13}]},"card_choices":[{"not_picked":["Magnetism","Panache"],"picked":"The Bomb","floor":0},{"not_picked":["RobotSpaceExplorer:ShockKick","RobotSpaceExplorer:Counterblock","RobotSpaceExplorer:FranticSearch"],"picked":"SKIP","floor":1},{"not_picked":["RobotSpaceExplorer:IronShell","RobotSpaceExplorer:SurgingShield"],"picked":"RobotSpaceExplorer:SurgingStrike","floor":2},{"not_picked":["RobotSpaceExplorer:LuckyStrike","RobotSpaceExplorer:Reload"],"picked":"RobotSpaceExplorer:ImprovisedAttack","floor":6},{"not_picked":["RobotSpaceExplorer:SwiftStep","RobotSpaceExplorer:GlueShot"],"picked":"RobotSpaceExplorer:FrostMissile","floor":8},{"not_picked":["RobotSpaceExplorer:Electroshield","RobotSpaceExplorer:FranticSearch"],"picked":"RobotSpaceExplorer:GearShield","floor":12},{"not_picked":["RobotSpaceExplorer:MiniBoosters","RobotSpaceExplorer:Discharger"],"picked":"RobotSpaceExplorer:ScrapShield","floor":14},{"not_picked":["RobotSpaceExplorer:Scanner","RobotSpaceExplorer:ChargingLaser"],"picked":"RobotSpaceExplorer:Accelerator","floor":16},{"not_picked":["RobotSpaceExplorer:GlueSpray","RobotSpaceExplorer:SurgingStrike"],"picked":"RobotSpaceExplorer:RigExplosive","floor":18},{"not_picked":["RobotSpaceExplorer:GlueShot","RobotSpaceExplorer:ImprovisedAttack"],"picked":"RobotSpaceExplorer:Blaster","floor":20},{"not_picked":["RobotSpaceExplorer:DualCore+1","RobotSpaceExplorer:MetalStrike+1"],"picked":"RobotSpaceExplorer:ChargingLaser","floor":20},{"not_picked":["RobotSpaceExplorer:FrostMissile","RobotSpaceExplorer:ImprovisedAttack","RobotSpaceExplorer:ScrapShield"],"picked":"SKIP","floor":21},{"not_picked":["RobotSpaceExplorer:MetalStrike","RobotSpaceExplorer:ShovelStrike","RobotSpaceExplorer:SlimeMissile"],"picked":"SKIP","floor":22},{"not_picked":["RobotSpaceExplorer:MiniDrones","RobotSpaceExplorer:Calculate"],"picked":"RobotSpaceExplorer:ExhaustFan","floor":24}],"player_experience":1772278,"relics_obtained":[{"floor":6,"key":"Bag of Preparation"},{"floor":9,"key":"RobotSpaceExplorer:FoglandsKnife"},{"floor":14,"key":"Thread and Needle"},{"floor":24,"key":"CeramicFish"}],"event_choices":[{"damage_healed":0,"gold_gain":0,"player_choice":"Entered Light","damage_taken":13,"max_hp_gain":0,"max_hp_loss":0,"event_name":"Shining Light","floor":3,"gold_loss":0,"cards_upgraded":["RobotSpaceExplorer:Strike","RobotSpaceExplorer:Scan"]},{"damage_healed":0,"gold_gain":75,"player_choice":"Gather Gold","damage_taken":11,"max_hp_gain":0,"max_hp_loss":0,"event_name":"World of Goop","floor":4,"gold_loss":0},{"damage_healed":0,"gold_gain":0,"player_choice":"Lose Max HP","damage_taken":0,"relics_obtained":["Golden Idol"],"max_hp_gain":0,"max_hp_loss":5,"event_name":"Golden Idol","floor":11,"gold_loss":0},{"damage_healed":0,"gold_gain":175,"player_choice":"AGREE","damage_taken":0,"max_hp_gain":0,"max_hp_loss":0,"event_name":"Liars Game","floor":13,"gold_loss":0,"cards_obtained":["Doubt"]},{"damage_healed":0,"gold_gain":0,"player_choice":"Damaged","damage_taken":6,"max_hp_gain":0,"max_hp_loss":0,"event_name":"Wheel of Change","floor":19,"gold_loss":0}],"is_beta":true,"boss_relics":[{"not_picked":["Fusion Hammer","Ectoplasm"],"picked":"Tiny House"}],"items_purged_floors":[20],"is_endless":false,"potions_floor_spawned":[1,8,12,16,18,24],"killed_by":"Shelled Parasite and Fungi","ascension_level":14}}