{"host":"nptej036rrbiurf5","time":1609894362,"event":{"mods":["BaseMod","Colored Map","Colored Powertips","DeckTracker","Minty Spire (QoL Compilation)","StSLib","SuperFastMode"],"gold_per_floor":[17,17,44,44,59,394,394,412,412,412,435,455,455,455,455,548,548,563,613,634,634,634],"floor_reached":21,"playtime":622,"items_purged":[],"score":458,"play_id":"2ae53ea2-e476-4325-b7a2-63b8acaf2d38","local_time":"20210106095242","is_ascension_mode":true,"campfire_choices":[{"data":"Double Tap","floor":7.0,"key":"SMITH"},{"data":"Hemokinesis","floor":10.0,"key":"SMITH"},{"data":"Evolve","floor":15.0,"key":"SMITH"}],"circlet_count":0,"master_deck":["AscendersBane","Strike_R","Defend_R","Defend_R","Defend_R","Bash","Headbutt","Hemokinesis+1","Double Tap+1","Evolve+1","Rampage+1","Impervious","Warcry"],"relics":["Burning Blood","Golden Idol","Toy Ornithopter","Old Coin","Letter Opener","Empty Cage"],"acts_visited":["Exordium","TheCity"],"potions_floor_usage":[21],"damage_taken":[{"damage":10.0,"enemies":"Small Slimes","floor":1.0,"turns":4.0},{"damage":12.0,"enemies":"Jaw Worm","floor":5.0,"turns":3.0},{"damage":42.0,"enemies":"3 Sentries","floor":6.0,"turns":9.0},{"damage":19.0,"enemies":"2 Louse","floor":8.0,"turns":3.0},{"damage":8.0,"enemies":"2 Fungi Beasts","floor":11.0,"turns":2.0},{"damage":2.0,"enemies":"3 Louse","floor":12.0,"turns":3.0},{"damage":6.0,"enemies":"Slime Boss","floor":16.0,"turns":4.0},{"damage":32.0,"enemies":"2 Thieves","floor":18.0,"turns":5.0},{"damage":23,"enemies":"Spheric Guardian","floor":20,"turns":4},{"damage":20,"enemies":"Snake Plant","floor":21,"turns":2}],"seed_played":"-640338165518748374","potions_obtained":[{"floor":5.0,"key":"Dexterity Potion"},{"floor":6.0,"key":"FairyPotion"},{"floor":8.0,"key":"Fire Potion"},{"floor":18.0,"key":"SpeedPotion"}],"is_trial":false,"path_per_floor":["M","?","T","?","M","E","R","M","T","R","M","M","?","?","R","B",null,"M","?","M","M"],"character_chosen":"IRONCLAD","items_purchased":[],"campfire_rested":0,"item_purchase_floors":[],"current_hp_per_floor":[64,64,64,57,51,20,20,7,7,7,26,30,30,30,30,35,60,34,28,11,0,0],"gold":634,"neow_bonus":"REMOVE_TWO","is_daily":false,"chose_seed":false,"campfire_upgraded":3,"win_rate":0.0,"timestamp":1609894362,"path_taken":["M","?","?","?","M","E","R","M","T","R","M","M","?","?","R","BOSS","M","?","M","?"],"items_purchased_type":[],"build_version":"2020-12-22","purchased_purges":0,"victory":false,"max_hp_per_floor":[75,68,68,68,68,68,68,68,68,68,68,68,68,68,68,68,68,68,68,68,68,68],"card_choices":[{"not_picked":["Seeing Red","Shockwave"],"picked":"Headbutt","floor":1.0},{"not_picked":["Flex","Wild Strike"],"picked":"Hemokinesis","floor":5.0},{"not_picked":["Perfected Strike","Clash"],"picked":"Double Tap","floor":6.0},{"not_picked":["Cleave","Perfected Strike"],"picked":"Evolve","floor":8.0},{"not_picked":["Entrench","Clothesline","Armaments"],"picked":"SKIP","floor":11.0},{"not_picked":["Thunderclap","Heavy Blade"],"picked":"Rampage","floor":12.0},{"not_picked":["Reaper","Fiend Fire"],"picked":"Impervious","floor":16.0},{"not_picked":["Uppercut","Sword Boomerang","Anger"],"picked":"SKIP","floor":18.0},{"not_picked":["Sword Boomerang+1","Headbutt"],"picked":"Warcry","floor":20}],"player_experience":878143,"relics_obtained":[{"floor":3.0,"key":"Toy Ornithopter"},{"floor":6.0,"key":"Old Coin"},{"floor":9.0,"key":"Letter Opener"}],"event_choices":[{"damage_healed":0.0,"max_hp_gain":0.0,"max_hp_loss":7.0,"gold_gain":0.0,"event_name":"Golden Idol","player_choice":"Lose Max HP","floor":2.0,"gold_loss":0.0,"damage_taken":0.0,"relics_obtained":["Golden Idol"]},{"cards_removed":["Strike_R"],"damage_healed":0.0,"max_hp_gain":0.0,"max_hp_loss":0.0,"gold_gain":0.0,"event_name":"Golden Wing","player_choice":"Card Removal","floor":4.0,"gold_loss":0.0,"damage_taken":7.0},{"damage_healed":0.0,"max_hp_gain":0.0,"max_hp_loss":0.0,"gold_gain":0.0,"event_name":"Liars Game","player_choice":"Ignored","floor":13.0,"gold_loss":0.0,"damage_taken":0.0},{"damage_healed":0.0,"max_hp_gain":0.0,"max_hp_loss":0.0,"gold_gain":0.0,"event_name":"Living Wall","player_choice":"Grow","floor":14.0,"gold_loss":0.0,"damage_taken":0.0,"cards_upgraded":["Rampage"]},{"damage_healed":0,"gold_gain":50,"player_choice":"Touch","damage_taken":6,"max_hp_gain":0,"max_hp_loss":0,"event_name":"FaceTrader","floor":19,"gold_loss":0}],"is_beta":false,"boss_relics":[{"not_picked":["Cursed Key","Coffee Dripper"],"picked":"Empty Cage"}],"items_purged_floors":[],"is_endless":false,"potions_floor_spawned":[5,6,8,18],"killed_by":"Snake Plant","ascension_level":20}}