{"host":"yvlk1m4foro8gl4v","time":1609898711,"event":{"mods":["AchievementEnabler","Act Like it!","BaseMod","Minty Spire (QoL Compilation)","Relic Stats","StSLib","The Servant 0.9.4","Uncapped"],"gold_per_floor":[118,132,132,55,65,65,65,82,82,117,117,137,21,39,39,39,39],"floor_reached":16,"playtime":507,"items_purged":[],"score":173,"play_id":"b1f820f8-7516-4e29-8c96-0844a15e3d6e","local_time":"20210106020511","is_ascension_mode":true,"campfire_choices":[{"data":"Feed","floor":6,"key":"SMITH"},{"data":"1","floor":15,"key":"LIFT"}],"circlet_count":0,"master_deck":["Strike_R","Strike_R","Strike_R","Strike_R","Strike_R","Defend_R","Defend_R","Defend_R","Defend_R","Bash","Cleave","Feed+1","Iron Wave","Pummel","Sword Boomerang","Flame Barrier"],"relics":["Burning Blood","NeowsBlessing","The Courier","Nunchaku","Girya","Kunai","Tiny Chest"],"acts_visited":["Exordium"],"potions_floor_usage":[16,16],"damage_taken":[{"damage":0,"enemies":"2 Louse","floor":1,"turns":1},{"damage":0,"enemies":"Small Slimes","floor":2,"turns":1},{"damage":0,"enemies":"Jaw Worm","floor":5,"turns":1},{"damage":30,"enemies":"Exordium Thugs","floor":8,"turns":5},{"damage":46,"enemies":"Gremlin Nob","floor":10,"turns":5},{"damage":10,"enemies":"Large Slime","floor":12,"turns":6},{"damage":9,"enemies":"Lots of Slimes","floor":14,"turns":2},{"damage":19,"enemies":"Slime Boss","floor":16,"turns":9}],"seed_played":"-5404971973336590563","potions_obtained":[{"floor":2,"key":"Explosive Potion"},{"floor":10,"key":"Dexterity Potion"},{"floor":12,"key":"AttackPotion"}],"is_trial":false,"path_per_floor":["M","M","?","$","M","R","?","M","T","E","T","M","$","M","R","B"],"character_chosen":"IRONCLAD","items_purchased":["Feed","Tiny Chest"],"campfire_rested":0,"item_purchase_floors":[4,13],"current_hp_per_floor":[78,80,80,80,83,83,83,63,63,23,23,23,23,24,24,5,5],"gold":39,"neow_bonus":"THREE_ENEMY_KILL","is_daily":false,"chose_seed":false,"campfire_upgraded":1,"win_rate":0.0,"timestamp":1609898711,"path_taken":["M","M","?","$","M","R","?","M","T","E","?","M","$","?","R","BOSS"],"items_purchased_type":["Card","Relic"],"build_version":"2020-12-22","purchased_purges":0,"victory":false,"max_hp_per_floor":[80,80,80,80,83,83,83,87,87,87,87,91,91,95,95,95,95],"relic_stats":{"Nunchaku":[5],"counters":[8,30],"Tiny Chest":0,"Kunai":[8],"obtain_stats":[{"Girya":10,"Nunchaku":9,"NeowsBlessing":0,"Tiny Chest":13,"The Courier":7,"Kunai":11,"Burning Blood":0},{"Girya":5,"Nunchaku":4,"NeowsBlessing":0,"Tiny Chest":6,"The Courier":3,"Kunai":5,"Burning Blood":0},{"Girya":13,"Nunchaku":8,"NeowsBlessing":0,"Tiny Chest":19,"The Courier":3,"Kunai":13,"Burning Blood":0}],"Burning Blood":32},"card_choices":[{"not_picked":["Wild Strike","Twin Strike"],"picked":"Cleave","floor":1},{"not_picked":["Reckless Charge","Headbutt","Second Wind"],"picked":"SKIP","floor":2},{"not_picked":["Armaments","Dropkick","Warcry"],"picked":"SKIP","floor":5},{"not_picked":["Rupture","Heavy Blade"],"picked":"Iron Wave","floor":8},{"not_picked":["Carnage","Pommel Strike"],"picked":"Pummel","floor":10},{"not_picked":["Seeing Red","Fire Breathing"],"picked":"Sword Boomerang","floor":12},{"not_picked":["Bloodletting","Perfected Strike"],"picked":"Flame Barrier","floor":14}],"player_experience":726459,"relics_obtained":[{"floor":9,"key":"Nunchaku"},{"floor":10,"key":"Girya"},{"floor":11,"key":"Kunai"}],"event_choices":[{"damage_healed":0,"gold_gain":0,"player_choice":"Leave","damage_taken":0,"max_hp_gain":0,"max_hp_loss":0,"event_name":"The Cleric","floor":3,"gold_loss":0},{"damage_healed":0,"gold_gain":0,"player_choice":"Searched \u00272\u0027 times","damage_taken":0,"relics_obtained":["The Courier"],"max_hp_gain":0,"max_hp_loss":0,"event_name":"Dead Adventurer","floor":7,"gold_loss":0}],"is_beta":false,"boss_relics":[],"items_purged_floors":[],"is_endless":false,"potions_floor_spawned":[2,10,12],"killed_by":"Slime Boss","ascension_level":9}}