{"host":"v1sr5h8q0mijnzs9","time":1609946866,"event":{"mods":["AchievementEnabler","Arknights The Spire","BaseMod","Bestiary","Better Altar","Better Match","Better Note","Better Sensory Stone","Better Skull","Better Third Choice","BetterRewards","Colored Map","Colored Powertips","Downfall","Duelist Mod","Evolution","Friendly Minions","GifTheSpireLib","Googly Eyes","Hero for Fun","Highlight Path","Hubris","Infinite Spire","Jorbs\u0027s Wanderer Trilogy","Marisa????????","Minty Spire (QoL Compilation)","READ ME - Snecko Mod","Replay The Spire","Shop Mod","StSLib","SuperFastMode","The Bug Knight","The Construct","The Cursed","The Death Knight","The Disciple","The Forsaken","The Jungle","The Necromancer","The Saiyan","The Servant 0.9.4","[IsaacMod]????"],"gold_per_floor":[113,113,128,138,151,151,165,194,249,263,275,305,322,337,337,435,435,445,445,457,473,473,501,515,515,515,549,560,560,560,560,560,659,659,674,599,599,609,626,653,653,684,754,754,754,754,769,43,43,53],"floor_reached":51,"playtime":6727,"items_purged":["Writhe"],"score":861,"play_id":"92c823d0-c12d-41d0-9984-1f2b132d98d5","local_time":"20210106162746","is_ascension_mode":false,"campfire_choices":[{"data":"EpicFetus","floor":6,"key":"SMITH"},{"floor":15,"key":"REST"},{"data":"Replay:SS_hec_2","floor":25,"key":"SMITH"},{"data":"After Image","floor":32,"key":"SMITH"},{"floor":41,"key":"REST"},{"data":"hubris:Fate","floor":45,"key":"SMITH"},{"floor":49,"key":"REST"}],"circlet_count":0,"master_deck":["Quick Slash","Quick Slash","Strike_G","Strike_G+1","Strike_G","Defend_G","Defend_G","Defend_G","Defend_G","Defend_G+1","Survivor","EpicFetus+1","Poisoned Stab","Poison Darts","Prepared","Leg Sweep","Noxious Fumes","Noxious Fumes+1","Expertise","Noxious Fumes+1","Poisoned Stab","Noxious Fumes","After Image+1","Replay:SS_hec_2+1","DoctorFetus","Flying Knee+1","Toxin Wave","Poisoned Stab","Blade Dance+1","Sneak Up+1","Noxious Fumes+1","Catalyst","hubris:Fate+1","Creative AI+1","Burst","Injury","theDuelist:CursedBill","hubris:Despair","Dagger Spray+1","Replay:Bag of Tricks+1","Sucker Punch+1","Dagger Spray+1","Toxin Wave+1","Replay:Poison Smokescreen","Replay:SS_hec_2+1","Deflect+1"],"relics":["EVO:Axolotl","HushsDoor","GuppysHead","ChewingGum","hubris:DeckOfHolding","DeathKnight:PutricidesVial","Centennial Puzzle","Replay:Ancient Bell","Succubus","Anchor","MoneyPower","The Specimen","Simple Rune","Philosopher\u0027s Stone","theForsaken:Lifeblossom","theForsaken:HumbleEgg","GuppysTail","BloodDonationMachine","infinitespire:ShieldingShard","Mercury Hourglass","DollysMirror","hubris:MedicalManual","Replay:Bandana"],"acts_visited":["Exordium","TheCity","TheBeyond"],"potions_floor_usage":[8,12,16,16,21,33,39,42,50,50],"damage_taken":[{"damage":0,"enemies":"Cultist","floor":1,"turns":3},{"damage":6,"enemies":"Jaw Worm","floor":3,"turns":2},{"damage":2,"enemies":"Small Slimes","floor":4,"turns":3},{"damage":4,"enemies":"Looter","floor":5,"turns":3},{"damage":7,"enemies":"Exordium Wildlife","floor":7,"turns":3},{"damage":0,"enemies":"HollowMod:MossKnight","floor":8,"turns":3},{"damage":11,"enemies":"Gremlin Gang","floor":10,"turns":3},{"damage":0,"enemies":"3 Louse","floor":11,"turns":3},{"damage":8,"enemies":"Lagavulin","floor":12,"turns":5},{"damage":14,"enemies":"Blue Slaver","floor":13,"turns":3},{"damage":6,"enemies":"2 Fungi Beasts","floor":14,"turns":3},{"damage":40,"enemies":"Fading Forest","floor":16,"turns":11},{"damage":7,"enemies":"Shell Parasite","floor":18,"turns":3},{"damage":0,"enemies":"2 Thieves","floor":20,"turns":3},{"damage":12,"enemies":"Snake Plant","floor":21,"turns":3},{"damage":0,"enemies":"Replay:Snechameleon","floor":23,"turns":4},{"damage":0,"enemies":"3 Cultists","floor":24,"turns":3},{"damage":4,"enemies":"HollowMod:Nosk","floor":27,"turns":5},{"damage":0,"enemies":"Centurion and Healer","floor":28,"turns":4},{"damage":22,"enemies":"hubris:MusketHawk","floor":33,"turns":6},{"damage":1,"enemies":"3 Darklings","floor":35,"turns":3},{"damage":0,"enemies":"Orb Walker","floor":38,"turns":3},{"damage":0,"enemies":"Transient","floor":39,"turns":5},{"damage":31,"enemies":"Giant Head","floor":40,"turns":6},{"damage":19,"enemies":"HollowMod:StalkingDevout","floor":42,"turns":6},{"damage":0,"enemies":"4 Shapes","floor":47,"turns":3},{"damage":45,"enemies":"Awakened One","floor":50,"turns":9}],"seed_played":"-8834293964422534216","potions_obtained":[{"floor":1,"key":"CultistPotion"},{"floor":3,"key":"Weak Potion"},{"floor":5,"key":"EssenceOfSteel"},{"floor":8,"key":"ColorlessPotion"},{"floor":14,"key":"BlessingOfTheForge"},{"floor":20,"key":"DeathKnight:RimePotion"},{"floor":21,"key":"Languid Potion"},{"floor":24,"key":"AttackPotion"},{"floor":27,"key":"Energy Potion"},{"floor":33,"key":"SmokeBomb"},{"floor":40,"key":"SpeedPotion"},{"floor":47,"key":"SkillPotion"}],"is_trial":false,"path_per_floor":["M","?","M","M","M","R","M","E","T","M","M","E","M","M","R_BF","B",null,"M","?","M","M","?","E","M","R","T","E","M","AVR","?","?","R_BF","B",null,"M","?","?","M","M","E","R","E","T","?","R","?","M","$","R","B",null],"character_chosen":"THE_SILENT","items_purchased":["Replay:SS_hec_2","Succubus","DoctorFetus","DollysMirror","hubris:MedicalManual","Replay:Bandana","Deflect+1"],"campfire_rested":3,"item_purchase_floors":[17,17,17,48,48,48,48],"current_hp_per_floor":[70,70,64,62,58,58,51,51,51,40,40,32,18,12,33,14,48,41,58,58,46,46,46,46,46,46,42,42,42,42,42,42,20,58,58,58,58,58,58,28,45,32,32,47,47,30,36,36,53,13],"gold":53,"neow_bonus":"BOSS_RELIC","is_daily":false,"chose_seed":false,"campfire_upgraded":4,"win_rate":0.0,"timestamp":1609946866,"path_taken":["M","?","M","M","M","R","M","E","T","M","M","E","M","M","R_BF","BOSS","M","?","M","?","?","E","M","R","T","E","M","AVR","?","?","R_BF","BOSS","M","?","?","?","M","E","R","E","T","?","R","?","M","$","R","BOSS"],"items_purchased_type":["Card","Relic","Card","Relic","Relic","Relic","Card"],"build_version":"2020-12-22","purchased_purges":1,"victory":true,"max_hp_per_floor":[70,70,70,70,70,70,70,70,70,70,70,70,70,70,70,70,48,48,58,58,58,58,58,58,58,58,58,58,58,58,58,58,58,58,58,58,58,58,58,58,58,58,58,58,58,58,58,58,58,58],"card_choices":[{"not_picked":[],"picked":"EpicFetus","floor":0},{"not_picked":["Deadly Poison","Cloak And Dagger"],"picked":"Poisoned Stab","floor":1},{"not_picked":["Bane","Finisher"],"picked":"Poison Darts","floor":3},{"not_picked":["Leg Sweep","Distraction"],"picked":"Prepared","floor":4},{"not_picked":["Prepared","All Out Attack"],"picked":"Leg Sweep","floor":5},{"not_picked":["Blade Dance","Dodge and Roll"],"picked":"Noxious Fumes","floor":7},{"not_picked":["Terror","Flying Knee"],"picked":"Noxious Fumes","floor":8},{"not_picked":["Prepared","ReplayTheSpireMod:Shiv Toss"],"picked":"Expertise","floor":10},{"not_picked":["Flechettes","Deflect"],"picked":"Noxious Fumes","floor":11},{"not_picked":["ReplayTheSpireMod:Exploit Weakness","Acrobatics"],"picked":"Poisoned Stab","floor":12},{"not_picked":["Flying Knee","Dagger Spray"],"picked":"Atom Bomb","floor":13},{"not_picked":["PiercingWail","Finisher"],"picked":"Noxious Fumes","floor":14},{"not_picked":["Storm of Steel","Bullet Time"],"picked":"After Image","floor":16},{"not_picked":["Deadly Poison","Backflip"],"picked":"Flying Knee+1","floor":18},{"not_picked":["All Out Attack","Outmaneuver"],"picked":"Toxin Wave","floor":20},{"not_picked":["Underhanded Strike","PiercingWail"],"picked":"Poisoned Stab","floor":21},{"not_picked":["hubris:SlightOfHand","Acrobatics"],"picked":"Blade Dance+1","floor":23},{"not_picked":["Poisoned Stab","ReplayTheSpireMod:Scrap Shanks+1"],"picked":"Sneak Up+1","floor":24},{"not_picked":["Escape Plan","Toxin Wave"],"picked":"Noxious Fumes+1","floor":27},{"not_picked":["Slice","Well Laid Plans"],"picked":"Catalyst","floor":28},{"not_picked":["Glass Knife","Atom Bomb"],"picked":"Burst","floor":33},{"not_picked":["hubris:Disease","SwitchThreat"],"picked":"Injury","floor":34},{"not_picked":["Pain","Overencumbered"],"picked":"theDuelist:CursedBill","floor":34},{"not_picked":["hubris:Envy","SwitchConfidence"],"picked":"hubris:Despair","floor":34},{"not_picked":["Underhanded Strike+1","Flying Knee+1"],"picked":"Dagger Spray+1","floor":35},{"not_picked":["hubris:Sniper","Hidden Blade+1"],"picked":"Replay:Bag of Tricks","floor":38},{"not_picked":["Choke+1","hubris:SlightOfHand+1"],"picked":"Sucker Punch+1","floor":39},{"not_picked":["Doppelganger","Flying Knee+1"],"picked":"Dagger Spray+1","floor":40},{"not_picked":["Noxious Fumes","Skewer+1"],"picked":"Toxin Wave+1","floor":42},{"not_picked":["Flechettes","Sneak Up"],"picked":"Replay:Poison Smokescreen","floor":47}],"player_experience":140924,"relics_obtained":[{"floor":8,"key":"hubris:DeckOfHolding"},{"floor":9,"key":"DeathKnight:PutricidesVial"},{"floor":12,"key":"Centennial Puzzle"},{"floor":23,"key":"MoneyPower"},{"floor":26,"key":"The Specimen"},{"floor":27,"key":"Simple Rune"},{"floor":40,"key":"BloodDonationMachine"},{"floor":42,"key":"infinitespire:ShieldingShard"},{"floor":43,"key":"Mercury Hourglass"}],"event_choices":[{"damage_healed":0,"gold_gain":0,"player_choice":"Leave","damage_taken":0,"max_hp_gain":0,"max_hp_loss":0,"event_name":"The Cleric","floor":2,"gold_loss":0},{"cards_removed":["Atom Bomb"],"damage_healed":7,"gold_gain":0,"player_choice":"Offered Rare","damage_taken":0,"max_hp_gain":10,"max_hp_loss":0,"event_name":"Bonfire Elementals","floor":19,"gold_loss":0},{"damage_healed":0,"gold_gain":0,"player_choice":"Gave Potion","damage_taken":0,"relics_obtained":["Anchor"],"max_hp_gain":0,"max_hp_loss":0,"event_name":"WeMeetAgain","floor":22,"gold_loss":0},{"cards_removed":["Replay:SS_hec_2"],"damage_healed":0,"gold_gain":0,"player_choice":"Take \u0026 Give","damage_taken":0,"max_hp_gain":0,"max_hp_loss":0,"event_name":"betterNote:BetterNote","floor":30,"gold_loss":0,"cards_obtained":["Creative AI"]},{"damage_healed":0,"gold_gain":0,"player_choice":"3","damage_taken":0,"max_hp_gain":0,"max_hp_loss":0,"event_name":"betterMatch:BetterMatch","floor":36,"gold_loss":0,"cards_obtained":[]},{"cards_removed":["Neutralize"],"damage_healed":0,"gold_gain":0,"player_choice":"Removed Attack","damage_taken":0,"max_hp_gain":0,"max_hp_loss":0,"event_name":"Falling","floor":37,"gold_loss":0},{"damage_healed":15,"gold_gain":0,"player_choice":"Writhe","damage_taken":0,"max_hp_gain":0,"max_hp_loss":0,"event_name":"Winding Halls","floor":44,"gold_loss":0,"cards_obtained":["Writhe"]}],"is_beta":false,"boss_relics":[{"not_picked":["Coffee Dripper","Snecko Scales"],"picked":"Replay:Ancient Bell"},{"not_picked":[]},{"not_picked":["Grinning Jar","Bronze Scales"],"picked":"theForsaken:Lifeblossom"},{"not_picked":["Replay:Bottled Eggs","AnarchistCookbook"],"picked":"theForsaken:HumbleEgg"},{"not_picked":["hubris:Teleporter","hubris:BundleOfHerbs"],"picked":"GuppysTail"}],"items_purged_floors":[48],"is_endless":false,"potions_floor_spawned":[1,3,5,8,14,20,21,24,27,33,40,47],"ascension_level":0}}