{"host":"Qube","time":1609970523,"event":{"mods":["AchievementEnabler","BaseMod","Colored Map","Colored Powertips","Minty Spire (QoL Compilation)","Quick Restart","Random Character Button","StSLib"],"gold_per_floor":[113,126,140,154,170,204,217,245,245,272,272,293,293,313,313,313,313],"floor_reached":16,"playtime":789,"items_purged":[],"score":255,"play_id":"db953586-2b3c-430c-89a9-77962f11e0bf","local_time":"20210106140203","is_ascension_mode":true,"campfire_choices":[{"data":"Hologram","floor":11.0,"key":"SMITH"},{"data":"Biased Cognition","floor":13,"key":"SMITH"},{"floor":15,"key":"REST"}],"circlet_count":0,"master_deck":["AscendersBane","Strike_B","Strike_B","Strike_B","Strike_B","Defend_B","Defend_B","Defend_B","Defend_B","Zap","Dualcast","Cold Snap","Cold Snap","Cold Snap","Cold Snap","Blizzard","Chill","Go for the Eyes","Hologram+1","Go for the Eyes","Biased Cognition+1"],"relics":["Cracked Core","NeowsBlessing","Blue Candle","MealTicket","CeramicFish"],"acts_visited":["Exordium"],"potions_floor_usage":[12,16],"damage_taken":[{"damage":0.0,"enemies":"Cultist","floor":1.0,"turns":1.0},{"damage":0.0,"enemies":"Small Slimes","floor":2.0,"turns":1.0},{"damage":0.0,"enemies":"Jaw Worm","floor":3.0,"turns":1.0},{"damage":6.0,"enemies":"Looter","floor":4.0,"turns":3.0},{"damage":12.0,"enemies":"Gremlin Gang","floor":5.0,"turns":6.0},{"damage":19.0,"enemies":"3 Sentries","floor":6.0,"turns":9.0},{"damage":7.0,"enemies":"Blue Slaver","floor":7.0,"turns":3.0},{"damage":17.0,"enemies":"Gremlin Nob","floor":8.0,"turns":4.0},{"damage":0.0,"enemies":"3 Louse","floor":10.0,"turns":3.0},{"damage":8,"enemies":"Exordium Wildlife","floor":12,"turns":4},{"damage":0,"enemies":"Red Slaver","floor":14,"turns":3},{"damage":11,"enemies":"Hexaghost","floor":16,"turns":10}],"seed_played":"-1578797748567317849","potions_obtained":[{"floor":5.0,"key":"Regen Potion"},{"floor":6.0,"key":"SteroidPotion"},{"floor":7.0,"key":"ColorlessPotion"},{"floor":10.0,"key":"BlessingOfTheForge"},{"floor":12,"key":"Weak Potion"}],"is_trial":false,"path_per_floor":["M","M","M","M","M","E","M","E","T","M","R","M","R","M","R","B"],"character_chosen":"DEFECT","items_purchased":[],"campfire_rested":1,"item_purchase_floors":[],"current_hp_per_floor":[64,64,64,58,46,42,35,18,18,18,18,10,10,10,31,20,20],"gold":313,"neow_bonus":"THREE_ENEMY_KILL","is_daily":false,"chose_seed":false,"campfire_upgraded":2,"win_rate":0.0,"timestamp":1609970523,"path_taken":["M","M","?","M","M","E","M","E","T","M","R","M","R","?","R","BOSS"],"items_purchased_type":[],"build_version":"2020-12-18","purchased_purges":0,"victory":false,"max_hp_per_floor":[71,71,71,71,71,71,71,71,71,71,71,71,71,71,71,71,71],"card_choices":[{"not_picked":["Leap","Heatsinks"],"picked":"Cold Snap","floor":1.0},{"not_picked":["Ball Lightning","Melter"],"picked":"Cold Snap","floor":2.0},{"not_picked":["Storm","Heatsinks"],"picked":"Cold Snap","floor":3.0},{"not_picked":["Aggregate","Reprogram"],"picked":"Cold Snap","floor":4.0},{"not_picked":["Stack","Steam"],"picked":"Blizzard","floor":5.0},{"not_picked":["Chaos","BootSequence"],"picked":"Chill","floor":6.0},{"not_picked":["Hologram","Force Field"],"picked":"Go for the Eyes","floor":7.0},{"not_picked":["Barrage","Gash"],"picked":"Hologram","floor":8.0},{"not_picked":["Conserve Battery","Gash"],"picked":"Go for the Eyes","floor":10.0},{"not_picked":["Rebound","Steam"],"picked":"Biased Cognition","floor":12},{"not_picked":["Beam Cell","Storm","Rebound"],"picked":"SKIP","floor":14}],"player_experience":828473,"relics_obtained":[{"floor":6.0,"key":"Blue Candle"},{"floor":8.0,"key":"MealTicket"},{"floor":9.0,"key":"CeramicFish"}],"event_choices":[],"is_beta":true,"boss_relics":[],"items_purged_floors":[],"is_endless":false,"potions_floor_spawned":[5,6,7,10,12],"killed_by":"Hexaghost","ascension_level":19}}