{"host":"xgnmnr8f8w1a0eo3","time":1609919470,"event":{"mods":["BaseMod","Highlight Path","Minty Spire (QoL Compilation)","Permanent Neow","Relic Stats","StSLib","everything is the same but u backflip on backflip"],"gold_per_floor":[111,128,128,144,24,24,51,65,65,65,79,354,367,395,395,395,395],"floor_reached":16,"playtime":743,"items_purged":["Strike_B"],"score":112,"play_id":"0a4300de-1a1b-420d-b738-a609c89cdd2b","local_time":"20210105235110","is_ascension_mode":false,"campfire_choices":[{"data":"Coolheaded","floor":6,"key":"SMITH"},{"floor":10,"key":"REST"},{"data":"Cold Snap","floor":15,"key":"SMITH"}],"circlet_count":0,"master_deck":["Strike_B","Strike_B","Strike_B","Defend_B","Defend_B","Defend_B","Defend_B","Zap","Dualcast+1","Go for the Eyes","Conserve Battery","Cold Snap","Coolheaded+1","Cold Snap+1","Hologram","Steam Power","Regret","Coolheaded"],"relics":["Cracked Core","StoneCalendar","Centennial Puzzle","Vajra","White Beast Statue"],"acts_visited":["Exordium"],"potions_floor_usage":[7],"damage_taken":[{"damage":0,"enemies":"Cultist","floor":1,"turns":3},{"damage":1,"enemies":"Jaw Worm","floor":2,"turns":3},{"damage":0,"enemies":"2 Louse","floor":4,"turns":2},{"damage":44,"enemies":"Gremlin Nob","floor":7,"turns":6},{"damage":5,"enemies":"Lots of Slimes","floor":8,"turns":4},{"damage":4,"enemies":"Exordium Wildlife","floor":11,"turns":3},{"damage":4,"enemies":"Large Slime","floor":13,"turns":6},{"damage":12,"enemies":"3 Sentries","floor":14,"turns":7},{"damage":18,"enemies":"Hexaghost","floor":16,"turns":9}],"seed_played":"-7058383747933065716","potions_obtained":[{"floor":4,"key":"ColorlessPotion"},{"floor":7,"key":"Energy Potion"},{"floor":11,"key":"DuplicationPotion"},{"floor":14,"key":"BlessingOfTheForge"}],"is_trial":false,"path_per_floor":["M","M","?","M","$","R","E","M","T","R","M","?","M","E","R","B"],"character_chosen":"DEFECT","items_purchased":["Coolheaded"],"campfire_rested":1,"item_purchase_floors":[5],"current_hp_per_floor":[68,67,67,67,67,67,23,18,18,38,34,34,30,18,18,0,0],"gold":395,"neow_bonus":"ONE_RARE_RELIC","is_daily":false,"chose_seed":false,"campfire_upgraded":2,"win_rate":0.0,"timestamp":1609919470,"path_taken":["M","?","?","M","$","R","E","M","T","R","?","?","M","E","R","BOSS"],"items_purchased_type":["Card"],"build_version":"2020-12-22","purchased_purges":1,"victory":false,"max_hp_per_floor":[68,68,68,68,68,68,68,68,68,68,68,68,68,68,68,68,68],"relic_stats":{"Centennial Puzzle":[15],"counters":[9,43],"StoneCalendar":[104],"obtain_stats":[{"Centennial Puzzle":7,"Vajra":9,"StoneCalendar":0,"Cracked Core":0,"White Beast Statue":14},{"Centennial Puzzle":4,"Vajra":5,"StoneCalendar":0,"Cracked Core":0,"White Beast Statue":8},{"Centennial Puzzle":14,"Vajra":18,"StoneCalendar":0,"Cracked Core":0,"White Beast Statue":34}]},"card_choices":[{"not_picked":["Ball Lightning","Force Field"],"picked":"Go for the Eyes","floor":1},{"not_picked":["Reinforced Body","Beam Cell"],"picked":"Conserve Battery","floor":2},{"not_picked":["Self Repair","Beam Cell"],"picked":"Cold Snap","floor":4},{"not_picked":["Compile Driver","Melter"],"picked":"Cold Snap","floor":7},{"not_picked":["Thunder Strike","Compile Driver"],"picked":"Hologram","floor":8},{"not_picked":["Leap","Sunder"],"picked":"Steam Power","floor":11},{"not_picked":["Steam Power","Stack"],"picked":"Coolheaded","floor":13},{"not_picked":["Chaos","Hologram","Force Field"],"picked":"SKIP","floor":14}],"player_experience":916883,"relics_obtained":[{"floor":7,"key":"Centennial Puzzle"},{"floor":9,"key":"Vajra"},{"floor":14,"key":"White Beast Statue"}],"event_choices":[{"damage_healed":0,"gold_gain":0,"player_choice":"Upgraded","damage_taken":0,"max_hp_gain":0,"max_hp_loss":0,"event_name":"Upgrade Shrine","floor":3,"gold_loss":0,"cards_upgraded":["Dualcast"]},{"damage_healed":0,"gold_gain":275,"player_choice":"Desecrate","damage_taken":0,"max_hp_gain":0,"max_hp_loss":0,"event_name":"Golden Shrine","floor":12,"gold_loss":0,"cards_obtained":["Regret"]}],"is_beta":false,"boss_relics":[],"items_purged_floors":[5],"is_endless":false,"potions_floor_spawned":[4,7,11,14],"killed_by":"Hexaghost","ascension_level":0}}