{"host":"nj1qudaxjqalpce5","time":1609909277,"event":{"mods":["2.2 Compatiblity","Arknights The Spire","Ascension Reborn","BaseMod","CapriCore","Card Forge","Evolution","Grow up Mod","GungeonMod","Hermit","KOR Keyword Fix","Koishi","Lobotomy","Minty Spire (QoL Compilation)","Prisma Mod","Replay The Spire","StSLib","Td1madao Mod","The Bug Knight","The Cursed","The Dragon Tamer","The Gatherer","The Hierophant","The Immortal","The Jungle","The Poker Player","The Runesmith","Uncapped","WarShipGirlsR/??á´Ò³R mod"],"gold_per_floor":[112,131,131,131,150,188,188,211,211,234,234,258,295,19,19,138,138,158,181,241,301,361,361,89,167,196,212,212,228,265,325,325,445,445,457,138,150,6,29,67,83,143,199,0,60,132,132,145,145,145],"floor_reached":51,"playtime":2256,"items_purged":[],"score":909,"play_id":"23d70939-3745-4432-ad1e-eed78c4fe33b","local_time":"20210106140117","is_ascension_mode":true,"campfire_choices":[{"floor":7,"key":"REST"},{"floor":15,"key":"REST"},{"floor":23,"key":"DIG"},{"floor":32,"key":"DIG"},{"floor":47,"key":"DIG"},{"floor":49,"key":"DIG"}],"circlet_count":0,"master_deck":["Brutality+1","Rage+1","Heavy Blade+1","Flex+1","Inflame+1","Sword Boomerang+1","Reaper+1","Bloodletting+1","Life Link+1","Whirlwind+1","Demon Form+1","Spot Weakness+1","Combust+1","Double Tap+1","Twin Strike+1","Pommel Strike+1","Limit Break+1","Seeing Red+1","J.A.X.+1","Limit Break+1"],"relics":["Burning Blood","Hammer of Thor","Seething Fire","Anvil of the Gods","EVO:Axolotl","Onion Ring","Vajra","Pear","SsserpentHead","PreservedInsect","Runesmith:Nanobots","DemoMod:GnawedKey","Another Sword","Sozu","DemoMod:GlassGuonStoneRelic","Shovel","theJungle:SneckoAutograph","DemoMod:MeltedRock","Happy Flower","Sling","Bag of Preparation","Potion Belt","Ancient Tea Set","Question Card","Nunchaku","Molten Egg 2","Ginger","SlaversCollar","ReplayTheSpireMod:Spearhead","Membership Card","Kunai","Pocketwatch","TheAbacus","Garlic","Strawberry","Self Forming Clay","DemoMod:WhiteGuonStone","Red Mask","ReplayTheSpireMod:TigerMarble","War Paint"],"acts_visited":["Exordium","Exordium","TheBeyond"],"potions_floor_usage":[13,16,16,19],"damage_taken":[{"damage":0,"enemies":"Small Slimes","floor":1,"turns":1},{"damage":6,"enemies":"Cultist","floor":2,"turns":1},{"damage":4,"enemies":"2 Louse","floor":5,"turns":1},{"damage":8,"enemies":"HollowMod:MossKnight","floor":6,"turns":3},{"damage":0,"enemies":"Red Slaver","floor":8,"turns":1},{"damage":3,"enemies":"Blue Slaver","floor":10,"turns":1},{"damage":0,"enemies":"Large Slime","floor":12,"turns":1},{"damage":0,"enemies":"3 Sentries","floor":13,"turns":1},{"damage":8,"enemies":"Fading Forest","floor":16,"turns":4},{"damage":1,"enemies":"theJungle:MUSHROOMGANG","floor":18,"turns":2},{"damage":6,"enemies":"theJungle:Flameango_and_Byrd","floor":19,"turns":2},{"damage":3,"enemies":"theJungle:SlimyTreeVines","floor":25,"turns":1},{"damage":0,"enemies":"theJungle:Snecko_Cultist_And_Trap","floor":27,"turns":1},{"damage":0,"enemies":"Snake Plant","floor":29,"turns":1},{"damage":0,"enemies":"theJungle:MamaSnecko","floor":30,"turns":1},{"damage":3,"enemies":"theJungle:TotemBoss","floor":33,"turns":1},{"damage":0,"enemies":"3 Shapes","floor":35,"turns":1},{"damage":0,"enemies":"Orb Walker","floor":37,"turns":1},{"damage":3,"enemies":"Jaw Worm Horde","floor":39,"turns":1},{"damage":3,"enemies":"Nemesis","floor":40,"turns":1},{"damage":6,"enemies":"4 Shapes","floor":41,"turns":1},{"damage":10,"enemies":"Sphere and 2 Shapes","floor":46,"turns":2},{"damage":3,"enemies":"Writhing Mass","floor":48,"turns":1},{"damage":7,"enemies":"Replay:Hell Engine","floor":50,"turns":3}],"seed_played":"8536680391189413522","potions_obtained":[{"floor":1,"key":"Elixir"},{"floor":1,"key":"SteroidPotion"},{"floor":2,"key":"Toxic Potion"},{"floor":5,"key":"Languid Potion"},{"floor":10,"key":"Energy Potion"},{"floor":13,"key":"Languid Potion"},{"floor":16,"key":"Languid Potion"}],"is_trial":false,"path_per_floor":["M","M","?","?","M","E","R","M","T","M","?","M","E","$","R","B",null,"M","M","?","?","?","R","$","M","T","M","$","M","E","?","R","B",null,"M","$","M","$","M","E","M","?","T","?","?","M","R","M","R","B",null],"character_chosen":"IRONCLAD","items_purchased":["Runesmith:Nanobots","DemoMod:GnawedKey","Happy Flower","Sling","Bag of Preparation","Membership Card","Kunai","Pocketwatch","TheAbacus","Garlic"],"campfire_rested":2,"item_purchase_floors":[14,14,24,24,24,36,36,36,38,38],"current_hp_per_floor":[105,115,125,135,145,155,165,175,195,205,215,225,235,245,255,270,280,290,300,280,290,300,310,320,360,370,380,390,400,410,420,430,445,455,465,475,485,495,505,522,532,542,552,562,572,580,590,602,612,627],"gold":145,"neow_bonus":"THREE_RARE_CARDS","is_daily":false,"chose_seed":false,"campfire_upgraded":0,"win_rate":0.0,"timestamp":1609909277,"path_taken":["M","M","?","?","M","E","R","M","T","?","?","M","E","$","R","BOSS","M","M","?","?","?","R","?","?","T","M","$","M","E","?","R","BOSS","M","$","M","$","M","E","M","?","T","?","?","?","R","M","R","BOSS"],"items_purchased_type":["Relic","Relic","Relic","Relic","Relic","Relic","Relic","Relic","Relic","Relic"],"build_version":"2020-12-22","purchased_purges":0,"victory":true,"max_hp_per_floor":[105,115,125,135,145,155,165,175,195,205,215,225,235,245,255,270,280,290,300,310,320,330,340,350,360,370,380,390,400,410,420,430,445,455,465,475,485,495,505,522,532,542,552,562,572,582,592,602,612,627],"card_choices":[{"not_picked":["Double Tap","Hemogenesis"],"picked":"Brutality","floor":0},{"not_picked":["Iron Wave","Sword Boomerang","Sever Soul"],"picked":"SKIP","floor":1},{"not_picked":["Perfected Strike","Headbutt","Power Through"],"picked":"SKIP","floor":2},{"not_picked":["Intimidate","Hemokinesis","Clash"],"picked":"SKIP","floor":5},{"not_picked":["Flex+1","Blood for Blood","Cleave"],"picked":"SKIP","floor":6},{"not_picked":["Dropkick","Demon Form","Pommel Strike"],"picked":"SKIP","floor":6},{"not_picked":["Iron Wave+1","Body Slam","Replay:Undeath\u0027s Touch"],"picked":"SKIP","floor":8},{"not_picked":["Run Through+1","Twin Strike+1","Perfected Strike"],"picked":"SKIP","floor":10},{"not_picked":["ReplayTheSpireMod:Stacked","Twin Strike","Body Slam"],"picked":"SKIP","floor":12},{"not_picked":["Clothesline","Shrug It Off","Body Slam"],"picked":"SKIP","floor":13},{"not_picked":["Thunderclap","Heavy Blade+1","Anger"],"picked":"SKIP","floor":13},{"not_picked":["Thunderclap+1","Cleave","Sword Boomerang"],"picked":"SKIP","floor":18},{"not_picked":["Pommel Strike","Flex","Twin Strike"],"picked":"SKIP","floor":19},{"not_picked":["Heavy Blade+1","Reckless Charge","Perfected Strike"],"picked":"SKIP","floor":25},{"not_picked":["Burning Pact","Flex+1","Perfected Strike"],"picked":"SKIP","floor":27},{"not_picked":["Headbutt","Disarm","Sword Boomerang","Perfected Strike"],"picked":"SKIP","floor":29},{"not_picked":["Clash","Replay:Undeath\u0027s Touch+1","Shrug It Off","Run Through"],"picked":"SKIP","floor":30},{"not_picked":["Sword Boomerang+1","True Grit+1","Metallicize+1","Defy Death+1"],"picked":"SKIP","floor":35},{"not_picked":["Sever Soul+1","Armaments+1","Perfected Strike+1","Ghostly Armor+1"],"picked":"SKIP","floor":37},{"not_picked":["Hemokinesis+1","ReplayReversal+1","ReplayTheSpireMod:Corrosion Curse+1","Replay:Undeath\u0027s Touch+1"],"picked":"SKIP","floor":39},{"not_picked":["Fiend Fire+1","Disarm","Perfected Strike+1","Sever Soul+1"],"picked":"SKIP","floor":40},{"not_picked":["Clothesline+1","Thunderclap+1","Flex+1","Reckless Charge+1"],"picked":"SKIP","floor":41},{"not_picked":["Massacre+1","ReplayTheSpireMod:Stacked","True Grit+1","Body Slam+1"],"picked":"SKIP","floor":46},{"not_picked":["Anger+1","Spot Weakness+1","Sword Boomerang+1","Massacre+1"],"picked":"SKIP","floor":48}],"player_experience":22378,"relics_obtained":[{"floor":6,"key":"Onion Ring"},{"floor":9,"key":"Vajra"},{"floor":9,"key":"Pear"},{"floor":13,"key":"PreservedInsect"},{"floor":16,"key":"Another Sword"},{"floor":23,"key":"DemoMod:MeltedRock"},{"floor":26,"key":"Potion Belt"},{"floor":26,"key":"Ancient Tea Set"},{"floor":30,"key":"Nunchaku"},{"floor":32,"key":"Molten Egg 2"},{"floor":33,"key":"Ginger"},{"floor":35,"key":"ReplayTheSpireMod:Spearhead"},{"floor":40,"key":"Strawberry"},{"floor":43,"key":"Self Forming Clay"},{"floor":43,"key":"DemoMod:WhiteGuonStone"},{"floor":47,"key":"ReplayTheSpireMod:TigerMarble"},{"floor":49,"key":"War Paint"}],"event_choices":[{"damage_healed":0,"gold_gain":0,"player_choice":"Ignored","damage_taken":0,"max_hp_gain":0,"max_hp_loss":0,"event_name":"PokerPlayerMod:ExordiumClub","floor":3,"gold_loss":0},{"damage_healed":0,"gold_gain":0,"player_choice":"Ignored","damage_taken":0,"max_hp_gain":0,"max_hp_loss":0,"event_name":"Transmorgrifier","floor":4,"gold_loss":0},{"damage_healed":0,"gold_gain":0,"player_choice":"Trade","damage_taken":0,"relics_obtained":["SsserpentHead"],"max_hp_gain":0,"max_hp_loss":0,"event_name":"FaceTrader","floor":11,"gold_loss":0},{"damage_healed":133,"gold_gain":0,"player_choice":"Writhe","damage_taken":0,"max_hp_gain":0,"max_hp_loss":0,"event_name":"Winding Halls","floor":42,"gold_loss":0,"cards_obtained":["Writhe"]},{"damage_healed":0,"gold_gain":0,"player_choice":"Paid","damage_taken":0,"relics_obtained":["Red Mask"],"max_hp_gain":0,"max_hp_loss":0,"event_name":"Tomb of Lord Red Mask","floor":44,"gold_loss":259},{"damage_healed":0,"gold_gain":0,"player_choice":"Ignored","damage_taken":0,"max_hp_gain":0,"max_hp_loss":0,"event_name":"Purifier","floor":45,"gold_loss":0}],"is_beta":false,"boss_relics":[{"not_picked":["Honey Jar","Empty Cage"],"picked":"Sozu"},{"not_picked":["Coffee Dripper","Black Blood"],"picked":"SlaversCollar"}],"items_purged_floors":[],"is_endless":false,"potions_floor_spawned":[1,2,8,25,27,35,48],"ascension_level":0}}