{"host":"1c52r9kaxdyo25eq","time":1609975068,"event":{"mods":["AchievementEnabler","BaseMod","Minty Spire (QoL Compilation)","Rare Cards Sparkle","SuperFastMode","everything is the same but u backflip on backflip"],"gold_per_floor":[13,33,49,49,62,62,62,94,117,128,144,144,144,28,28,129,129,145,33,59,76,76,76,256,256,256,256,271,27,27,27,27,122,122,141,161,173,191,203,203,228,245,245,262,262,262,60,86,86,86,86,86,86,118,118],"floor_reached":56,"playtime":1926,"items_purged":["Strike_R","Defend_R","Defend_R"],"score":1748,"play_id":"da341542-860d-4f57-9466-85b65e59d9a4","local_time":"20210107081748","is_ascension_mode":true,"campfire_choices":[{"data":"Bash","floor":6.0,"key":"SMITH"},{"data":"Shrug It Off","floor":13.0,"key":"SMITH"},{"data":"Evolve","floor":15.0,"key":"SMITH"},{"data":"Feed","floor":23.0,"key":"SMITH"},{"floor":25.0,"key":"REST"},{"data":"Entrench","floor":27,"key":"SMITH"},{"data":"Battle Trance","floor":30,"key":"SMITH"},{"floor":32,"key":"RECALL"},{"data":"Barricade","floor":40,"key":"SMITH"},{"floor":45,"key":"REST"},{"data":"Dark Embrace","floor":49,"key":"SMITH"},{"data":"Feel No Pain","floor":52,"key":"SMITH"}],"circlet_count":0,"master_deck":["AscendersBane","Bash+1","Body Slam+1","Shrug It Off+1","Evolve+1","Power Through","Feed+1","Immolate+1","Second Wind+1","Feel No Pain+1","Entrench+1","Barricade+1","Dark Embrace+1","Power Through"],"relics":["Burning Blood","Oddly Smooth Stone","Happy Flower","GremlinMask","Astrolabe","Red Mask","Pen Nib","Philosopher\u0027s Stone","Smiling Mask","CaptainsWheel","DollysMirror","Champion Belt","Akabeko"],"acts_visited":["Exordium","TheCity","TheBeyond","TheEnding"],"potions_floor_usage":[38,54,55,55,55],"damage_taken":[{"damage":1.0,"enemies":"Small Slimes","floor":1.0,"turns":4.0},{"damage":11.0,"enemies":"Cultist","floor":2.0,"turns":4.0},{"damage":7.0,"enemies":"Jaw Worm","floor":3.0,"turns":3.0},{"damage":24.0,"enemies":"Blue Slaver","floor":5.0,"turns":4.0},{"damage":30.0,"enemies":"3 Sentries","floor":8.0,"turns":9.0},{"damage":0.0,"enemies":"3 Louse","floor":10.0,"turns":4.0},{"damage":0.0,"enemies":"Lots of Slimes","floor":11.0,"turns":1.0},{"damage":36.0,"enemies":"Slime Boss","floor":16.0,"turns":12.0},{"damage":18.0,"enemies":"3 Byrds","floor":18.0,"turns":2.0},{"damage":41.0,"enemies":"Masked Bandits","floor":20.0,"turns":4.0},{"damage":0.0,"enemies":"Spheric Guardian","floor":21.0,"turns":3.0},{"damage":3,"enemies":"Snake Plant","floor":28,"turns":5},{"damage":32,"enemies":"Automaton","floor":33,"turns":10},{"damage":15,"enemies":"Orb Walker","floor":35,"turns":5},{"damage":0,"enemies":"3 Shapes","floor":36,"turns":4},{"damage":45,"enemies":"Transient","floor":37,"turns":5},{"damage":6,"enemies":"4 Shapes","floor":38,"turns":4},{"damage":14,"enemies":"Spire Growth","floor":39,"turns":9},{"damage":34,"enemies":"Reptomancer","floor":41,"turns":6},{"damage":0,"enemies":"Sphere and 2 Shapes","floor":42,"turns":3},{"damage":13,"enemies":"3 Darklings","floor":44,"turns":5},{"damage":0,"enemies":"Nemesis","floor":48,"turns":15},{"damage":46,"enemies":"Awakened One","floor":50,"turns":9},{"damage":33,"enemies":"Shield and Spear","floor":54,"turns":8},{"damage":23,"enemies":"The Heart","floor":55,"turns":7}],"seed_played":"-6594424117910540079","potions_obtained":[{"floor":1.0,"key":"DistilledChaos"},{"floor":3.0,"key":"AttackPotion"},{"floor":5.0,"key":"SteroidPotion"},{"floor":16.0,"key":"Explosive Potion"},{"floor":20.0,"key":"Block Potion"},{"floor":21.0,"key":"SkillPotion"},{"floor":28,"key":"Block Potion"},{"floor":35,"key":"Weak Potion"},{"floor":39,"key":"ColorlessPotion"},{"floor":54,"key":"Strength Potion"}],"is_trial":false,"path_per_floor":["M","M","M","?","M","R","$","E","T","M","M","?","R","$","R","B",null,"M","$","?","M","?","R","?","R","T","R","M","$","R","?","R","B",null,"M","M","M","M","M","R","E","M","T","M","R","?","$","E","R","B",null,"R","$","E","B",null],"character_chosen":"IRONCLAD","items_purchased":["Evolve","Power Through","Feel No Pain","Pen Nib","DollysMirror"],"campfire_rested":2,"item_purchase_floors":[14,14,19,29,47],"current_hp_per_floor":[77,72,71,71,53,53,53,29,29,35,41,41,41,41,41,11,63,51,51,19,28,28,28,9,34,34,34,41,41,41,100,100,78,98,93,103,64,68,64,64,40,50,50,47,86,86,86,96,96,56,116,116,116,89,76],"gold":118,"neow_bonus":"REMOVE_TWO","is_daily":false,"chose_seed":false,"campfire_upgraded":9,"win_rate":0.0,"timestamp":1609975068,"path_taken":["M","M","M","?","?","R","$","E","T","M","M","?","R","?","R","BOSS","M","$","?","M","?","R","?","R","T","R","?","$","R","?","R","BOSS","M","M","?","M","M","R","E","M","T","M","R","?","$","E","R","BOSS","R","$","E","BOSS"],"items_purchased_type":["Card","Card","Card","Relic","Relic"],"build_version":"2020-12-22","purchased_purges":3,"victory":true,"max_hp_per_floor":[80,80,80,80,80,80,80,80,80,80,80,80,80,80,80,80,80,80,80,83,86,86,86,86,86,86,86,90,90,90,100,100,104,104,108,112,112,116,120,120,124,128,128,132,132,132,132,136,136,136,136,136,136,136,140],"card_choices":[{"not_picked":["Bloodletting","Cleave"],"picked":"Body Slam","floor":1.0},{"not_picked":["Combust","Warcry","Flex"],"picked":"SKIP","floor":2.0},{"not_picked":["Clothesline","Warcry"],"picked":"Battle Trance","floor":3.0},{"not_picked":["Warcry","Perfected Strike","Clash"],"picked":"SKIP","floor":5.0},{"not_picked":["Twin Strike","Blood for Blood"],"picked":"Shrug It Off","floor":8.0},{"not_picked":["Pommel Strike","True Grit","Twin Strike"],"picked":"SKIP","floor":10.0},{"not_picked":["Wild Strike","Reckless Charge","Sever Soul"],"picked":"SKIP","floor":11.0},{"not_picked":["Wild Strike","Reckless Charge","Sever Soul"],"picked":"SKIP","floor":11.0},{"not_picked":["Exhume","Bludgeon"],"picked":"Feed","floor":16.0},{"not_picked":["Warcry","Combust","Anger+1"],"picked":"SKIP","floor":18.0},{"not_picked":["Havoc+1","Spot Weakness+1"],"picked":"Entrench","floor":20.0},{"not_picked":["Flex","Dual Wield","Intimidate"],"picked":"SKIP","floor":21.0},{"not_picked":["Searing Blow","Flame Barrier","Shockwave"],"picked":"SKIP","floor":28},{"not_picked":["Limit Break","Feed"],"picked":"Barricade","floor":33},{"not_picked":["Havoc+1","Iron Wave","Inflame+1"],"picked":"SKIP","floor":35},{"not_picked":["Power Through+1","Searing Blow","Heavy Blade+1"],"picked":"SKIP","floor":36},{"not_picked":["Whirlwind+1","Rupture+1","Clash+1"],"picked":"SKIP","floor":37},{"not_picked":["Heavy Blade+1","Inflame"],"picked":"Dark Embrace","floor":38},{"not_picked":["Rupture","Pommel Strike+1","Heavy Blade+1"],"picked":"SKIP","floor":39},{"not_picked":["Dark Embrace","Twin Strike","Iron Wave+1"],"picked":"SKIP","floor":41},{"not_picked":["Shrug It Off","Demon Form","Rage"],"picked":"SKIP","floor":42},{"not_picked":["Dark Embrace+1","Wild Strike+1","Clothesline+1"],"picked":"SKIP","floor":44},{"not_picked":["Feel No Pain","Flex+1","Juggernaut"],"picked":"SKIP","floor":48},{"not_picked":["Headbutt+1","Twin Strike","Warcry"],"picked":"SKIP","floor":54}],"player_experience":550905,"relics_obtained":[{"floor":8.0,"key":"Oddly Smooth Stone"},{"floor":9.0,"key":"Happy Flower"},{"floor":20.0,"key":"Red Mask"},{"floor":41,"key":"Smiling Mask"},{"floor":43,"key":"CaptainsWheel"},{"floor":48,"key":"Champion Belt"},{"floor":54,"key":"Akabeko"}],"event_choices":[{"damage_healed":0.0,"max_hp_gain":0.0,"max_hp_loss":0.0,"gold_gain":0.0,"event_name":"Accursed Blacksmith","player_choice":"Forge","floor":4.0,"gold_loss":0.0,"damage_taken":0.0,"cards_upgraded":["Body Slam"]},{"damage_healed":0.0,"max_hp_gain":0.0,"max_hp_loss":0.0,"gold_gain":0.0,"event_name":"FaceTrader","player_choice":"Trade","floor":12.0,"gold_loss":0.0,"damage_taken":0.0,"relics_obtained":["GremlinMask"]},{"damage_healed":0.0,"max_hp_gain":0.0,"max_hp_loss":0.0,"gold_gain":0.0,"event_name":"Masked Bandits","player_choice":"Fought Bandits","floor":20.0,"gold_loss":0.0,"damage_taken":0.0},{"cards_removed":["Strike_R"],"damage_healed":0.0,"max_hp_gain":0.0,"max_hp_loss":0.0,"gold_gain":0.0,"event_name":"Back to Basics","player_choice":"Elegance","floor":22.0,"gold_loss":0.0,"damage_taken":0.0},{"damage_healed":0.0,"max_hp_gain":0.0,"max_hp_loss":0.0,"gold_gain":180.0,"event_name":"Knowing Skull","player_choice":"GOLD GOLD ","floor":24.0,"potions_obtained":[],"gold_loss":0.0,"damage_taken":19.0,"cards_obtained":[]},{"cards_removed":["Immolate"],"damage_healed":49,"gold_gain":0,"player_choice":"Offered Rare","damage_taken":0,"max_hp_gain":10,"max_hp_loss":0,"event_name":"Bonfire Elementals","floor":31,"gold_loss":0},{"cards_removed":["Battle Trance"],"damage_healed":0,"gold_gain":0,"player_choice":"Removed Skill","damage_taken":0,"max_hp_gain":0,"max_hp_loss":0,"event_name":"Falling","floor":46,"gold_loss":0}],"is_beta":false,"boss_relics":[{"not_picked":["Runic Pyramid","Calling Bell"],"picked":"Astrolabe"},{"not_picked":["Fusion Hammer","Black Star"],"picked":"Philosopher\u0027s Stone"}],"items_purged_floors":[19,29,47],"is_endless":false,"potions_floor_spawned":[1,3,5,16,20,21,28,35,39,42,54],"ascension_level":10}}