{"host":"o2955cdxcjqh1w0j","time":1609897184,"event":{"mods":["AchievementEnabler","Aspiration","BaseMod","Challenge The Spire","Colored Map","Colored Powertips","Energized Spire","Halation","Highlight Path","Infinite Spire","Minty Spire (QoL Compilation)","Replay The Spire","StSLib"],"gold_per_floor":[114,289,306,306,306,340,340,368,368,378,413,413,219,219,219,219,219],"floor_reached":16,"playtime":649,"items_purged":["Doubt"],"score":148,"play_id":"449d7702-ae7b-4f6d-9b98-0884c31b10c9","local_time":"20210105233944","is_ascension_mode":true,"campfire_choices":[{"data":"Armaments","floor":7,"key":"SMITH"},{"floor":12,"key":"REST"},{"floor":15,"key":"DIG"}],"circlet_count":0,"master_deck":["Strike_R","Strike_R","Strike_R","Strike_R","Strike_R","Defend_R","Defend_R","Defend_R","Defend_R","Bash","Armaments+1","Impervious+1","Iron Wave"],"relics":["Burning Blood","NeowsBlessing","halation:PinkSoulGem","Smiling Mask","Pet Ghost","Potion Belt","halation:QuantumPhysicsTextbook","Orrery","halation:PromiseList"],"acts_visited":["Exordium"],"potions_floor_usage":[10,11],"damage_taken":[{"damage":0,"enemies":"Small Slimes","floor":1,"turns":1},{"damage":0,"enemies":"2 Louse","floor":3,"turns":1},{"damage":0,"enemies":"Gremlin Nob","floor":6,"turns":1},{"damage":49,"enemies":"3 Sentries","floor":8,"turns":14},{"damage":2,"enemies":"Jaw Worm","floor":10,"turns":4},{"damage":36,"enemies":"Lagavulin","floor":11,"turns":7},{"damage":45,"enemies":"The Guardian","floor":16,"turns":11}],"seed_played":"-1716558579922735235","potions_obtained":[{"floor":3,"key":"LiquidBronze"},{"floor":8,"key":"Fire Potion"},{"floor":10,"key":"Fruit Juice"},{"floor":11,"key":"DuplicationPotion"}],"is_trial":false,"path_per_floor":["M","?","M","?","?","E","R","E","T","M","E","R","$","?","R_BF","B"],"character_chosen":"IRONCLAD","items_purchased":["Orrery"],"campfire_rested":1,"item_purchase_floors":[13],"current_hp_per_floor":[80,80,80,80,80,80,80,37,37,46,16,41,41,41,41,0,0],"gold":219,"neow_bonus":"THREE_ENEMY_KILL","is_daily":false,"chose_seed":false,"campfire_upgraded":1,"win_rate":0.0,"timestamp":1609897184,"path_taken":["M","?","M","?","?","E","R","E","T","?","E","R","$","?","R_BF","BOSS"],"items_purchased_type":["Relic"],"build_version":"2020-12-22","purchased_purges":1,"victory":false,"max_hp_per_floor":[80,80,80,80,80,80,80,80,80,85,85,85,85,85,85,85,85],"card_choices":[{"not_picked":["Rage","Reckless Charge","Carnage"],"picked":"SKIP","floor":1},{"not_picked":["Thunderclap","Rage","Inflame"],"picked":"SKIP","floor":3},{"not_picked":["Warcry","Replay:Undeath\u0027s Touch"],"picked":"Armaments","floor":6},{"not_picked":["Ghostly Armor","Flex","Feed"],"picked":"SKIP","floor":8},{"not_picked":["True Grit","Warcry","ReplayReversal"],"picked":"SKIP","floor":10},{"not_picked":["True Grit","Warcry","ReplayReversal"],"picked":"SKIP","floor":10},{"not_picked":["Headbutt","Immolate"],"picked":"Impervious","floor":11},{"not_picked":["Clash","Headbutt"],"picked":"Iron Wave","floor":13}],"player_experience":226857,"relics_obtained":[{"floor":6,"key":"Smiling Mask"},{"floor":8,"key":"Pet Ghost"},{"floor":9,"key":"Potion Belt"},{"floor":11,"key":"halation:QuantumPhysicsTextbook"},{"floor":15,"key":"halation:PromiseList"}],"event_choices":[{"damage_healed":0,"gold_gain":175,"player_choice":"AGREE","damage_taken":0,"max_hp_gain":0,"max_hp_loss":0,"event_name":"Liars Game","floor":2,"gold_loss":0,"cards_obtained":["Doubt"]},{"damage_healed":0,"gold_gain":0,"player_choice":"Grow","damage_taken":0,"max_hp_gain":0,"max_hp_loss":0,"event_name":"Living Wall","floor":14,"gold_loss":0,"cards_upgraded":["Impervious"]}],"is_beta":false,"boss_relics":[],"items_purged_floors":[13],"is_endless":false,"potions_floor_spawned":[3,8,10,11],"killed_by":"The Guardian","ascension_level":1}}