{"host":"51mqhfpmwwd4kxyt","time":1609911758,"event":{"mods":["BaseMod","Downfall","Googly Eyes","Highlight Path","Minty Spire (QoL Compilation)","READ ME - Guardian Mod","StSLib","The Cursed","The Servant 0.9.4"],"gold_per_floor":[111,128,140,140,240,240,254,312,312,312,324,57,68,100,100,204,204,224,224,239,164,177,211,211,43,43,56,67,67,67,78,78,177,177,195,12,12,57,77,111,135,153,205,205,215,245,272,302,302,302],"floor_reached":51,"playtime":3120,"items_purged":["Regret","Strike_R"],"score":1030,"play_id":"a8145c2e-4967-43ad-ae58-1c21a3309cb3","local_time":"20210106004238","is_ascension_mode":true,"campfire_choices":[{"data":"Power Through","floor":6,"key":"SMITH"},{"floor":10,"key":"REST"},{"data":"Armaments","floor":15,"key":"SMITH"},{"data":"Barricade","floor":24,"key":"SMITH"},{"floor":30,"key":"REST"},{"floor":32,"key":"REST"},{"floor":44,"key":"REST"},{"floor":49,"key":"REST"}],"circlet_count":0,"master_deck":["Strike_R","Strike_R","Strike_R","Defend_R","Defend_R","Defend_R","Defend_R","Bash","Power Through+1","Body Slam","Body Slam","Burning Pact","Sentinel","Impervious","Body Slam","Armaments+1","Feed","Second Wind","Armaments","Barricade+1","Evolve","Juggernaut","Impervious","Entrench+1","Feel No Pain","Infernal Blade+1","Sentinel+1","Armaments+1","Offering","Shrug It Off+1","Body Slam+1"],"relics":["Black Blood","Mercury Hourglass","Pantograph","Darkstone Periapt","Tiny Chest","Nilry\u0027s Codex","Red Skull","WingedGreaves","Bottled Lightning","Velvet Choker","Bag of Preparation","Dead Branch","Mango","Happy Flower","Nunchaku","Shuriken","Paper Frog","Bag of Marbles"],"acts_visited":["Exordium","TheCity","TheBeyond"],"potions_floor_usage":[2,16,16,18,22,28,33,38,46,46,48,50],"damage_taken":[{"damage":6,"enemies":"Cultist","floor":1,"turns":4},{"damage":15,"enemies":"Small Slimes","floor":2,"turns":5},{"damage":2,"enemies":"Jaw Worm","floor":3,"turns":4},{"damage":16,"enemies":"Exordium Thugs","floor":7,"turns":5},{"damage":40,"enemies":"Lagavulin Event","floor":8,"turns":8},{"damage":0,"enemies":"2 Fungi Beasts","floor":11,"turns":2},{"damage":0,"enemies":"Exordium Wildlife","floor":13,"turns":2},{"damage":5,"enemies":"3 Sentries","floor":14,"turns":8},{"damage":80,"enemies":"Hexaghost","floor":16,"turns":16},{"damage":15,"enemies":"3 Byrds","floor":18,"turns":5},{"damage":5,"enemies":"Spheric Guardian","floor":20,"turns":5},{"damage":2,"enemies":"Snecko","floor":22,"turns":4},{"damage":41,"enemies":"Book of Stabbing","floor":23,"turns":6},{"damage":8,"enemies":"Snake Plant","floor":27,"turns":6},{"damage":59,"enemies":"Sentry and Sphere","floor":28,"turns":11},{"damage":21,"enemies":"Shelled Parasite and Fungi","floor":31,"turns":5},{"damage":70,"enemies":"Champ","floor":33,"turns":14},{"damage":31,"enemies":"Orb Walker","floor":35,"turns":5},{"damage":40,"enemies":"2 Orb Walkers","floor":38,"turns":6},{"damage":0,"enemies":"3 Shapes","floor":39,"turns":6},{"damage":49,"enemies":"Nemesis","floor":40,"turns":7},{"damage":0,"enemies":"Jaw Worm Horde","floor":42,"turns":4},{"damage":2,"enemies":"Sphere and 2 Shapes","floor":45,"turns":5},{"damage":9,"enemies":"Reptomancer","floor":46,"turns":5},{"damage":22,"enemies":"Nemesis","floor":47,"turns":7},{"damage":69,"enemies":"Reptomancer","floor":48,"turns":7},{"damage":26,"enemies":"Donu and Deca","floor":50,"turns":6}],"seed_played":"-5413525037385866777","potions_obtained":[{"floor":2,"key":"Fruit Juice"},{"floor":8,"key":"Dexterity Potion"},{"floor":13,"key":"Weak Potion"},{"floor":14,"key":"Guardian:BlockOnCardUsePotion"},{"floor":16,"key":"AttackPotion"},{"floor":18,"key":"GamblersBrew"},{"floor":20,"key":"DistilledChaos"},{"floor":31,"key":"PowerPotion"},{"floor":33,"key":"Block Potion"},{"floor":40,"key":"SteroidPotion"},{"floor":42,"key":"Block Potion"},{"floor":45,"key":"SkillPotion"},{"floor":46,"key":"Fruit Juice"}],"is_trial":false,"path_per_floor":["M","M","M","?","?","R","M","?","T","R","M","$","M","E","R","B",null,"M","?","M","?","M","E","R","$","T","M","M","T","R","M","R","B",null,"M","$","$","?","M","E","T","M","T","R","M","E","E","E","R","B",null],"character_chosen":"IRONCLAD","items_purchased":["Impervious","Body Slam","Evolve","Feel No Pain","Bag of Preparation"],"campfire_rested":5,"item_purchase_floors":[12,12,25,36,36],"current_hp_per_floor":[80,76,80,80,80,80,70,36,36,61,67,67,73,74,74,11,85,82,66,76,76,86,57,57,57,57,61,17,17,44,39,67,34,95,76,76,76,48,60,37,37,52,52,85,95,103,93,36,71,82],"gold":302,"neow_bonus":"THREE_CARDS","is_daily":false,"chose_seed":false,"campfire_upgraded":3,"win_rate":0.0,"timestamp":1609911758,"path_taken":["M","?","M","?","?","R","?","?","T","R","M","?","?","E","R","BOSS","M","?","M","?","M","E","R","$","T","?","M","?","R","?","R","BOSS","M","?","$","?","M","E","?","M","T","R","?","E","E","E","R","BOSS"],"items_purchased_type":["Card","Card","Card","Card","Relic"],"build_version":"2020-12-22","purchased_purges":2,"victory":true,"max_hp_per_floor":[80,85,85,85,85,85,85,85,85,85,85,85,85,85,85,85,85,85,85,88,88,88,88,88,88,88,88,91,91,91,95,95,95,95,95,95,95,95,95,109,109,112,112,112,112,117,117,117,117,117],"card_choices":[{"not_picked":["Clothesline","Pummel"],"picked":"Power Through","floor":0},{"not_picked":["Cleave","Flex"],"picked":"Body Slam","floor":1},{"not_picked":["Iron Wave","Headbutt"],"picked":"Body Slam","floor":2},{"not_picked":["Heavy Blade","Flex","Clash"],"picked":"SKIP","floor":3},{"not_picked":["Dropkick","Twin Strike"],"picked":"Burning Pact","floor":7},{"not_picked":["Headbutt","Armaments"],"picked":"Sentinel","floor":8},{"not_picked":["Cleave","Anger","Twin Strike"],"picked":"SKIP","floor":11},{"not_picked":["Spot Weakness","Sword Boomerang","Iron Wave"],"picked":"SKIP","floor":13},{"not_picked":["Demon Form","Reckless Charge"],"picked":"Armaments","floor":14},{"not_picked":["Corruption","Immolate"],"picked":"Feed","floor":16},{"not_picked":["Twin Strike","Power Through"],"picked":"Second Wind","floor":18},{"not_picked":["Sword Boomerang","Thunderclap","Rampage+1"],"picked":"SKIP","floor":20},{"not_picked":["Headbutt","Spot Weakness"],"picked":"Armaments","floor":22},{"not_picked":["Shrug It Off+1","Seeing Red+1"],"picked":"Barricade","floor":23},{"not_picked":["Inflame","Dual Wield","Clash"],"picked":"SKIP","floor":27},{"not_picked":["Armaments","Uppercut+1","Heavy Blade"],"picked":"SKIP","floor":28},{"not_picked":["Dropkick","Havoc"],"picked":"Juggernaut","floor":31},{"not_picked":["Offering","Corruption"],"picked":"Impervious","floor":33},{"not_picked":["Pommel Strike","Thunderclap+1"],"picked":"Entrench+1","floor":35},{"not_picked":["Anger+1","Rupture"],"picked":"Infernal Blade+1","floor":39},{"not_picked":["Pummel","Clash","Pommel Strike"],"picked":"SKIP","floor":40},{"not_picked":["Thunderclap","Inflame+1"],"picked":"Sentinel+1","floor":42},{"not_picked":["Anger+1","Havoc+1"],"picked":"Armaments+1","floor":45},{"not_picked":["Disarm+1","Shrug It Off"],"picked":"Offering","floor":46},{"not_picked":["Rage+1","Flex+1"],"picked":"Shrug It Off+1","floor":47},{"not_picked":["Havoc+1","Sword Boomerang"],"picked":"Body Slam+1","floor":48}],"player_experience":324188,"relics_obtained":[{"floor":9,"key":"Darkstone Periapt"},{"floor":14,"key":"Tiny Chest"},{"floor":19,"key":"Nilry\u0027s Codex"},{"floor":23,"key":"Red Skull"},{"floor":26,"key":"WingedGreaves"},{"floor":29,"key":"Bottled Lightning"},{"floor":38,"key":"Dead Branch"},{"floor":40,"key":"Mango"},{"floor":41,"key":"Happy Flower"},{"floor":43,"key":"Nunchaku"},{"floor":46,"key":"Shuriken"},{"floor":47,"key":"Paper Frog"},{"floor":48,"key":"Bag of Marbles"}],"event_choices":[{"damage_healed":0,"gold_gain":0,"player_choice":"Box","damage_taken":0,"relics_obtained":["Mercury Hourglass"],"max_hp_gain":0,"max_hp_loss":0,"event_name":"Big Fish","floor":4,"gold_loss":0,"cards_obtained":["Regret"]},{"damage_healed":0,"gold_gain":100,"player_choice":"Pray","damage_taken":0,"max_hp_gain":0,"max_hp_loss":0,"event_name":"Golden Shrine","floor":5,"gold_loss":0},{"damage_healed":0,"gold_gain":0,"player_choice":"Searched \u00272\u0027 times","damage_taken":0,"relics_obtained":["Pantograph"],"max_hp_gain":0,"max_hp_loss":0,"event_name":"Dead Adventurer","floor":8,"gold_loss":0},{"damage_healed":0,"gold_gain":0,"player_choice":"Obtained Book","damage_taken":16,"max_hp_gain":0,"max_hp_loss":0,"event_name":"Cursed Tome","floor":19,"gold_loss":0},{"cards_removed":["Strike_R"],"damage_healed":0,"gold_gain":0,"player_choice":"Gave Gold","damage_taken":0,"max_hp_gain":0,"max_hp_loss":0,"event_name":"Beggar","floor":21,"gold_loss":75},{"damage_healed":0,"gold_gain":0,"player_choice":"Fight","damage_taken":0,"max_hp_gain":0,"max_hp_loss":0,"event_name":"Mysterious Sphere","floor":38,"gold_loss":0}],"is_beta":false,"boss_relics":[{"not_picked":["Runic Dome","Astrolabe"],"picked":"Black Blood"},{"not_picked":["SacredBark","Pandora\u0027s Box"],"picked":"Velvet Choker"}],"items_purged_floors":[12,25],"is_endless":false,"potions_floor_spawned":[2,8,13,14,16,18,20,31,33,40,42,45,46],"ascension_level":3}}