{"host":"exhp4inpfmbngj23","time":1609973120,"event":{"mods":["Abigail Mod","BaseMod","Beaked The Cultist","Friendly Minions","Gremlin Mod","Kiyohime????","Minty Spire (QoL Compilation)","StSLib","The Alterego"],"gold_per_floor":[111,126,201,276,290,290,306,317,342,342,342],"floor_reached":10,"playtime":1014,"items_purged":[],"score":63,"play_id":"d59be871-d75f-49b1-b049-112385b51cc8","local_time":"20210106144520","is_ascension_mode":true,"campfire_choices":[{"floor":6,"key":"REST"}],"circlet_count":0,"master_deck":["alterego_mod:Strike","alterego_mod:Strike","alterego_mod:Strike","alterego_mod:Strike","alterego_mod:Defend","alterego_mod:Defend","alterego_mod:Defend","alterego_mod:Defend","alterego_mod:Impale","alterego_mod:BigMeatyClaws","alterego_mod:BrynhildrsRune","alterego_mod:GoddessCore","alterego_mod:Table","alterego_mod:MagicResistance","alterego_mod:Undulate","alterego_mod:BiFurious"],"relics":["alterego_mod:MasochisticConstitution","Orichalcum","Regal Pillow"],"acts_visited":["Exordium"],"potions_floor_usage":[5,8,10],"damage_taken":[{"damage":5,"enemies":"Jaw Worm","floor":1,"turns":6},{"damage":2,"enemies":"Small Slimes","floor":2,"turns":4},{"damage":11,"enemies":"Cultist","floor":5,"turns":5},{"damage":17,"enemies":"Lots of Slimes","floor":7,"turns":6},{"damage":13,"enemies":"Gremlin Gang","floor":8,"turns":9},{"damage":33,"enemies":"Lagavulin","floor":10,"turns":8}],"seed_played":"1070783706093215583","potions_obtained":[{"floor":2,"key":"FearPotion"},{"floor":7,"key":"SkillPotion"},{"floor":8,"key":"SkillPotion"}],"is_trial":false,"path_per_floor":["M","M","?","?","M","R","M","M","T","E"],"character_chosen":"The_Alterego","items_purchased":[],"campfire_rested":1,"item_purchase_floors":[],"current_hp_per_floor":[66,65,54,47,37,58,42,30,30,0,0],"gold":342,"neow_bonus":"RANDOM_COMMON_RELIC","is_daily":false,"chose_seed":false,"campfire_upgraded":0,"win_rate":0.0,"timestamp":1609973120,"path_taken":["M","M","?","?","?","R","M","?","T","E"],"items_purchased_type":[],"build_version":"2020-12-22","purchased_purges":0,"victory":false,"max_hp_per_floor":[71,72,72,72,73,73,74,75,75,75,75],"card_choices":[{"not_picked":["alterego_mod:Cycle","alterego_mod:Cooking"],"picked":"alterego_mod:GoddessCore","floor":1},{"not_picked":["alterego_mod:Bloomers","alterego_mod:PerceptionDisorder"],"picked":"alterego_mod:Table","floor":2},{"not_picked":["alterego_mod:Clap","alterego_mod:DustData"],"picked":"alterego_mod:MagicResistance","floor":5},{"not_picked":["alterego_mod:DustData","alterego_mod:Jiggle"],"picked":"alterego_mod:Undulate","floor":7},{"not_picked":["alterego_mod:GachaTicket","alterego_mod:PerceptionDisorder"],"picked":"alterego_mod:BiFurious","floor":8}],"player_experience":1900274,"relics_obtained":[{"floor":9,"key":"Regal Pillow"}],"event_choices":[{"damage_healed":0,"gold_gain":75,"player_choice":"Gather Gold","damage_taken":11,"max_hp_gain":0,"max_hp_loss":0,"event_name":"World of Goop","floor":3,"gold_loss":0},{"damage_healed":0,"gold_gain":75,"player_choice":"Touch","damage_taken":7,"max_hp_gain":0,"max_hp_loss":0,"event_name":"FaceTrader","floor":4,"gold_loss":0}],"is_beta":false,"boss_relics":[],"items_purged_floors":[],"is_endless":false,"potions_floor_spawned":[2,7,8],"killed_by":"Lagavulin","ascension_level":1}}