{"host":"6gnv7me3tk2udb7q","time":1609953484,"event":{"mods":["BaseMod","Bestiary","Colored Map","Minty Spire (QoL Compilation)"],"gold_per_floor":[118,130,144,160,160,160,190,207,287,322,342,354,354,366,366,461,461,478,18,97,112,312,312,328,328,355,355,388,421,421,456,456,456,456],"floor_reached":33,"playtime":1746,"items_purged":["Defend_B"],"score":431,"play_id":"a217d68f-c231-4d6d-adaa-f39641dacb68","local_time":"20210106121804","is_ascension_mode":true,"campfire_choices":[{"data":"White Noise","floor":6,"key":"SMITH"},{"floor":13,"key":"REST"},{"data":"Hologram","floor":15,"key":"SMITH"},{"data":"Multi-Cast","floor":23,"key":"SMITH"},{"data":"Coolheaded","floor":27,"key":"SMITH"},{"floor":30,"key":"REST"},{"floor":32,"key":"REST"}],"circlet_count":0,"master_deck":["Strike_B","Strike_B","Strike_B","Defend_B","Defend_B","Dualcast","Redo+1","Rip and Tear+1","Auto Shields+1","Ball Lightning","Rainbow+1","White Noise+1","Coolheaded","Hologram+1","Doom and Gloom","Coolheaded+1","BootSequence","Steam","Scrape+1","Multi-Cast+1","Compile Driver+1","Rainbow+1","Self Repair","Skim","Capacitor","Force Field","Scrape+1","Heatsinks"],"relics":["Astrolabe","MealTicket","Molten Egg 2","Incense Burner","Philosopher\u0027s Stone","Orichalcum","DollysMirror","Oddly Smooth Stone","Toy Ornithopter","Red Mask","Art of War","Blue Candle"],"acts_visited":["Exordium","TheCity"],"potions_floor_usage":[8,10,14,18,28,28,31],"damage_taken":[{"damage":0,"enemies":"Cultist","floor":1,"turns":3},{"damage":0,"enemies":"Jaw Worm","floor":2,"turns":3},{"damage":12,"enemies":"Small Slimes","floor":3,"turns":2},{"damage":0,"enemies":"Looter","floor":4,"turns":3},{"damage":13,"enemies":"3 Sentries","floor":7,"turns":8},{"damage":0,"enemies":"3 Louse","floor":8,"turns":3},{"damage":18,"enemies":"Lagavulin","floor":10,"turns":4},{"damage":4,"enemies":"Exordium Thugs","floor":11,"turns":5},{"damage":0,"enemies":"Blue Slaver","floor":12,"turns":3},{"damage":0,"enemies":"3 Louse","floor":14,"turns":2},{"damage":5,"enemies":"Slime Boss","floor":16,"turns":11},{"damage":4,"enemies":"3 Byrds","floor":18,"turns":3},{"damage":0,"enemies":"Chosen","floor":21,"turns":3},{"damage":8,"enemies":"Snecko","floor":24,"turns":3},{"damage":44,"enemies":"Masked Bandits","floor":28,"turns":5},{"damage":10,"enemies":"Gremlin Leader","floor":29,"turns":8},{"damage":40,"enemies":"Slavers","floor":31,"turns":6},{"damage":61,"enemies":"Collector","floor":33,"turns":6}],"seed_played":"3837090713632409772","potions_obtained":[{"floor":2,"key":"Explosive Potion"},{"floor":3,"key":"SteroidPotion"},{"floor":7,"key":"SkillPotion"},{"floor":8,"key":"ColorlessPotion"},{"floor":10,"key":"SpeedPotion"},{"floor":14,"key":"LiquidMemories"},{"floor":21,"key":"Block Potion"},{"floor":24,"key":"FocusPotion"},{"floor":29,"key":"Explosive Potion"}],"is_trial":false,"path_per_floor":["M","M","M","M","?","R","E","M","T","E","M","M","R","M","R","B",null,"M","$","T","M","?","R","M","?","T","R","?","E","R","E","R","B"],"character_chosen":"DEFECT","items_purchased":["Orichalcum","DollysMirror","Self Repair"],"campfire_rested":3,"item_purchase_floors":[19,19,19],"current_hp_per_floor":[68,68,56,56,56,56,43,43,43,25,21,21,43,43,43,38,66,62,75,75,75,75,75,67,67,67,67,40,37,59,31,53,0,0],"gold":456,"neow_bonus":"BOSS_RELIC","is_daily":false,"chose_seed":false,"campfire_upgraded":4,"win_rate":0.0,"timestamp":1609953484,"path_taken":["M","M","M","M","?","R","E","M","T","E","M","M","R","M","R","BOSS","M","$","?","M","?","R","?","?","T","R","?","E","R","E","R","BOSS"],"items_purchased_type":["Relic","Relic","Card"],"build_version":"2020-12-22","purchased_purges":1,"victory":false,"max_hp_per_floor":[75,75,75,75,75,75,75,75,75,75,75,75,75,75,75,75,75,75,75,75,75,75,75,75,75,75,75,75,75,75,75,75,75,75],"card_choices":[{"not_picked":["Compile Driver","Go for the Eyes"],"picked":"Ball Lightning","floor":1},{"not_picked":["Beam Cell","Leap"],"picked":"Rainbow","floor":2},{"not_picked":["Streamline","Reprogram"],"picked":"White Noise","floor":3},{"not_picked":["Doom and Gloom","Reprogram"],"picked":"Coolheaded","floor":4},{"not_picked":["Auto Shields","Coolheaded"],"picked":"Hologram","floor":7},{"not_picked":["Consume","Reprogram"],"picked":"Doom and Gloom","floor":8},{"not_picked":["Redo","Hello World"],"picked":"Coolheaded","floor":10},{"not_picked":["Scrape+1","Go for the Eyes+1"],"picked":"BootSequence","floor":11},{"not_picked":["Conserve Battery","BootSequence"],"picked":"Steam","floor":12},{"not_picked":["Cold Snap+1","White Noise"],"picked":"Scrape+1","floor":14},{"not_picked":["Machine Learning","Buffer"],"picked":"Multi-Cast","floor":16},{"not_picked":["Cold Snap+1","Rip and Tear+1"],"picked":"Compile Driver+1","floor":18},{"not_picked":["Cold Snap+1","Conserve Battery"],"picked":"Skim","floor":21},{"not_picked":["Redo+1","Coolheaded"],"picked":"Capacitor","floor":24},{"not_picked":["Reprogram","Cold Snap+1"],"picked":"Force Field","floor":28},{"not_picked":["Gash+1","Hello World+1"],"picked":"Scrape+1","floor":29},{"not_picked":["BootSequence","Gash+1"],"picked":"Heatsinks","floor":31}],"player_experience":617555,"relics_obtained":[{"floor":7,"key":"MealTicket"},{"floor":9,"key":"Molten Egg 2"},{"floor":10,"key":"Incense Burner"},{"floor":26,"key":"Toy Ornithopter"},{"floor":28,"key":"Red Mask"},{"floor":29,"key":"Art of War"},{"floor":31,"key":"Blue Candle"}],"event_choices":[{"damage_healed":0,"gold_gain":0,"player_choice":"Upgraded","damage_taken":0,"max_hp_gain":0,"max_hp_loss":0,"event_name":"Upgrade Shrine","floor":5,"gold_loss":0,"cards_upgraded":["Rainbow"]},{"damage_healed":0,"gold_gain":250,"player_choice":"Bet on Owner","damage_taken":0,"max_hp_gain":0,"max_hp_loss":0,"event_name":"The Joust","floor":22,"gold_loss":50},{"damage_healed":0,"gold_gain":0,"player_choice":"Opened","damage_taken":0,"relics_obtained":["Oddly Smooth Stone"],"max_hp_gain":0,"max_hp_loss":0,"event_name":"The Mausoleum","floor":25,"gold_loss":0},{"damage_healed":0,"gold_gain":0,"player_choice":"Fought Bandits","damage_taken":0,"max_hp_gain":0,"max_hp_loss":0,"event_name":"Masked Bandits","floor":28,"gold_loss":0}],"is_beta":false,"boss_relics":[{"not_picked":["Sozu","SlaversCollar"],"picked":"Philosopher\u0027s Stone"}],"items_purged_floors":[19],"is_endless":false,"potions_floor_spawned":[2,3,7,8,10,11,14,21,24,29],"killed_by":"Collector","ascension_level":9}}