{"host":"0m7uut7ws4kj19nt","time":1609947385,"event":{"mods":["AchievementEnabler","BaseMod","Minty Spire (QoL Compilation)","Replay The Spire","StSLib","The Cursed","The Necromancer"],"gold_per_floor":[119,119,44,60,10,344,344,376,376,376,376,387,404,404,404,504,504,515,515,515,515,565,565,599,599,599,185,195,195,209,237,237,339,339,353,4,15,15,0,0,31,31,31,64,64,64],"floor_reached":45,"playtime":2260,"items_purged":["Normality"],"score":726,"play_id":"7626df3c-322b-4278-ae46-a8c0c7093e4c","local_time":"20210106223625","is_ascension_mode":true,"campfire_choices":[{"floor":7,"key":"REST"},{"data":"1","floor":10,"key":"LIFT"},{"data":"2","floor":15,"key":"LIFT"},{"data":"3","floor":23,"key":"LIFT"},{"data":"Catalyst","floor":25,"key":"SMITH"},{"data":"Mayhem","floor":29,"key":"SMITH"},{"data":"Catalyst","floor":32,"key":"SMITH"},{"data":"Footwork","floor":40,"key":"SMITH"},{"floor":42,"key":"REST"}],"circlet_count":0,"master_deck":["Strike_G+1","Strike_G+1","Defend_G+1","Defend_G+1","Defend_G+1","Defend_G+1","Survivor","Neutralize","Underhanded Strike","Masterful Stab","Storm of Steel","Dagger Spray","Crippling Poison","Tools of the Trade","Envenom+1","Crippling Poison+1","Catalyst+1","Specialist","Replay:Parry","Mayhem+1","Deflect","Catalyst+1","PiercingWail+1","Bullet Time","AbeCurse","Eviscerate","Footwork+1","Footwork","ReplayTheSpireMod:Speed Training","ReplayTheSpireMod:Speed Training+1","Bouncing Flask+1"],"relics":["Ring of the Snake","CaptainsWheel","ReplayTheSpireMod:Shallot","Old Coin","Girya","Nunchaku","GremlinMask","Astrolabe","Ring of Fangs","Meat on the Bone","StoneCalendar","ReplayTheSpireMod:ShopPack","Mango","Chameleon Ring","Abe\u0027s Treasure","TwistedFunnel","Bronze Scales","Red Mask","Unceasing Top","Bag of Marbles"],"acts_visited":["Exordium","TheCity","TheBeyond"],"potions_floor_usage":[8,16,24,31,33,41,41],"damage_taken":[{"damage":1,"enemies":"Jaw Worm","floor":1,"turns":4},{"damage":0,"enemies":"Small Slimes","floor":4,"turns":4},{"damage":35,"enemies":"Gremlin Nob","floor":6,"turns":6},{"damage":18,"enemies":"Lagavulin","floor":8,"turns":8},{"damage":0,"enemies":"2 Louse","floor":12,"turns":3},{"damage":0,"enemies":"Exordium Thugs","floor":13,"turns":4},{"damage":35,"enemies":"Fading Forest","floor":16,"turns":11},{"damage":0,"enemies":"Shell Parasite","floor":18,"turns":5},{"damage":29,"enemies":"Book of Stabbing","floor":24,"turns":6},{"damage":0,"enemies":"3 Byrds","floor":28,"turns":4},{"damage":0,"enemies":"3 Cultists","floor":30,"turns":4},{"damage":13,"enemies":"Gremlin Leader","floor":31,"turns":4},{"damage":41,"enemies":"Collector","floor":33,"turns":8},{"damage":0,"enemies":"3 Shapes","floor":35,"turns":6},{"damage":0,"enemies":"Orb Walker","floor":37,"turns":3},{"damage":54,"enemies":"Reptomancer","floor":41,"turns":4},{"damage":33,"enemies":"Giant Head","floor":44,"turns":7},{"damage":33,"enemies":"4 Shapes","floor":45,"turns":5}],"seed_played":"-4225836857179073068","potions_obtained":[{"floor":6,"key":"ColorlessPotion"},{"floor":12,"key":"LifebloodPotion"},{"floor":18,"key":"LiquidMemories"},{"floor":24,"key":"AttackPotion"},{"floor":30,"key":"Weak Potion"},{"floor":33,"key":"DistilledChaos"},{"floor":35,"key":"PowerPotion"},{"floor":41,"key":"LiquidBronze"}],"is_trial":false,"path_per_floor":["M","?","$","M","?","E","R","E","T","R","?","M","M","?","R","B",null,"M","?","?","?","?","R","E","R","T","$","M","R","M","E","R","B",null,"M","$","M","?","?","R","E","R","T","E","M"],"character_chosen":"THE_SILENT","items_purchased":["ReplayTheSpireMod:ShopPack","Mango","Footwork","TwistedFunnel","Bronze Scales"],"campfire_rested":2,"item_purchase_floors":[27,27,36,36,36],"current_hp_per_floor":[62,59,59,59,59,24,45,27,27,27,27,27,27,27,27,4,54,54,54,54,54,54,54,25,25,25,39,51,51,51,50,50,21,68,68,68,68,68,68,68,26,51,51,30,0,0],"gold":64,"neow_bonus":"ONE_RARE_RELIC","is_daily":false,"chose_seed":false,"campfire_upgraded":4,"win_rate":0.0,"timestamp":1609947385,"path_taken":["M","?","$","M","?","E","R","E","T","R","?","?","M","?","R","BOSS","M","?","?","?","?","R","E","R","T","$","M","R","?","E","R","BOSS","M","$","M","?","?","R","E","R","T","E","M"],"items_purchased_type":["Relic","Relic","Card","Relic","Relic"],"build_version":"2020-12-22","purchased_purges":1,"victory":false,"max_hp_per_floor":[70,70,70,70,70,70,70,70,70,70,70,70,70,70,70,70,70,70,70,70,70,70,70,70,70,70,84,84,84,84,84,84,84,84,84,84,84,84,84,84,84,84,84,84,84,84],"card_choices":[{"not_picked":["Outmaneuver","Replay:Poison Smokescreen"],"picked":"Underhanded Strike","floor":1},{"not_picked":["Hidden Blade","Sneak Up","Outmaneuver"],"picked":"SKIP","floor":4},{"not_picked":["Hidden Blade","PiercingWail"],"picked":"Masterful Stab","floor":6},{"not_picked":["Reflex","Backflip"],"picked":"Storm of Steel","floor":8},{"not_picked":["Underhanded Strike","Backflip"],"picked":"Dagger Spray","floor":12},{"not_picked":["Poison Darts","Slice"],"picked":"Crippling Poison","floor":13},{"not_picked":["Wraith Form v2","Bullet Time"],"picked":"Tools of the Trade","floor":16},{"not_picked":["Backflip","Cloak And Dagger","Flechettes"],"picked":"SKIP","floor":18},{"not_picked":["Well Laid Plans+1","ReplayTheSpireMod:Necrosis"],"picked":"Catalyst","floor":24},{"not_picked":["Finesse","Dramatic Entrance"],"picked":"Specialist","floor":27},{"not_picked":["Replay:Sssssssssstrike","Good Instincts"],"picked":"Replay:Parry","floor":27},{"not_picked":["Transmutation","ReplayUltimateDefense"],"picked":"Mayhem","floor":27},{"not_picked":["Quick Slash","Bane"],"picked":"Deflect","floor":28},{"not_picked":["Bane+1","Draining Mist"],"picked":"Catalyst","floor":30},{"not_picked":["Masterful Stab","Bane"],"picked":"PiercingWail+1","floor":31},{"not_picked":["Venomology","Phantasmal Killer"],"picked":"Bullet Time","floor":33},{"not_picked":["Flying Knee+1","Masterful Stab+1"],"picked":"Eviscerate","floor":35},{"not_picked":["Hidden Blade+1","ReplayTheSpireMod:Tripwire+1"],"picked":"ReplayTheSpireMod:Speed Training","floor":37},{"not_picked":["Eviscerate+1","Poisoned Stab+1"],"picked":"ReplayTheSpireMod:Speed Training+1","floor":41},{"not_picked":["Accuracy","Deadly Poison"],"picked":"Bouncing Flask+1","floor":44}],"player_experience":140045,"relics_obtained":[{"floor":6,"key":"Old Coin"},{"floor":8,"key":"Girya"},{"floor":9,"key":"Nunchaku"},{"floor":19,"key":"Ring of Fangs"},{"floor":24,"key":"Meat on the Bone"},{"floor":26,"key":"StoneCalendar"},{"floor":31,"key":"Chameleon Ring"},{"floor":41,"key":"Unceasing Top"},{"floor":44,"key":"Bag of Marbles"}],"event_choices":[{"damage_healed":0,"gold_gain":0,"player_choice":"Success","damage_taken":3,"relics_obtained":["ReplayTheSpireMod:Shallot"],"max_hp_gain":0,"max_hp_loss":0,"event_name":"Scrap Ooze","floor":2,"gold_loss":0},{"cards_removed":["Strike_G"],"damage_healed":0,"gold_gain":0,"player_choice":"Card Removal","damage_taken":0,"max_hp_gain":0,"max_hp_loss":0,"event_name":"The Cleric","floor":5,"gold_loss":50},{"damage_healed":0,"gold_gain":0,"player_choice":"Trade","damage_taken":0,"relics_obtained":["GremlinMask"],"max_hp_gain":0,"max_hp_loss":0,"event_name":"FaceTrader","floor":11,"gold_loss":0},{"damage_healed":0,"gold_gain":0,"player_choice":"Searched \u00271\u0027 times","damage_taken":0,"max_hp_gain":0,"max_hp_loss":0,"event_name":"Dead Adventurer","floor":14,"gold_loss":0},{"damage_healed":0,"gold_gain":0,"player_choice":"Ignored","damage_taken":0,"max_hp_gain":0,"max_hp_loss":0,"event_name":"Ghosts","floor":20,"gold_loss":0},{"damage_healed":0,"gold_gain":0,"player_choice":"Simplicity","damage_taken":0,"max_hp_gain":0,"max_hp_loss":0,"event_name":"Back to Basics","floor":21,"gold_loss":0,"cards_upgraded":["Strike_G","Strike_G","Defend_G","Defend_G","Defend_G","Defend_G"]},{"damage_healed":0,"gold_gain":100,"player_choice":"Bet on Murderer","damage_taken":0,"max_hp_gain":0,"max_hp_loss":0,"event_name":"The Joust","floor":22,"gold_loss":50},{"cards_removed":["Leg Sweep"],"damage_healed":0,"gold_gain":0,"player_choice":"Removed Skill","damage_taken":0,"max_hp_gain":0,"max_hp_loss":0,"event_name":"Falling","floor":38,"gold_loss":0},{"damage_healed":0,"gold_gain":0,"player_choice":"Paid","damage_taken":0,"relics_obtained":["Red Mask"],"max_hp_gain":0,"max_hp_loss":0,"event_name":"Tomb of Lord Red Mask","floor":39,"gold_loss":15}],"is_beta":false,"boss_relics":[{"not_picked":["Snecko Scales","Replay:Bronze Core"],"picked":"Astrolabe"},{"not_picked":["Snecko Heart","Velvet Choker"],"picked":"Abe\u0027s Treasure"}],"items_purged_floors":[3],"is_endless":false,"potions_floor_spawned":[6,12,18,24,30,33,35,41],"killed_by":"4 Shapes","ascension_level":7}}