{"host":"ecaj4hn004xnnrw9","time":1609892151,"event":{"mods":["AchievementEnabler","BaseMod","Hermit","Minty Spire (QoL Compilation)","Quick Restart","Replay The Spire","Shop Mod","StSLib","The Jungle"],"gold_per_floor":[119,15,15,33,45,45,70,70,70,80,99,131,131,131,131,233,233,249,249,264,282,282,282,299,299,323,335,335,335,335,250,250,348,348,364,364,25,36,86,116,185,213,237,250,269,116,141,160,160,160],"floor_reached":51,"playtime":7282,"items_purged":["Defend_B"],"score":914,"play_id":"a7657490-8dbf-4cf8-9018-d96c58d6acae","local_time":"20210106001551","is_ascension_mode":true,"campfire_choices":[{"data":"Zap","floor":6,"key":"SMITH"},{"data":"Rainbow","floor":8,"key":"SMITH"},{"data":"Beam Cell","floor":13,"key":"SMITH"},{"data":"Dualcast","floor":15,"key":"SMITH"},{"data":"Coolheaded","floor":23,"key":"SMITH"},{"data":"Streamline","floor":25,"key":"SMITH"},{"data":"Biased Cognition","floor":29,"key":"SMITH"},{"data":"Cold Snap","floor":32,"key":"SMITH"},{"data":"Chill","floor":49,"key":"SMITH"}],"circlet_count":0,"master_deck":["Defend_B","Defend_B","Zap+1","Dualcast+1","Genetic Algorithm+1","Self Repair+1","BootSequence+1","Compile Driver+1","Streamline+1","Rainbow+1","Genetic Algorithm","Gash","Biased Cognition+1","Coolheaded+1","Beam Cell+1","Cold Snap+1","Compile Driver","Gash","Chill+1","Go for the Eyes+1","Compile Driver+1","Gash","Seek+1","Steam+1","ReplayTheSpireMod:Calculation Training+1"],"relics":["Astrolabe","Replay:Wax Seal","Meat on the Bone","Replay:Bottled Steam","Gambling Chip","Ring of Chaos","Prayer Wheel","Nunchaku","Enchiridion","Pet Ghost","SlaversCollar","Medical Kit","FossilizedHelix","Toxic Egg 2","Bottled Flame","White Beast Statue","Potion Belt","Toolbox","Iron Hammer"],"acts_visited":["Exordium","TheCity","TheBeyond"],"potions_floor_usage":[16,18,21,33,33,35,40,47,50,50,50,50],"damage_taken":[{"damage":12,"enemies":"2 Louse","floor":1,"turns":4},{"damage":5,"enemies":"Cultist","floor":4,"turns":4},{"damage":1,"enemies":"Small Slimes","floor":5,"turns":4},{"damage":47,"enemies":"Gremlin Nob","floor":7,"turns":5},{"damage":0,"enemies":"3 Louse","floor":10,"turns":4},{"damage":3,"enemies":"Gremlin Gang","floor":11,"turns":6},{"damage":4,"enemies":"Lagavulin","floor":12,"turns":6},{"damage":17,"enemies":"The Guardian","floor":16,"turns":9},{"damage":14,"enemies":"Shell Parasite","floor":18,"turns":6},{"damage":3,"enemies":"Chosen","floor":20,"turns":5},{"damage":12,"enemies":"Snecko","floor":21,"turns":6},{"damage":0,"enemies":"Centurion and Healer","floor":24,"turns":5},{"damage":1,"enemies":"Chosen and Byrds","floor":27,"turns":5},{"damage":48,"enemies":"Champ","floor":33,"turns":12},{"damage":0,"enemies":"3 Darklings","floor":35,"turns":3},{"damage":31,"enemies":"3 Shapes","floor":38,"turns":4},{"damage":2,"enemies":"Mind Bloom Boss Battle","floor":39,"turns":6},{"damage":0,"enemies":"Nemesis","floor":40,"turns":7},{"damage":0,"enemies":"R_Hoarder","floor":42,"turns":7},{"damage":13,"enemies":"Writhing Mass","floor":44,"turns":7},{"damage":11,"enemies":"Sphere and 2 Shapes","floor":45,"turns":6},{"damage":19,"enemies":"Nemesis","floor":47,"turns":7},{"damage":0,"enemies":"3 Darklings","floor":48,"turns":5},{"damage":0,"enemies":"Awakened One","floor":50,"turns":9}],"seed_played":"-1958086610838341227","potions_obtained":[{"floor":5,"key":"Reflective Coating"},{"floor":10,"key":"Regen Potion"},{"floor":11,"key":"Dexterity Potion"},{"floor":16,"key":"Languid Potion"},{"floor":20,"key":"Flashbang"},{"floor":24,"key":"LifebloodPotion"},{"floor":33,"key":"Adrenaline Potion"},{"floor":38,"key":"Elixir"},{"floor":42,"key":"Venom Potion"},{"floor":44,"key":"Milkshake"},{"floor":45,"key":"Regen Potion"},{"floor":47,"key":"GamblersBrew"}],"is_trial":false,"path_per_floor":["M","$","?","M","M","R","E","R","T","M","M","E","R","?","R","B",null,"M","?","M","M","?","R","M","R","T","M","?","R","?","?","R","B",null,"M","?","$","M","?","E","T","E","T","M","M","$","E","M","R","B",null],"character_chosen":"DEFECT","items_purchased":["Streamline","Replay:Wax Seal","Medical Kit","Chill","SkillPotion","Toolbox"],"campfire_rested":0,"item_purchase_floors":[2,2,37,37,37,46],"current_hp_per_floor":[73,73,73,75,75,75,38,38,38,48,55,61,61,61,61,66,75,71,71,75,73,73,73,73,73,73,75,75,75,59,59,59,33,75,75,75,75,44,52,62,62,62,62,59,58,58,61,71,71,75],"gold":160,"neow_bonus":"BOSS_RELIC","is_daily":false,"chose_seed":false,"campfire_upgraded":9,"win_rate":0.0,"timestamp":1609892151,"path_taken":["M","$","?","M","M","R","E","R","T","?","M","E","R","?","R","BOSS","M","?","M","M","?","R","M","R","T","?","?","R","?","?","R","BOSS","M","?","$","M","?","E","?","E","T","?","M","$","E","M","R","BOSS"],"items_purchased_type":["Card","Relic","Relic","Card","Potion","Relic"],"build_version":"2020-12-22","purchased_purges":1,"victory":true,"max_hp_per_floor":[75,75,75,75,75,75,75,75,75,75,75,75,75,75,75,75,75,75,75,75,75,75,75,75,75,75,75,75,75,75,75,75,75,75,75,75,75,75,75,75,75,75,75,75,75,75,75,75,75,75],"card_choices":[{"not_picked":["Panic Button","Steam"],"picked":"Compile Driver","floor":1},{"not_picked":["Barrage","Streamline"],"picked":"Genetic Algorithm","floor":4},{"not_picked":["Meteor Strike","Turbo"],"picked":"Gash","floor":5},{"not_picked":["Barrage","BasicCrystalCard"],"picked":"Biased Cognition","floor":7},{"not_picked":["Sweeping Beam","Lockon","Double Energy"],"picked":"SKIP","floor":10},{"not_picked":["Streamline","ReplayTheSpireMod:System Scan"],"picked":"Coolheaded","floor":11},{"not_picked":["ReplayTheSpireMod:Reroute Power","Skim"],"picked":"Beam Cell","floor":12},{"not_picked":["Creative AI","ReplayRNGCard"],"picked":"ReplayTheSpireMod:Fabricate Wheel","floor":16},{"not_picked":["Tempest","FIFO Queue+1"],"picked":"Cold Snap","floor":18},{"not_picked":["FIFO Queue","Conserve Battery","Auto Shields"],"picked":"SKIP","floor":18},{"not_picked":["Blizzard","Leap"],"picked":"Compile Driver","floor":20},{"not_picked":["Sunder+1","Stack","Scrape+1"],"picked":"SKIP","floor":20},{"not_picked":["ReplaySolidLightProjector","Rebound","Force Field+1"],"picked":"SKIP","floor":21},{"not_picked":["Stack","Hello World","Go for the Eyes"],"picked":"SKIP","floor":21},{"not_picked":["Reprogram+1","Leap"],"picked":"Gash","floor":24},{"not_picked":["BasicCrystalCard+1","Coolheaded","Storm+1"],"picked":"SKIP","floor":24},{"not_picked":["Hologram","Stack","ReplayTheSpireMod:System Scan+1"],"picked":"SKIP","floor":27},{"not_picked":["White Noise+1","Stack+1","Thunder Strike"],"picked":"SKIP","floor":27},{"not_picked":["Doom and Gloom","Hologram","Reprogram+1"],"picked":"SKIP","floor":35},{"not_picked":["Streamline+1","Turbo+1","Aggregate+1"],"picked":"SKIP","floor":35},{"not_picked":["Leap+1","Sunder+1"],"picked":"Go for the Eyes+1","floor":38},{"not_picked":["Leap","Streamline+1","ReplaySolidLightProjector"],"picked":"SKIP","floor":38},{"not_picked":["ReplaySolidLightProjector+1","BasicCrystalCard+1"],"picked":"Compile Driver+1","floor":40},{"not_picked":["Compile Driver","BootSequence+1","Turbo+1"],"picked":"SKIP","floor":42},{"not_picked":["Turbo+1","Stack+1","Redo+1"],"picked":"SKIP","floor":44},{"not_picked":["ReplayGash","ReplaySolidLightProjector+1","Stack+1"],"picked":"SKIP","floor":44},{"not_picked":["Defragment+1","Turbo+1"],"picked":"Gash","floor":45},{"not_picked":["Compile Driver+1","Chill+1"],"picked":"Seek+1","floor":45},{"not_picked":["Hologram+1","Hello World+1"],"picked":"Steam+1","floor":47},{"not_picked":["Gash+1","Redo+1"],"picked":"ReplayTheSpireMod:Calculation Training+1","floor":48},{"not_picked":["Cold Snap+1","Compile Driver","Steam+1"],"picked":"SKIP","floor":48}],"player_experience":217227,"relics_obtained":[{"floor":7,"key":"Meat on the Bone"},{"floor":9,"key":"Replay:Bottled Steam"},{"floor":12,"key":"Gambling Chip"},{"floor":26,"key":"Nunchaku"},{"floor":30,"key":"Enchiridion"},{"floor":39,"key":"FossilizedHelix"},{"floor":40,"key":"Toxic Egg 2"},{"floor":41,"key":"Bottled Flame"},{"floor":42,"key":"White Beast Statue"},{"floor":43,"key":"Potion Belt"},{"floor":47,"key":"Iron Hammer"}],"event_choices":[{"damage_healed":0,"gold_gain":0,"cards_transformed":["Defend_B"],"player_choice":"Transformed","damage_taken":0,"max_hp_gain":0,"max_hp_loss":0,"event_name":"Transmorgrifier","floor":3,"gold_loss":0,"cards_obtained":["Rainbow"]},{"damage_healed":0,"gold_gain":0,"player_choice":"Ignored","damage_taken":0,"max_hp_gain":0,"max_hp_loss":0,"event_name":"Vampires","floor":19,"gold_loss":0},{"cards_removed":["Strike_B"],"damage_healed":0,"gold_gain":0,"player_choice":"Purged","damage_taken":0,"max_hp_gain":0,"max_hp_loss":0,"event_name":"Purifier","floor":22,"gold_loss":0},{"damage_healed":0,"gold_gain":0,"player_choice":"Obtained Book","damage_taken":16,"max_hp_gain":0,"max_hp_loss":0,"event_name":"Cursed Tome","floor":30,"gold_loss":0},{"damage_healed":0,"gold_gain":0,"player_choice":"Obtained Relic","damage_taken":0,"relics_obtained":["Pet Ghost"],"max_hp_gain":0,"max_hp_loss":0,"event_name":"Addict","floor":31,"gold_loss":85},{"damage_healed":0,"gold_gain":0,"player_choice":"Ignored","damage_taken":0,"max_hp_gain":0,"max_hp_loss":0,"event_name":"Tomb of Lord Red Mask","floor":36,"gold_loss":0},{"damage_healed":0,"gold_gain":0,"player_choice":"Fight","damage_taken":0,"max_hp_gain":0,"max_hp_loss":0,"event_name":"MindBloom","floor":39,"gold_loss":0}],"is_beta":false,"boss_relics":[{"not_picked":["Kintsugi","Empty Cage"],"picked":"Ring of Chaos"},{"not_picked":["Inserter","Replay:Bronze Core"],"picked":"SlaversCollar"}],"items_purged_floors":[37],"is_endless":false,"potions_floor_spawned":[5,10,11,16,20,24,33,38,42,44,45,47,48],"ascension_level":3}}