{"host":"xu70nncme2eq5w87","time":1609895482,"event":{"mods":["AchievementEnabler","BaseMod","Colored Map","Colored Powertips","Minty Spire (QoL Compilation)","Quick Restart","StSLib"],"gold_per_floor":[114,114,132,148,158,184,184,195,247,247,247,277,277,301,313,430,442,468,493,505,529,557,599,621,633,669,699,319,344,344,344,344,449,449,460,480,70,123,123,123,223,2,27,27,56,66,97,115,115,115,115,115,79,107,107,107],"floor_reached":55,"playtime":1804,"items_purged":[],"score":777,"play_id":"012155e9-106c-4101-858c-20a9a34316fe","local_time":"20210105171122","is_ascension_mode":false,"campfire_choices":[{"floor":7,"key":"REST"},{"floor":11,"key":"REST"},{"floor":15,"key":"REST"},{"floor":25,"key":"REST"},{"floor":32,"key":"REST"},{"floor":40,"key":"RECALL"},{"floor":44,"key":"REST"},{"floor":49,"key":"REST"},{"floor":52,"key":"REST"}],"circlet_count":0,"master_deck":["Strike_B+1","Strike_B+1","Strike_B+1","Strike_B+1","Defend_B+1","Defend_B+1","Defend_B+1","Defend_B+1","Zap","Dualcast","Darkness","Ball Lightning","Buffer","Ball Lightning","Self Repair","Self Repair","Chaos","Conserve Battery","Echo Form","Electrodynamics","Multi-Cast","Defragment","Loop+1","Ball Lightning","Storm","Thunder Strike"],"relics":["Cracked Core","NeowsBlessing","Bronze Scales","Oddly Smooth Stone","Pear","MawBank","Sozu","Unceasing Top","Incense Burner","Ice Cream","Fusion Hammer","Mercury Hourglass","Lee\u0027s Waffle","Du-Vu Doll","Toolbox","Art of War","Strawberry","Happy Flower","Eternal Feather"],"acts_visited":["Exordium","TheCity","TheBeyond","TheEnding"],"potions_floor_usage":[55,55],"damage_taken":[{"damage":0,"enemies":"Small Slimes","floor":1,"turns":1},{"damage":0,"enemies":"Jaw Worm","floor":3,"turns":1},{"damage":0,"enemies":"2 Louse","floor":4,"turns":1},{"damage":19,"enemies":"Large Slime","floor":5,"turns":6},{"damage":47,"enemies":"3 Sentries","floor":6,"turns":8},{"damage":5,"enemies":"Exordium Thugs","floor":8,"turns":4},{"damage":23,"enemies":"Gremlin Nob","floor":12,"turns":4},{"damage":13,"enemies":"Red Slaver","floor":14,"turns":2},{"damage":15,"enemies":"Slime Boss","floor":16,"turns":9},{"damage":0,"enemies":"Chosen","floor":18,"turns":4},{"damage":0,"enemies":"Spheric Guardian","floor":19,"turns":3},{"damage":13,"enemies":"Centurion and Healer","floor":21,"turns":5},{"damage":14,"enemies":"Shelled Parasite and Fungi","floor":22,"turns":5},{"damage":56,"enemies":"Slavers","floor":23,"turns":6},{"damage":17,"enemies":"Snake Plant","floor":24,"turns":4},{"damage":0,"enemies":"Snecko","floor":27,"turns":5},{"damage":22,"enemies":"Book of Stabbing","floor":29,"turns":5},{"damage":53,"enemies":"Automaton","floor":33,"turns":12},{"damage":0,"enemies":"3 Shapes","floor":35,"turns":3},{"damage":34,"enemies":"3 Darklings","floor":36,"turns":6},{"damage":53,"enemies":"2 Orb Walkers","floor":38,"turns":5},{"damage":29,"enemies":"Reptomancer","floor":45,"turns":5},{"damage":24,"enemies":"Sphere and 2 Shapes","floor":46,"turns":4},{"damage":47,"enemies":"Giant Head","floor":47,"turns":10},{"damage":21,"enemies":"Jaw Worm Horde","floor":48,"turns":4},{"damage":77,"enemies":"Time Eater","floor":50,"turns":8},{"damage":62,"enemies":"Shield and Spear","floor":54,"turns":5},{"damage":3,"enemies":"The Heart","floor":55,"turns":2}],"seed_played":"-2424462081281647303","potions_obtained":[{"floor":3,"key":"FairyPotion"},{"floor":4,"key":"CultistPotion"},{"floor":5,"key":"PowerPotion"}],"is_trial":false,"path_per_floor":["M","?","M","M","M","E","R","M","T","?","R","E","?","M","R","B",null,"M","M","?","M","M","E","M","R","T","M","$","E","?","?","R","B",null,"M","M","$","?","?","R","?","$","T","R","E","M","E","M","R","B",null,"R","$","E","B"],"character_chosen":"DEFECT","items_purchased":["Incense Burner","Conserve Battery","Darkness","Mercury Hourglass","Lee\u0027s Waffle","Defragment","Toolbox","Storm"],"campfire_rested":8,"item_purchase_floors":[28,28,28,37,37,42,42,53],"current_hp_per_floor":[75,80,80,80,61,14,38,33,33,33,57,44,26,13,40,25,90,90,90,90,77,70,21,11,38,38,52,52,44,44,44,71,32,90,90,70,97,58,58,58,58,58,58,87,85,82,49,42,73,51,104,104,104,63,60,60],"gold":107,"neow_bonus":"THREE_ENEMY_KILL","is_daily":false,"chose_seed":false,"campfire_upgraded":0,"win_rate":0.0,"timestamp":1609895482,"path_taken":["M","?","M","M","M","E","R","M","T","?","R","E","?","M","R","BOSS","M","M","?","M","M","E","M","R","T","M","$","E","?","?","R","BOSS","M","M","$","?","?","R","?","$","T","R","E","?","E","M","R","BOSS","R","$","E","BOSS"],"items_purchased_type":["Relic","Card","Card","Relic","Relic","Card","Relic","Card"],"build_version":"2020-12-22","purchased_purges":0,"victory":false,"max_hp_per_floor":[75,80,80,80,80,80,80,80,80,80,80,90,90,90,90,90,90,90,90,90,90,90,90,90,90,90,90,90,90,90,90,90,90,90,90,90,97,97,97,97,97,97,97,97,104,104,104,104,104,104,104,104,104,104,104,104],"card_choices":[{"not_picked":["Beam Cell","Rebound","Reinforced Body"],"picked":"SKIP","floor":1},{"not_picked":["Beam Cell","Go for the Eyes"],"picked":"Darkness","floor":3},{"not_picked":["Rainbow","Compile Driver","Coolheaded"],"picked":"SKIP","floor":4},{"not_picked":["Coolheaded","Stack","Go for the Eyes"],"picked":"SKIP","floor":5},{"not_picked":["Core Surge","Redo"],"picked":"Ball Lightning","floor":6},{"not_picked":["Stack","Hello World","Beam Cell"],"picked":"SKIP","floor":8},{"not_picked":["Streamline","Reboot","Turbo"],"picked":"SKIP","floor":12},{"not_picked":["Steam","Leap","Blizzard"],"picked":"SKIP","floor":14},{"not_picked":["All For One","Multi-Cast"],"picked":"Buffer","floor":16},{"not_picked":["Sweeping Beam","Go for the Eyes"],"picked":"Ball Lightning","floor":18},{"not_picked":["Beam Cell","Coolheaded","Stack+1"],"picked":"SKIP","floor":19},{"not_picked":["Meteor Strike","Steam Power"],"picked":"Self Repair","floor":21},{"not_picked":["Beam Cell","Scrape","Compile Driver"],"picked":"SKIP","floor":22},{"not_picked":["Go for the Eyes","Barrage","Beam Cell+1"],"picked":"SKIP","floor":23},{"not_picked":["Sunder","Coolheaded+1"],"picked":"Self Repair","floor":24},{"not_picked":["Streamline","Steam+1"],"picked":"Chaos","floor":27},{"not_picked":["Gash","Steam","Go for the Eyes+1"],"picked":"SKIP","floor":29},{"not_picked":["Fission","Multi-Cast"],"picked":"Electrodynamics","floor":33},{"not_picked":["Leap","Redo+1","Scrape+1"],"picked":"SKIP","floor":35},{"not_picked":["Leap+1","Turbo+1","Go for the Eyes"],"picked":"SKIP","floor":36},{"not_picked":["Gash+1","Hologram"],"picked":"Multi-Cast","floor":38},{"not_picked":["Stack+1","Turbo+1","Redo+1"],"picked":"SKIP","floor":45},{"not_picked":["Rebound+1","Aggregate","Stack+1"],"picked":"SKIP","floor":46},{"not_picked":["FTL","BootSequence"],"picked":"Loop+1","floor":47},{"not_picked":["Reinforced Body","Coolheaded+1"],"picked":"Ball Lightning","floor":48},{"not_picked":["Barrage+1","Heatsinks"],"picked":"Thunder Strike","floor":54}],"player_experience":217398,"relics_obtained":[{"floor":6,"key":"Bronze Scales"},{"floor":9,"key":"Oddly Smooth Stone"},{"floor":12,"key":"Pear"},{"floor":23,"key":"Unceasing Top"},{"floor":29,"key":"Ice Cream"},{"floor":38,"key":"Du-Vu Doll"},{"floor":43,"key":"Art of War"},{"floor":45,"key":"Strawberry"},{"floor":47,"key":"Happy Flower"},{"floor":54,"key":"Eternal Feather"}],"event_choices":[{"damage_healed":0,"gold_gain":0,"player_choice":"Donut","damage_taken":0,"max_hp_gain":5,"max_hp_loss":0,"event_name":"Big Fish","floor":2,"gold_loss":0},{"damage_healed":0,"gold_gain":0,"player_choice":"Ignored","damage_taken":0,"max_hp_gain":0,"max_hp_loss":0,"event_name":"Golden Wing","floor":10,"gold_loss":0},{"damage_healed":0,"gold_gain":0,"player_choice":"Success","damage_taken":18,"relics_obtained":["MawBank"],"max_hp_gain":0,"max_hp_loss":0,"event_name":"Scrap Ooze","floor":13,"gold_loss":0},{"damage_healed":0,"gold_gain":0,"player_choice":"Simplicity","damage_taken":0,"max_hp_gain":0,"max_hp_loss":0,"event_name":"Back to Basics","floor":20,"gold_loss":0,"cards_upgraded":["Strike_B","Strike_B","Strike_B","Strike_B","Defend_B","Defend_B","Defend_B","Defend_B"]},{"damage_healed":0,"gold_gain":0,"player_choice":"Read","damage_taken":0,"max_hp_gain":0,"max_hp_loss":0,"event_name":"The Library","floor":30,"gold_loss":0,"cards_obtained":["Echo Form"]},{"damage_healed":0,"gold_gain":0,"player_choice":"Ignored","damage_taken":0,"max_hp_gain":0,"max_hp_loss":0,"event_name":"Beggar","floor":31,"gold_loss":0},{"damage_healed":0,"gold_gain":0,"player_choice":"Fight","damage_taken":0,"max_hp_gain":0,"max_hp_loss":0,"event_name":"Mysterious Sphere","floor":38,"gold_loss":0},{"cards_removed":["Darkness"],"damage_healed":0,"gold_gain":0,"player_choice":"Removed Skill","damage_taken":0,"max_hp_gain":0,"max_hp_loss":0,"event_name":"Falling","floor":39,"gold_loss":0},{"damage_healed":0,"gold_gain":100,"player_choice":"Pray","damage_taken":0,"max_hp_gain":0,"max_hp_loss":0,"event_name":"Golden Shrine","floor":41,"gold_loss":0}],"is_beta":false,"boss_relics":[{"not_picked":["SlaversCollar","Busted Crown"],"picked":"Sozu"},{"not_picked":["Empty Cage","Philosopher\u0027s Stone"],"picked":"Fusion Hammer"}],"items_purged_floors":[],"is_endless":false,"potions_floor_spawned":[3,4,5,16,19,21,24,27,29,33,38,47,48],"killed_by":"The Heart","ascension_level":0}}