{"host":"jexbkylv34f8xu3o","time":1609960336,"event":{"mods":["AchievementEnabler","BaseMod","Colored Map","Colored Powertips","GifTheSpireLib","Highlight Path","Minty Spire (QoL Compilation)","Quick Restart","StSLib"],"gold_per_floor":[118,118,118,43,218,243,243,243,243,272,287,314,324,336,336,431,431,444,462,462,477,490,521,446,446,446,446,446],"floor_reached":27,"playtime":792,"items_purged":["Defend_R"],"score":435,"play_id":"a194198c-e426-4004-9ba8-920ab1baadd9","local_time":"20210106161216","is_ascension_mode":true,"campfire_choices":[{"data":"Hemokinesis","floor":7,"key":"SMITH"},{"data":"Barricade","floor":15,"key":"SMITH"}],"circlet_count":0,"master_deck":["Strike_R+1","Strike_R+1","Strike_R+1","Defend_R","Defend_R","Defend_R","Bash","Shrug It Off+1","Hemokinesis+1","Barricade+1","Body Slam","Ghostly Armor","Havoc","Offering","Seeing Red","Flame Barrier","Second Wind+1","Evolve"],"relics":["Burning Blood","NeowsBlessing","Omamori","Spirit Poop","White Beast Statue","Whetstone","Boot","Velvet Choker","Singing Bowl","Darkstone Periapt"],"acts_visited":["Exordium","TheCity"],"potions_floor_usage":[12,14,14,16,22,23,27],"damage_taken":[{"damage":0,"enemies":"Cultist","floor":1,"turns":1},{"damage":0,"enemies":"Gremlin Nob","floor":6,"turns":1},{"damage":2,"enemies":"Lagavulin","floor":10,"turns":1},{"damage":9,"enemies":"Small Slimes","floor":11,"turns":2},{"damage":9,"enemies":"Gremlin Nob","floor":12,"turns":3},{"damage":6,"enemies":"2 Louse","floor":13,"turns":2},{"damage":4,"enemies":"Gremlin Gang","floor":14,"turns":4},{"damage":29,"enemies":"The Guardian","floor":16,"turns":12},{"damage":22,"enemies":"Spheric Guardian","floor":18,"turns":4},{"damage":31,"enemies":"Shell Parasite","floor":19,"turns":3},{"damage":24,"enemies":"Chosen and Byrds","floor":21,"turns":5},{"damage":11,"enemies":"Centurion and Healer","floor":22,"turns":4},{"damage":17,"enemies":"Gremlin Leader","floor":23,"turns":10},{"damage":30,"enemies":"Snake Plant","floor":27,"turns":3}],"seed_played":"1107448932839326149","potions_obtained":[{"floor":1,"key":"Dexterity Potion"},{"floor":6,"key":"FairyPotion"},{"floor":10,"key":"PowerPotion"},{"floor":11,"key":"PowerPotion"},{"floor":12,"key":"Fruit Juice"},{"floor":13,"key":"Strength Potion"},{"floor":14,"key":"Weak Potion"},{"floor":16,"key":"SpeedPotion"},{"floor":18,"key":"Energy Potion"},{"floor":21,"key":"Ancient Potion"},{"floor":22,"key":"Fire Potion"},{"floor":23,"key":"BlessingOfTheForge"}],"is_trial":false,"path_per_floor":["M","?","?","$","?","E","R","?","T","E","M","E","M","M","R","B",null,"M","M","?","M","M","E","?","?","T","M"],"character_chosen":"IRONCLAD","items_purchased":[],"campfire_rested":0,"item_purchase_floors":[],"current_hp_per_floor":[78,62,55,55,55,61,61,61,61,65,62,64,64,66,66,43,75,59,34,34,16,11,29,29,29,29,0,0],"gold":446,"neow_bonus":"THREE_ENEMY_KILL","is_daily":false,"chose_seed":false,"campfire_upgraded":2,"win_rate":0.0,"timestamp":1609960336,"path_taken":["M","?","?","$","?","E","R","?","T","E","M","E","M","M","R","BOSS","M","?","?","M","M","E","?","?","T","?"],"items_purchased_type":[],"build_version":"2020-12-22","purchased_purges":1,"victory":false,"max_hp_per_floor":[80,80,80,80,80,80,80,80,80,80,80,85,85,85,85,85,85,85,85,85,85,85,87,87,87,87,87,87],"card_choices":[{"not_picked":["Rage","Sentinel"],"picked":"Shrug It Off","floor":1},{"not_picked":["Shockwave","Entrench"],"picked":"Hemokinesis","floor":6},{"not_picked":["Demon Form","Perfected Strike"],"picked":"Barricade","floor":10},{"not_picked":["Headbutt","Clash"],"picked":"Body Slam","floor":11},{"not_picked":["Second Wind","Wild Strike"],"picked":"Ghostly Armor","floor":12},{"not_picked":["Flex","Fire Breathing"],"picked":"Havoc","floor":13},{"not_picked":["Thunderclap","Perfected Strike","Cleave"],"picked":"SKIP","floor":14},{"not_picked":["Reaper","Limit Break"],"picked":"Offering","floor":16},{"not_picked":["Iron Wave","Headbutt+1"],"picked":"Seeing Red","floor":18},{"not_picked":["Clothesline","Warcry"],"picked":"Flame Barrier","floor":19},{"not_picked":["Sword Boomerang","Anger+1"],"picked":"Second Wind+1","floor":21},{"not_picked":["Pommel Strike","Exhume"],"picked":"Evolve","floor":22},{"not_picked":["Cleave+1","Reckless Charge+1","Power Through"],"picked":"Singing Bowl","floor":23}],"player_experience":538115,"relics_obtained":[{"floor":6,"key":"Omamori"},{"floor":9,"key":"White Beast Statue"},{"floor":10,"key":"Whetstone"},{"floor":12,"key":"Boot"},{"floor":23,"key":"Singing Bowl"},{"floor":26,"key":"Darkstone Periapt"}],"event_choices":[{"damage_healed":0,"gold_gain":0,"player_choice":"Entered Light","damage_taken":16,"max_hp_gain":0,"max_hp_loss":0,"event_name":"Shining Light","floor":2,"gold_loss":0,"cards_upgraded":["Strike_R","Shrug It Off"]},{"cards_removed":["Strike_R"],"damage_healed":0,"gold_gain":0,"player_choice":"Card Removal","damage_taken":7,"max_hp_gain":0,"max_hp_loss":0,"event_name":"Golden Wing","floor":3,"gold_loss":0},{"damage_healed":0,"gold_gain":175,"player_choice":"AGREE","damage_taken":0,"max_hp_gain":0,"max_hp_loss":0,"event_name":"Liars Game","floor":5,"gold_loss":0,"cards_obtained":["Doubt"]},{"cards_removed":["Doubt"],"damage_healed":0,"gold_gain":0,"player_choice":"Offered Curse","damage_taken":0,"relics_obtained":["Spirit Poop"],"max_hp_gain":0,"max_hp_loss":0,"event_name":"Bonfire Elementals","floor":8,"gold_loss":0},{"damage_healed":0,"gold_gain":0,"player_choice":"Ignored","damage_taken":0,"max_hp_gain":0,"max_hp_loss":0,"event_name":"Vampires","floor":20,"gold_loss":0},{"cards_removed":["Strike_R"],"damage_healed":0,"gold_gain":0,"player_choice":"Gave Gold","damage_taken":0,"max_hp_gain":0,"max_hp_loss":0,"event_name":"Beggar","floor":24,"gold_loss":75},{"damage_healed":0,"gold_gain":0,"player_choice":"0 cards matched","damage_taken":0,"max_hp_gain":0,"max_hp_loss":0,"event_name":"Match and Keep!","floor":25,"gold_loss":0,"cards_obtained":[]}],"is_beta":false,"boss_relics":[{"not_picked":["Empty Cage","Runic Dome"],"picked":"Velvet Choker"}],"items_purged_floors":[4],"is_endless":false,"potions_floor_spawned":[1,6,10,11,12,13,14,16,18,19,21,22,23],"killed_by":"Snake Plant","ascension_level":9}}