{"host":"f8lbor5qtgiy08rh","time":1609911055,"event":{"mods":["Aspiration","BaseMod","Better Match","Card Forge","Colored Map","Downfall","GifTheSpireLib","Hermit","Infinite Spire","Jedi Mod","Minty Spire (QoL Compilation)","Rare Cards Sparkle","Relic Sorter","Replay The Spire","StSLib","Stuff the Spire","The Construct","The Cursed","Unceasing Turn Reminder"],"gold_per_floor":[118,118,134,64,64,91,91,123,123,142,162,6,23,38,38,139,139,159,114,114],"floor_reached":19,"playtime":1423,"items_purged":[],"score":204,"play_id":"73619dda-9f72-4918-b98b-ad4f52638894","local_time":"20210106003055","is_ascension_mode":false,"campfire_choices":[{"data":"hermit:TakeAim","floor":7,"key":"SMITH"},{"floor":15,"key":"REST"}],"circlet_count":0,"master_deck":["hermit:Strike_Hermit","hermit:Strike_Hermit","hermit:Strike_Hermit","hermit:Strike_Hermit","hermit:Defend_Hermit","hermit:Defend_Hermit","hermit:Defend_Hermit","hermit:Defend_Hermit","hermit:Snapshot","hermit:Headshot","hermit:HeroicBravado","hermit:Manifest","hermit:TakeAim+1","hermit:Shortfuse","hermit:Spite","hermit:CalledShot","hermit:Coalescence","hermit:Deadeye","hermit:FromBeyond","hermit:CalledShot","hermit:Grudge","hermit:DeadOrAlive","Writhe","Clumsy","ReplayTheSpireMod:IOU","hermit:Maintenance"],"relics":["hermit:Momento","Hammer of Thor","Seething Fire","Anvil of the Gods","NeowsBlessing","StuffTheSpire:Nightcore","Nunchaku","Tiny Chest","Replay:Ancient Bell","Replay:Wax Seal","Molten Egg 2","aspiration:HatOfInfinitePower"],"acts_visited":["Exordium","TheCity"],"potions_floor_usage":[13,16,16],"damage_taken":[{"damage":0,"enemies":"Jaw Worm","floor":1,"turns":1},{"damage":0,"enemies":"Cultist","floor":3,"turns":1},{"damage":0,"enemies":"Lagavulin","floor":6,"turns":1},{"damage":16,"enemies":"Replay:BlueRogue","floor":8,"turns":5},{"damage":1,"enemies":"2 Louse","floor":10,"turns":2},{"damage":8,"enemies":"2 Fungi Beasts","floor":11,"turns":3},{"damage":22,"enemies":"Gremlin Gang","floor":13,"turns":5},{"damage":13,"enemies":"3 Louse","floor":14,"turns":3},{"damage":29,"enemies":"Slime Boss","floor":16,"turns":13},{"damage":50,"enemies":"Shell Parasite","floor":18,"turns":9},{"damage":30,"enemies":"2 Thieves","floor":19,"turns":2}],"seed_played":"1423423903368265385","potions_obtained":[{"floor":1,"key":"Fire Potion"},{"floor":10,"key":"Milkshake"},{"floor":13,"key":"hermit:Tonic"},{"floor":18,"key":"Fire Potion"}],"is_trial":false,"path_per_floor":["M","?","M","$","?","E","R","E","T","M","M","$","M","M","R","B",null,"M","M"],"character_chosen":"HERMIT","items_purchased":["hermit:TakeAim","hermit:Deadeye","hermit:FromBeyond"],"campfire_rested":1,"item_purchase_floors":[4,12,12],"current_hp_per_floor":[75,75,75,75,75,75,75,59,59,58,50,50,28,15,37,8,75,25,0,0],"gold":114,"neow_bonus":"THREE_ENEMY_KILL","is_daily":false,"chose_seed":false,"campfire_upgraded":1,"win_rate":0.0,"timestamp":1609911055,"path_taken":["M","?","?","?","?","E","R","E","T","M","M","$","M","?","R","BOSS","M","M"],"items_purchased_type":["Card","Card","Card"],"build_version":"2020-12-22","purchased_purges":0,"victory":false,"max_hp_per_floor":[75,75,75,75,75,75,75,75,75,75,75,75,75,75,75,75,75,75,75,75],"card_choices":[{"not_picked":["hermit:Combo","hermit:Coalescence"],"picked":"hermit:Headshot","floor":1},{"not_picked":["hermit:Headshot","hermit:Misfire"],"picked":"hermit:Manifest","floor":3},{"not_picked":["hermit:Manifest","hermit:SprayPray"],"picked":"hermit:Shortfuse","floor":6},{"not_picked":["hermit:LuckOfTheDraw","hermit:HoleUp"],"picked":"hermit:Spite","floor":8},{"not_picked":["hermit:TakeAim","hermit:Roulette"],"picked":"hermit:CalledShot","floor":10},{"not_picked":["hermit:Purgatory","hermit:Shortfuse"],"picked":"hermit:Coalescence","floor":11},{"not_picked":["hermit:SprayPray","hermit:Midnight"],"picked":"hermit:CalledShot","floor":13},{"not_picked":["hermit:Roulette","hermit:WideOpen"],"picked":"hermit:Grudge","floor":14},{"not_picked":["hermit:FromBeyond","hermit:EternalForm"],"picked":"hermit:DeadOrAlive","floor":16},{"not_picked":["Pain","Overencumbered"],"picked":"Writhe","floor":17},{"not_picked":["ReplayTheSpireMod:Restless Dread","Slimebound:Icky"],"picked":"Clumsy","floor":17},{"not_picked":["Languid","Pain"],"picked":"ReplayTheSpireMod:IOU","floor":17},{"not_picked":["hermit:Shortfuse+1","hermit:DeadMansHand"],"picked":"hermit:Maintenance","floor":18}],"player_experience":121774,"relics_obtained":[{"floor":6,"key":"StuffTheSpire:Nightcore"},{"floor":8,"key":"Nunchaku"},{"floor":9,"key":"Tiny Chest"}],"event_choices":[{"damage_healed":0,"gold_gain":0,"cards_transformed":["hermit:Covet"],"player_choice":"Transformed","damage_taken":0,"max_hp_gain":0,"max_hp_loss":0,"event_name":"Transmorgrifier","floor":2,"gold_loss":0,"cards_obtained":["hermit:HeroicBravado"]},{"damage_healed":0,"gold_gain":0,"player_choice":"Ignored","damage_taken":0,"max_hp_gain":0,"max_hp_loss":0,"event_name":"Purifier","floor":5,"gold_loss":0}],"is_beta":false,"boss_relics":[{"not_picked":["StuffTheSpire:ModemDavis","Calling Bell"],"picked":"Replay:Ancient Bell"},{"not_picked":["Replay:Bandana","aspiration:HiddenCompartment"],"picked":"Replay:Wax Seal"},{"not_picked":["Frozen Egg 2","jedi:angrymask"],"picked":"Molten Egg 2"},{"not_picked":["Turnip","construct:BoolHorns"],"picked":"aspiration:HatOfInfinitePower"}],"items_purged_floors":[],"is_endless":false,"potions_floor_spawned":[1,10,13,18],"killed_by":"2 Thieves","ascension_level":0}}