{"host":"k4et7hlhlqy8fuoz","time":1609970420,"event":{"mods":["2.2 Compatiblity","AchievementEnabler","BaseMod","Colored Map","DeckTracker","Highlight Path","Minty Spire (QoL Compilation)","Random Character Button","Rare Cards Sparkle"],"gold_per_floor":[214,214,226,44,269,269,280,295,347,397,397,408,427,477,477,574,574,591,84,102,102,102],"floor_reached":21,"playtime":1287,"items_purged":["Doubt"],"score":171,"play_id":"792d2b50-816a-4492-bd6c-847de73b6fe2","local_time":"20210106230020","is_ascension_mode":false,"campfire_choices":[{"data":"Anger","floor":6,"key":"SMITH"},{"data":"Cleave","floor":11,"key":"SMITH"},{"floor":15,"key":"REST"}],"circlet_count":0,"master_deck":["Strike_R","Strike_R","Strike_R","Strike_R","Strike_R","Defend_R","Defend_R","Defend_R","Defend_R","Bash+1","Anger+1","Inflame","Flex","Cleave+1","Warcry+1","Clothesline","Uppercut","Impervious","Pummel","Searing Blow","Transmutation","Rupture","Flex"],"relics":["Burning Blood","SsserpentHead","Regal Pillow","Juzu Bracelet","Runic Cube","Lantern"],"acts_visited":["Exordium","TheCity"],"potions_floor_usage":[16,16,21],"damage_taken":[{"damage":3,"enemies":"Small Slimes","floor":1,"turns":4},{"damage":0,"enemies":"Cultist","floor":3,"turns":3},{"damage":7,"enemies":"2 Louse","floor":7,"turns":2},{"damage":11,"enemies":"Large Slime","floor":8,"turns":5},{"damage":30,"enemies":"Exordium Thugs","floor":12,"turns":4},{"damage":0,"enemies":"Exordium Wildlife","floor":13,"turns":2},{"damage":38,"enemies":"Slime Boss","floor":16,"turns":11},{"damage":5,"enemies":"Chosen","floor":18,"turns":4},{"damage":45,"enemies":"2 Thieves","floor":20,"turns":5},{"damage":46,"enemies":"Shelled Parasite and Fungi","floor":21,"turns":5}],"seed_played":"-7939341766599985229","potions_obtained":[{"floor":3,"key":"ElixirPotion"},{"floor":7,"key":"SkillPotion"},{"floor":12,"key":"GamblersBrew"},{"floor":18,"key":"CultistPotion"}],"is_trial":false,"path_per_floor":["M","?","M","$","?","R","M","M","T","?","R","M","M","?","R","B",null,"M","$","M","M"],"character_chosen":"IRONCLAD","items_purchased":["Regal Pillow","Flex","Lantern","Searing Blow","Transmutation","Rupture"],"campfire_rested":1,"item_purchase_floors":[4,4,19,19,19,19],"current_hp_per_floor":[80,80,80,80,80,80,79,74,74,79,79,55,61,44,84,52,85,85,85,46,0,0],"gold":102,"neow_bonus":"HUNDRED_GOLD","is_daily":false,"chose_seed":false,"campfire_upgraded":2,"win_rate":0.0,"timestamp":1609970420,"path_taken":["M","?","M","$","?","R","M","M","T","?","R","M","M","?","R","BOSS","M","$","M","M"],"items_purchased_type":["Relic","Card","Relic","Card","Card","Card"],"build_version":"2020-12-22","purchased_purges":1,"victory":false,"max_hp_per_floor":[80,80,80,80,80,80,80,80,80,85,85,85,85,85,85,85,85,85,85,85,85,85],"card_choices":[{"not_picked":["Headbutt","Power Through"],"picked":"Anger","floor":1},{"not_picked":["True Grit","Clothesline"],"picked":"Inflame","floor":3},{"not_picked":["Twin Strike","Rage"],"picked":"Cleave","floor":7},{"not_picked":["Perfected Strike","True Grit"],"picked":"Warcry","floor":8},{"not_picked":["Armaments","True Grit"],"picked":"Clothesline","floor":12},{"not_picked":["Cleave","Sword Boomerang"],"picked":"Uppercut","floor":13},{"not_picked":["Reaper","Berserk"],"picked":"Impervious","floor":16},{"not_picked":["Warcry","Pommel Strike"],"picked":"Pummel","floor":18},{"not_picked":["Cleave","Anger"],"picked":"Flex","floor":20}],"player_experience":79780,"relics_obtained":[{"floor":9,"key":"Juzu Bracelet"}],"event_choices":[{"damage_healed":0,"gold_gain":0,"player_choice":"Trade","damage_taken":0,"relics_obtained":["SsserpentHead"],"max_hp_gain":0,"max_hp_loss":0,"event_name":"FaceTrader","floor":2,"gold_loss":0},{"damage_healed":0,"gold_gain":175,"player_choice":"AGREE","damage_taken":0,"max_hp_gain":0,"max_hp_loss":0,"event_name":"Liars Game","floor":5,"gold_loss":0,"cards_obtained":["Doubt"]},{"damage_healed":0,"gold_gain":0,"player_choice":"Donut","damage_taken":0,"max_hp_gain":5,"max_hp_loss":0,"event_name":"Big Fish","floor":10,"gold_loss":0},{"damage_healed":0,"gold_gain":0,"player_choice":"Entered Light","damage_taken":17,"max_hp_gain":0,"max_hp_loss":0,"event_name":"Shining Light","floor":14,"gold_loss":0,"cards_upgraded":["Warcry","Bash"]}],"is_beta":false,"boss_relics":[{"not_picked":["Runic Pyramid","SacredBark"],"picked":"Runic Cube"}],"items_purged_floors":[19],"is_endless":false,"potions_floor_spawned":[3,7,12,18],"killed_by":"Shelled Parasite and Fungi","ascension_level":0}}