{"host":"gg","time":1609913373,"event":{"mods":["BaseMod","Colored Map","Googly Eyes","Minty Spire (QoL Compilation)","Permanent Neow","Relic Stats","The IronCluck"],"gold_per_floor":[117,167,182,196,271,271,271,297,297,297,322,60,90,108,108,185,185,223,223,223,264,25,25,75,86,86,115,153,153,208,227,227,327,327,395,431,356,190,190,266,266,266,266,324,394,394,426,444,444,469,519,519,519,3,28,28],"floor_reached":57,"playtime":9331,"items_purged":["Writhe","Doubt"],"score":2982,"play_id":"034e94b8-3266-4ad7-9d0c-6237f1908906","local_time":"20210105220933","is_ascension_mode":true,"campfire_choices":[{"data":"Eruption","floor":6.0,"key":"SMITH"},{"data":"CrushJoints","floor":10.0,"key":"SMITH"},{"data":"Brilliance","floor":15.0,"key":"SMITH"},{"data":"Meditate","floor":23.0,"key":"SMITH"},{"data":"Scrawl","floor":29.0,"key":"SMITH"},{"data":"MentalFortress","floor":32.0,"key":"SMITH"},{"data":"CutThroughFate","floor":42.0,"key":"SMITH"},{"floor":46,"key":"RECALL"},{"data":"Secret Weapon","floor":49,"key":"SMITH"},{"data":"WaveOfTheHand","floor":53,"key":"SMITH"}],"circlet_count":0,"master_deck":["AscendersBane","Strike_P","Strike_P","Strike_P","Defend_P","Defend_P","Defend_P","Eruption+1","Vigilance","FollowUp","BowlingBash","CrushJoints+1","Wallop","Meditate+1","Brilliance+1","Wish","CutThroughFate","CutThroughFate+1","FearNoEvil+1","CutThroughFate+1","JustLucky+1","EmptyBody+1","Scrawl+1","WheelKick+1","MentalFortress+1","Wallop+1","Consecrate","WaveOfTheHand+1","Omniscience","MentalFortress+1","LessonLearned","PathToVictory","Wireheading","Panacea","Dark Shackles","Secret Weapon+1","Tantrum","Ragnarok","MentalFortress","EmptyFist"],"relics":["SlaversCollar","Ornamental Fan","Eternal Feather","White Beast Statue","Gremlin Horn","Yang","Cursed Key","Orichalcum","Orrery","Pen Nib","Question Card","Bag of Marbles","Snecko Eye","Lantern","Oddly Smooth Stone","Strawberry","Darkstone Periapt","ClockworkSouvenir","Sundial"],"acts_visited":["Exordium","TheCity","TheBeyond","TheEnding"],"potions_floor_usage":[44,47,51,56,56],"damage_taken":[{"damage":12.0,"enemies":"2 Louse","floor":1.0,"turns":5.0},{"damage":1.0,"enemies":"Cultist","floor":3.0,"turns":3.0},{"damage":5.0,"enemies":"Small Slimes","floor":4.0,"turns":2.0},{"damage":3.0,"enemies":"Gremlin Nob","floor":8.0,"turns":3.0},{"damage":18.0,"enemies":"Lagavulin","floor":11.0,"turns":4.0},{"damage":0.0,"enemies":"3 Sentries","floor":13.0,"turns":3.0},{"damage":0.0,"enemies":"2 Fungi Beasts","floor":14.0,"turns":2.0},{"damage":8.0,"enemies":"Hexaghost","floor":16.0,"turns":6.0},{"damage":0.0,"enemies":"Spheric Guardian","floor":18.0,"turns":2.0},{"damage":14.0,"enemies":"3 Byrds","floor":21.0,"turns":4.0},{"damage":14.0,"enemies":"Slavers","floor":24.0,"turns":3.0},{"damage":12.0,"enemies":"Snake Plant","floor":25.0,"turns":3.0},{"damage":0.0,"enemies":"Book of Stabbing","floor":27.0,"turns":3.0},{"damage":0.0,"enemies":"Snecko","floor":28.0,"turns":2.0},{"damage":5.0,"enemies":"Slavers","floor":30.0,"turns":5.0},{"damage":0.0,"enemies":"Shelled Parasite and Fungi","floor":31.0,"turns":2.0},{"damage":4.0,"enemies":"Champ","floor":33.0,"turns":9.0},{"damage":3.0,"enemies":"3 Darklings","floor":35.0,"turns":5.0},{"damage":0.0,"enemies":"Orb Walker","floor":36.0,"turns":2.0},{"damage":0.0,"enemies":"Nemesis","floor":40.0,"turns":5.0},{"damage":14,"enemies":"Giant Head","floor":44,"turns":6},{"damage":8,"enemies":"3 Darklings","floor":45,"turns":3},{"damage":0,"enemies":"Reptomancer","floor":47,"turns":3},{"damage":0,"enemies":"Spire Growth","floor":48,"turns":3},{"damage":11,"enemies":"Awakened One","floor":50,"turns":12},{"damage":65,"enemies":"Time Eater","floor":51,"turns":12},{"damage":2,"enemies":"Shield and Spear","floor":55,"turns":2},{"damage":48,"enemies":"The Heart","floor":56,"turns":8}],"seed_played":"-746164755209325602","potions_obtained":[{"floor":4.0,"key":"GamblersBrew"},{"floor":11.0,"key":"Explosive Potion"},{"floor":13.0,"key":"FearPotion"},{"floor":14.0,"key":"Fire Potion"},{"floor":18.0,"key":"Explosive Potion"},{"floor":24.0,"key":"FearPotion"},{"floor":25.0,"key":"Strength Potion"},{"floor":27.0,"key":"FearPotion"},{"floor":30.0,"key":"BlessingOfTheForge"},{"floor":33.0,"key":"BlessingOfTheForge"},{"floor":36.0,"key":"DistilledChaos"},{"floor":40.0,"key":"Ancient Potion"},{"floor":44,"key":"Explosive Potion"},{"floor":45,"key":"SteroidPotion"},{"floor":47,"key":"Regen Potion"}],"is_trial":false,"path_per_floor":["M","?","M","M","?","R","?","E","T","R","E","$","E","M","R","B",null,"M","?","?","M","$","R","E","M","T","E","M","R","E","M","R","B",null,"M","M","?","$","T","E","?","R","T","E","M","R","E","M","R","B","B",null,"R","$","E","B",null],"character_chosen":"WATCHER","items_purchased":["Gremlin Horn","Orrery","Lantern","CultistPotion","ClockworkSouvenir","MentalFortress","EmptyFist"],"campfire_rested":0,"item_purchase_floors":[12,22,38,54,54,54,54],"current_hp_per_floor":[49,43,42,37,26,26,26,23,23,29,11,11,11,11,20,12,54,54,54,35,21,21,33,19,7,7,7,7,22,17,17,35,31,63,60,60,60,60,60,60,50,71,71,64,56,77,77,77,80,69,19,65,80,80,78,30],"gold":28,"neow_bonus":"BOSS_RELIC","is_daily":false,"chose_seed":false,"campfire_upgraded":9,"win_rate":0.0,"timestamp":1609913373,"path_taken":["M","?","?","M","?","R","?","E","T","R","E","$","E","M","R","BOSS","M","?","?","M","$","R","E","M","T","E","M","R","E","M","R","BOSS","M","M","?","$","?","E","?","R","T","E","M","R","E","M","R","BOSS","BOSS","R","$","E","BOSS"],"items_purchased_type":["Relic","Relic","Relic","Potion","Relic","Card","Card"],"build_version":"2020-12-18","purchased_purges":2,"victory":true,"max_hp_per_floor":[68,68,68,68,68,68,68,68,68,68,68,68,68,68,68,68,68,68,68,73,73,73,73,73,73,73,73,73,73,73,73,73,73,73,73,73,73,73,73,73,73,73,73,80,80,80,80,80,80,80,80,80,80,80,80,80],"relic_stats":{"Darkstone Periapt":0,"Gremlin Horn":[24,25],"counters":[28,122],"Eternal Feather":120,"Yang":[332],"Pen Nib":[28],"Orichalcum":[48],"Cursed Key":1,"Question Card":15,"Ornamental Fan":[324],"Sundial":[0],"Snecko Eye":[136,118,151,110],"obtain_stats":[{"Darkstone Periapt":47,"Lantern":38,"Gremlin Horn":12,"Oddly Smooth Stone":40,"Eternal Feather":9,"Yang":13,"Pen Nib":24,"Orichalcum":19,"Cursed Key":17,"Question Card":27,"White Beast Statue":11,"ClockworkSouvenir":54,"SlaversCollar":0,"Ornamental Fan":8,"Sundial":55,"Strawberry":44,"Orrery":22,"Snecko Eye":34,"Bag of Marbles":30,"PureWater":0},{"Darkstone Periapt":23,"Lantern":19,"Gremlin Horn":5,"Oddly Smooth Stone":20,"Eternal Feather":4,"Yang":6,"Pen Nib":11,"Orichalcum":9,"Cursed Key":8,"Question Card":13,"White Beast Statue":5,"ClockworkSouvenir":26,"SlaversCollar":0,"Ornamental Fan":4,"Sundial":27,"Strawberry":21,"Orrery":10,"Snecko Eye":17,"Bag of Marbles":15,"PureWater":0},{"Darkstone Periapt":85,"Lantern":68,"Gremlin Horn":17,"Oddly Smooth Stone":73,"Eternal Feather":13,"Yang":20,"Pen Nib":37,"Orichalcum":30,"Cursed Key":28,"Question Card":43,"White Beast Statue":17,"ClockworkSouvenir":112,"SlaversCollar":0,"Ornamental Fan":13,"Sundial":114,"Strawberry":79,"Orrery":34,"Snecko Eye":61,"Bag of Marbles":50,"PureWater":0}]},"card_choices":[{"not_picked":["Halt","JustLucky"],"picked":"FollowUp","floor":1.0},{"not_picked":["DeceiveReality","Swivel","EmptyMind"],"picked":"SKIP","floor":3.0},{"not_picked":["Evaluate","EmptyFist"],"picked":"BowlingBash","floor":4.0},{"not_picked":["Crescendo","BattleHymn"],"picked":"CrushJoints","floor":8.0},{"not_picked":["BowlingBash","Worship"],"picked":"Wallop","floor":11.0},{"not_picked":["Crescendo","Consecrate"],"picked":"Meditate","floor":13.0},{"not_picked":["WheelKick","FlyingSleeves"],"picked":"Brilliance","floor":14.0},{"not_picked":["DeusExMachina","Alpha"],"picked":"Wish","floor":16.0},{"not_picked":["Evaluate","Prostrate"],"picked":"CutThroughFate","floor":18.0},{"not_picked":["Protect+1","FollowUp"],"picked":"CutThroughFate","floor":21.0},{"not_picked":["Evaluate+1","EmptyBody"],"picked":"FearNoEvil","floor":22.0},{"not_picked":["Halt","EmptyBody"],"picked":"CutThroughFate+1","floor":22.0},{"not_picked":["Halt","Brilliance"],"picked":"JustLucky","floor":22.0},{"not_picked":["Prostrate","Consecrate"],"picked":"EmptyBody+1","floor":22.0},{"not_picked":["Sanctity","Wireheading"],"picked":"Scrawl","floor":24.0},{"not_picked":["FlyingSleeves","Prostrate"],"picked":"WheelKick+1","floor":25.0},{"not_picked":["MasterReality","FollowUp"],"picked":"MentalFortress","floor":27.0},{"not_picked":["Protect","Consecrate","PathToVictory"],"picked":"Wallop","floor":28.0},{"not_picked":["EmptyFist","Collect","ClearTheMind"],"picked":"Consecrate","floor":30.0},{"not_picked":["Collect","ThirdEye","EmptyBody"],"picked":"WaveOfTheHand","floor":31.0},{"not_picked":["Judgement","LessonLearned","Wish"],"picked":"Omniscience","floor":33.0},{"not_picked":["EmptyFist","Protect","Evaluate","DeceiveReality"],"picked":"SKIP","floor":35.0},{"not_picked":["ThirdEye","CrushJoints+1","ConjureBlade"],"picked":"MentalFortress","floor":36.0},{"not_picked":["Protect","EmptyBody","ForeignInfluence"],"picked":"Wireheading","floor":40.0},{"not_picked":["PanicButton","Metamorphosis","Jack Of All Trades"],"picked":"Panacea","floor":41.0},{"not_picked":["Good Instincts","Panache","Master of Strategy"],"picked":"Dark Shackles","floor":41.0},{"not_picked":["Good Instincts","Mind Blast","Bandage Up"],"picked":"Secret Weapon","floor":41.0},{"not_picked":["Protect","ClearTheMind","Pray+1"],"picked":"Tantrum","floor":44},{"not_picked":["Crescendo","LikeWater","Consecrate"],"picked":"Ragnarok","floor":45},{"not_picked":["Prostrate","Wireheading","FollowUp","ThirdEye"],"picked":"SKIP","floor":47},{"not_picked":["CarveReality","Study","ForeignInfluence","WindmillStrike"],"picked":"SKIP","floor":48},{"not_picked":["CrushJoints","Prostrate+1","Establishment","WreathOfFlame+1"],"picked":"SKIP","floor":55}],"player_experience":1061615,"relics_obtained":[{"floor":8.0,"key":"Ornamental Fan"},{"floor":9.0,"key":"Eternal Feather"},{"floor":11.0,"key":"White Beast Statue"},{"floor":13.0,"key":"Yang"},{"floor":24.0,"key":"Pen Nib"},{"floor":27.0,"key":"Question Card"},{"floor":30.0,"key":"Bag of Marbles"},{"floor":40.0,"key":"Oddly Smooth Stone"},{"floor":44,"key":"Strawberry"},{"floor":47,"key":"Darkstone Periapt"},{"floor":55,"key":"Sundial"}],"event_choices":[{"damage_healed":0.0,"max_hp_gain":0.0,"max_hp_loss":0.0,"gold_gain":50.0,"event_name":"FaceTrader","player_choice":"Touch","floor":2.0,"gold_loss":0.0,"damage_taken":6.0},{"damage_healed":0.0,"max_hp_gain":0.0,"max_hp_loss":0.0,"gold_gain":75.0,"event_name":"World of Goop","player_choice":"Gather Gold","floor":5.0,"gold_loss":0.0,"damage_taken":11.0},{"damage_healed":0.0,"max_hp_gain":0.0,"max_hp_loss":0.0,"gold_gain":0.0,"event_name":"Shining Light","player_choice":"Ignored","floor":7.0,"gold_loss":0.0,"damage_taken":0.0},{"damage_healed":0.0,"max_hp_gain":0.0,"max_hp_loss":0.0,"gold_gain":0.0,"event_name":"The Mausoleum","player_choice":"Opened","floor":19.0,"gold_loss":0.0,"damage_taken":0.0,"relics_obtained":["Orichalcum"],"cards_obtained":["Writhe"]},{"damage_healed":0.0,"max_hp_gain":5.0,"max_hp_loss":0.0,"gold_gain":0.0,"event_name":"Forgotten Altar","player_choice":"Shed Blood","floor":20.0,"gold_loss":0.0,"damage_taken":24.0},{"damage_healed":0.0,"max_hp_gain":0.0,"max_hp_loss":0.0,"gold_gain":0.0,"cards_transformed":["Strike_P","Defend_P"],"event_name":"Designer","player_choice":"Transformed Cards","floor":37.0,"gold_loss":75.0,"damage_taken":0.0,"cards_obtained":["LessonLearned","PathToVictory"]},{"damage_healed":0.0,"max_hp_gain":0.0,"max_hp_loss":0.0,"gold_gain":0.0,"event_name":"SensoryStone","player_choice":"Memory 3","floor":41.0,"gold_loss":0.0,"damage_taken":10.0}],"is_beta":true,"boss_relics":[{"not_picked":["Velvet Choker","Busted Crown"],"picked":"Cursed Key"},{"not_picked":["Tiny House","Black Star"],"picked":"Snecko Eye"}],"items_purged_floors":[22,54],"is_endless":false,"potions_floor_spawned":[4,11,13,14,16,18,21,24,25,27,28,30,31,33,35,36,40,44,45,47,48,55],"ascension_level":20}}