{"host":"7qf1todfnxspvw7w","time":1609899049,"event":{"mods":["BaseMod","BetterRewards","Block Reminder","Colored Powertips","Disable Question Mark Monsters","Displayed Cursed Tome","Downfall","Gold Saver","Googly Eyes","Infinite Spire","Ironclad Rager","Lobotomy","Minty Spire (QoL Compilation)","Rare Cards Sparkle","Relic Stats","Reorder Act Four","Replay The Spire","SacredBarkPlus","Shop Mod","StSLib","Uncapped"],"gold_per_floor":[1208,1227,1239,1199,1209,1209,1209,1209],"floor_reached":7,"playtime":238,"items_purged":[],"score":49,"play_id":"96e547b8-7747-4c86-8d9b-5b956fe4546a","local_time":"20210106051049","is_ascension_mode":true,"campfire_choices":[{"floor":6,"key":"REST"}],"circlet_count":0,"master_deck":["SpecialBullet","SpecialBullet","SpecialBullet","SpecialBullet","SpecialBullet","SpecialBullet","SpecialBullet","SpecialBullet","WelfareCode","InformationCode","CentralCode","Regret","RedEyes","BloodyDesire"],"relics":["CogitoBucket","infinitespire:EmpoweringShard"],"acts_visited":["Exordium"],"potions_floor_usage":[],"damage_taken":[{"damage":7,"enemies":"Small Slimes","floor":1,"turns":3},{"damage":2,"enemies":"Cultist","floor":2,"turns":2},{"damage":11,"enemies":"2 Louse","floor":3,"turns":2},{"damage":37,"enemies":"Gremlin Gang","floor":5,"turns":5},{"damage":40,"enemies":"3 Sentries","floor":7,"turns":5}],"seed_played":"-790566773127220243","potions_obtained":[{"floor":1,"key":"Dexterity Potion"}],"is_trial":false,"path_per_floor":["M","M","M","$","M","R","E"],"character_chosen":"Angela","items_purchased":["BloodyDesire"],"campfire_rested":1,"item_purchase_floors":[4],"current_hp_per_floor":[63,61,50,50,13,34,0,0],"gold":1209,"neow_bonus":"RANDOM_EVENT","is_daily":false,"chose_seed":false,"campfire_upgraded":0,"win_rate":0.0,"timestamp":1609899049,"path_taken":["M","M","M","$","M","R","E"],"items_purchased_type":["Card"],"build_version":"2020-12-22","purchased_purges":0,"victory":false,"max_hp_per_floor":[70,70,70,70,70,70,70,70],"relic_stats":{"counters":[5,17],"obtain_stats":[{"CogitoBucket":0,"infinitespire:EmpoweringShard":0},{"CogitoBucket":0,"infinitespire:EmpoweringShard":0},{"CogitoBucket":0,"infinitespire:EmpoweringShard":0}]},"card_choices":[{"not_picked":["Wingbeat","Loneliness"],"picked":"SKIP","floor":1},{"not_picked":["CUTE"],"picked":"RedEyes","floor":2},{"not_picked":["CherryBlossom","Tough"],"picked":"SKIP","floor":3},{"not_picked":["Loneliness","Tough"],"picked":"SKIP","floor":5}],"player_experience":533319,"relics_obtained":[],"event_choices":[{"damage_healed":0,"gold_gain":0,"player_choice":"Box","damage_taken":0,"relics_obtained":["infinitespire:EmpoweringShard"],"max_hp_gain":0,"max_hp_loss":0,"event_name":"Big Fish","floor":0,"gold_loss":0,"cards_obtained":["Regret"]}],"is_beta":false,"boss_relics":[],"items_purged_floors":[],"is_endless":false,"potions_floor_spawned":[1],"killed_by":"3 Sentries","ascension_level":3}}