{"host":"50qwps766cbz6ukm","time":1609935818,"event":{"mods":["BaseMod","Colored Map","Colored Powertips","DeckTracker","Highlight Path","Infinite Spire","Minty Spire (QoL Compilation)","Quick Restart","Remove Card Discount Mod","StSLib","SuperFastMode","Synergy Search"],"gold_per_floor":[211,229,304,304,141,169,444,444,444,461,477,442,442,477,477,477,477],"floor_reached":16,"playtime":388,"items_purged":["Writhe","Injury","Strike_P","Strike_P","Defend_P","Defend_P"],"score":135,"play_id":"b6398238-9289-4a2c-aca6-4a235625ed27","local_time":"20210106142338","is_ascension_mode":true,"campfire_choices":[{"floor":8,"key":"RECALL"},{"floor":15,"key":"REST"}],"circlet_count":0,"master_deck":["Strike_P","Strike_P","Defend_P","Defend_P","Eruption","Vigilance","Halt","FollowUp","infinitespire:DeathsTouch","Adaptation","CarveReality","ForeignInfluence","Regret","Consecrate","Study","TalkToTheHand"],"relics":["PureWater","Oddly Smooth Stone","Blood Vial","Pear"],"acts_visited":["Exordium"],"potions_floor_usage":[],"damage_taken":[{"damage":9,"enemies":"Small Slimes","floor":1,"turns":4},{"damage":8,"enemies":"Jaw Worm","floor":2,"turns":6},{"damage":29,"enemies":"Lagavulin","floor":6,"turns":5},{"damage":0,"enemies":"Cultist","floor":10,"turns":2},{"damage":0,"enemies":"Large Slime","floor":11,"turns":2},{"damage":27,"enemies":"3 Sentries","floor":14,"turns":3},{"damage":48,"enemies":"The Guardian","floor":16,"turns":6}],"seed_played":"-8931388623129770454","potions_obtained":[{"floor":10,"key":"Ancient Potion"},{"floor":14,"key":"SneckoOil"}],"is_trial":false,"path_per_floor":["M","M","?","?","$","E","?","R","T","M","M","?","?","E","R","B"],"character_chosen":"WATCHER","items_purchased":["Adaptation","CarveReality"],"campfire_rested":1,"item_purchase_floors":[5,5],"current_hp_per_floor":[63,55,44,44,44,15,15,15,15,17,19,37,37,22,46,0,0],"gold":477,"neow_bonus":"HUNDRED_GOLD","is_daily":false,"chose_seed":false,"campfire_upgraded":0,"win_rate":0.0,"timestamp":1609935818,"path_taken":["M","M","?","?","$","E","?","R","T","M","?","?","?","E","R","BOSS"],"items_purchased_type":["Card","Card"],"build_version":"2020-12-22","purchased_purges":6,"victory":false,"max_hp_per_floor":[72,72,72,72,72,72,72,72,72,72,72,72,72,82,82,82,82],"card_choices":[{"not_picked":["SignatureMove","ThirdEye"],"picked":"Halt","floor":1},{"not_picked":["EmptyBody","BowlingBash"],"picked":"FollowUp","floor":2},{"not_picked":["infinitespire:SealOfDarkness+","infinitespire:Oblivion"],"picked":"infinitespire:DeathsTouch","floor":4},{"not_picked":["Crescendo","CrushJoints"],"picked":"ForeignInfluence","floor":6},{"not_picked":["Halt","Omniscience"],"picked":"Consecrate","floor":10},{"not_picked":["DeceiveReality","Tantrum"],"picked":"Study","floor":11},{"not_picked":["Wireheading","ClearTheMind"],"picked":"TalkToTheHand","floor":14}],"player_experience":559750,"relics_obtained":[{"floor":6,"key":"Oddly Smooth Stone"},{"floor":9,"key":"Blood Vial"},{"floor":14,"key":"Pear"}],"event_choices":[{"damage_healed":0,"gold_gain":75,"player_choice":"Gather Gold","damage_taken":11,"max_hp_gain":0,"max_hp_loss":0,"event_name":"World of Goop","floor":3,"gold_loss":0},{"damage_healed":0,"gold_gain":275,"player_choice":"Desecrate","damage_taken":0,"max_hp_gain":0,"max_hp_loss":0,"event_name":"Golden Shrine","floor":7,"gold_loss":0,"cards_obtained":["Regret"]},{"damage_healed":18,"gold_gain":0,"player_choice":"Healed","damage_taken":0,"max_hp_gain":0,"max_hp_loss":0,"event_name":"The Cleric","floor":12,"gold_loss":35}],"is_beta":false,"boss_relics":[],"items_purged_floors":[5,5,5,5,5,5],"is_endless":false,"potions_floor_spawned":[10,14],"killed_by":"The Guardian","ascension_level":5}}