{"host":"dmdprxj8bosbz96f","time":1609948507,"event":{"mods":["AchievementEnabler","BaseMod","Colored Map","DeckTracker","Minty Spire (QoL Compilation)","Quick Restart","SuperFastMode","everything is the same but u backflip on backflip"],"gold_per_floor":[114,128,141,111,13,45,45,45,45,45,45,77,95,106,106,208,208,219,97,107,107,55,55,81,81,81,106,118,130,30,42,42,42,42],"floor_reached":33,"playtime":1236,"items_purged":["Defend_G","Defend_G"],"score":369,"play_id":"9ecc4648-6201-40e4-9d6e-acc93f82bd8c","local_time":"20210107005507","is_ascension_mode":true,"campfire_choices":[{"floor":7.0,"key":"REST"},{"floor":11.0,"key":"REST"},{"floor":15.0,"key":"REST"},{"floor":23.0,"key":"REST"},{"floor":32.0,"key":"REST"}],"circlet_count":0,"master_deck":["Strike_G","Strike_G","Strike_G","Strike_G","Strike_G","Defend_G","Defend_G","Defend_G","Survivor","Neutralize","Night Terror","Well Laid Plans","Underhanded Strike","Blade Dance","Blade Dance","PiercingWail","Prepared","Noxious Fumes","PiercingWail","Deadly Poison","Corpse Explosion","Catalyst","Crippling Poison","Prepared","Cloak And Dagger","Backflip","Calculated Gamble","Parasite","Eviscerate","Adrenaline","Finisher","Crippling Poison"],"relics":["Question Card","Meat on the Bone","HornCleat","Sundial","Cursed Key","Nloth\u0027s Gift","Bronze Scales","Enchiridion","Shuriken","Akabeko"],"acts_visited":["Exordium","TheCity"],"potions_floor_usage":[33],"damage_taken":[{"damage":8.0,"enemies":"Cultist","floor":1.0,"turns":4.0},{"damage":5.0,"enemies":"2 Louse","floor":2.0,"turns":4.0},{"damage":0.0,"enemies":"Small Slimes","floor":3.0,"turns":4.0},{"damage":3.0,"enemies":"Looter","floor":4.0,"turns":4.0},{"damage":38.0,"enemies":"3 Sentries","floor":6.0,"turns":9.0},{"damage":20.0,"enemies":"Gremlin Nob","floor":12.0,"turns":4.0},{"damage":0.0,"enemies":"2 Fungi Beasts","floor":13.0,"turns":4.0},{"damage":3.0,"enemies":"Exordium Thugs","floor":14.0,"turns":4.0},{"damage":28.0,"enemies":"Hexaghost","floor":16.0,"turns":10.0},{"damage":30.0,"enemies":"2 Thieves","floor":18.0,"turns":4.0},{"damage":14.0,"enemies":"Shell Parasite","floor":20.0,"turns":5.0},{"damage":30.0,"enemies":"Slavers","floor":24.0,"turns":6.0},{"damage":13.0,"enemies":"Gremlin Leader","floor":27.0,"turns":6.0},{"damage":5.0,"enemies":"Centurion and Healer","floor":28.0,"turns":4.0},{"damage":16.0,"enemies":"Snake Plant","floor":29.0,"turns":4.0},{"damage":13.0,"enemies":"Shelled Parasite and Fungi","floor":31.0,"turns":3.0},{"damage":65,"enemies":"Champ","floor":33,"turns":7}],"seed_played":"-167416679863388644","potions_obtained":[{"floor":1.0,"key":"LiquidBronze"},{"floor":6.0,"key":"BlessingOfTheForge"},{"floor":12.0,"key":"Ancient Potion"},{"floor":16.0,"key":"Energy Potion"},{"floor":20.0,"key":"SteroidPotion"},{"floor":29.0,"key":"Ancient Potion"},{"floor":31.0,"key":"LiquidMemories"}],"is_trial":false,"path_per_floor":["M","M","M","M","$","E","R","?","T","$","R","E","M","M","R","B",null,"M","$","M","?","$","R","E","?","T","E","M","M","$","M","R","B"],"character_chosen":"THE_SILENT","items_purchased":["PiercingWail","Crippling Poison","Prepared","Backflip"],"campfire_rested":5,"item_purchase_floors":[5,19,19,22],"current_hp_per_floor":[62,57,57,54,54,16,37,37,37,37,58,38,38,47,68,40,63,45,45,43,43,43,64,46,30,30,29,36,32,32,31,52,0,0],"gold":42,"neow_bonus":"ONE_RANDOM_RARE_CARD","is_daily":false,"chose_seed":false,"campfire_upgraded":0,"win_rate":0.0,"timestamp":1609948507,"path_taken":["M","?","M","M","?","E","R","?","T","$","R","E","M","M","R","BOSS","M","$","M","?","?","R","E","?","T","E","M","M","$","M","R","BOSS"],"items_purchased_type":["Card","Card","Card","Card"],"build_version":"2020-12-22","purchased_purges":2,"victory":false,"max_hp_per_floor":[70,70,70,70,70,70,70,70,70,70,70,70,70,70,70,70,70,70,70,70,70,70,70,70,70,70,70,70,70,70,70,70,70,70],"card_choices":[{"not_picked":["Underhanded Strike","Accuracy"],"picked":"Well Laid Plans","floor":1.0},{"not_picked":["Dash","Masterful Stab"],"picked":"Underhanded Strike","floor":2.0},{"not_picked":["Quick Slash","Escape Plan"],"picked":"Blade Dance","floor":3.0},{"not_picked":["Infinite Blades","Heel Hook"],"picked":"Blade Dance","floor":4.0},{"not_picked":["Catalyst","All Out Attack"],"picked":"Prepared","floor":6.0},{"not_picked":["Endless Agony","Distraction","Quick Slash"],"picked":"Noxious Fumes","floor":12.0},{"not_picked":["Caltrops","All Out Attack","Underhanded Strike"],"picked":"PiercingWail","floor":13.0},{"not_picked":["Dodge and Roll","Corpse Explosion","Quick Slash"],"picked":"Deadly Poison","floor":14.0},{"not_picked":["Storm of Steel","Glass Knife","Venomology"],"picked":"Corpse Explosion","floor":16.0},{"not_picked":["Footwork","Well Laid Plans+1","Outmaneuver"],"picked":"Catalyst","floor":18.0},{"not_picked":["Finisher","Caltrops","Sucker Punch"],"picked":"Cloak And Dagger","floor":20.0},{"not_picked":["Concentrate","Masterful Stab+1","Acrobatics"],"picked":"Calculated Gamble","floor":24.0},{"not_picked":["Unload","Blade Dance","Night Terror"],"picked":"Eviscerate","floor":27.0},{"not_picked":["Bane","Noxious Fumes","Finisher"],"picked":"Adrenaline","floor":28.0},{"not_picked":["Flying Knee","Terror","Tools of the Trade"],"picked":"Finisher","floor":29.0},{"not_picked":["Sucker Punch","Slice","Escape Plan"],"picked":"Crippling Poison","floor":31.0}],"player_experience":103715,"relics_obtained":[{"floor":6.0,"key":"Question Card"},{"floor":9.0,"key":"HornCleat"},{"floor":12.0,"key":"Sundial"},{"floor":24.0,"key":"Bronze Scales"},{"floor":25.0,"key":"Enchiridion"},{"floor":26.0,"key":"Shuriken"},{"floor":27.0,"key":"Akabeko"}],"event_choices":[{"damage_healed":0.0,"max_hp_gain":0.0,"max_hp_loss":0.0,"gold_gain":0.0,"event_name":"WeMeetAgain","player_choice":"Gave Potion","floor":8.0,"gold_loss":0.0,"damage_taken":0.0,"relics_obtained":["Meat on the Bone"]},{"damage_healed":0.0,"max_hp_gain":0.0,"max_hp_loss":0.0,"gold_gain":0.0,"event_name":"N\u0027loth","player_choice":"Traded Relic","floor":21.0,"relics_lost":["Ring of the Snake"],"gold_loss":0.0,"damage_taken":0.0,"relics_obtained":["Nloth\u0027s Gift"]},{"damage_healed":0.0,"max_hp_gain":0.0,"max_hp_loss":0.0,"gold_gain":0.0,"event_name":"Cursed Tome","player_choice":"Obtained Book","floor":25.0,"gold_loss":0.0,"damage_taken":16.0}],"is_beta":false,"boss_relics":[{"not_picked":["Coffee Dripper","Black Star"],"picked":"Cursed Key"}],"items_purged_floors":[5,30],"is_endless":false,"potions_floor_spawned":[1,6,12,16,20,29,31],"killed_by":"Champ","ascension_level":5}}