{"host":"jn2qdns2nxijvlnt","time":1609900570,"event":{"mods":["BaseMod","Minty Spire (QoL Compilation)","Quick Restart"],"gold_per_floor":[114,114,130,10,10,10,41,54,54,67,101,114,129,148,148,279,342,363,363,387,387,400,400,435,435,435,435,20,20,20,20,20,140,140,164,164,187,214,229,268,268,283,283,283,283],"floor_reached":44,"playtime":3528,"items_purged":[],"score":567,"play_id":"a0a4e785-3787-4439-bbf7-fc8519c2e204","local_time":"20210105213610","is_ascension_mode":true,"campfire_choices":[{"floor":6.0,"key":"REST"},{"floor":15.0,"key":"REST"},{"floor":23.0,"key":"REST"},{"floor":25.0,"key":"REST"},{"floor":27.0,"key":"REST"},{"data":"Crippling Poison","floor":32.0,"key":"SMITH"},{"floor":41,"key":"REST"}],"circlet_count":0,"master_deck":["Strike_G","Strike_G","Strike_G","Strike_G","Strike_G","Defend_G","Defend_G","Defend_G","Defend_G","Defend_G","Survivor","Neutralize","Crippling Poison+1","Deflect","Backflip","Bane","Cloak And Dagger","Flying Knee","Die Die Die","After Image+1","Blade Dance","Terror+1","Dagger Spray","Die Die Die","Quick Slash+1","Discovery","Catalyst","Slice","Adrenaline","CurseOfTheBell","Caltrops+1","Deadly Poison+1"],"relics":["Ring of the Snake","NeowsBlessing","Golden Idol","Bottled Flame","Orichalcum","Bronze Scales","Tiny House","Enchiridion","TungstenRod","Oddly Smooth Stone","Snake Skull","Paper Crane","Calling Bell","Regal Pillow","Gremlin Horn","CaptainsWheel","Toy Ornithopter","Blood Vial","Shovel"],"acts_visited":["Exordium","TheCity","TheBeyond"],"potions_floor_usage":[42,44],"damage_taken":[{"damage":0.0,"enemies":"Small Slimes","floor":1.0,"turns":1.0},{"damage":0.0,"enemies":"Jaw Worm","floor":3.0,"turns":1.0},{"damage":0.0,"enemies":"3 Sentries","floor":7.0,"turns":1.0},{"damage":1.0,"enemies":"2 Louse","floor":8.0,"turns":2.0},{"damage":0.0,"enemies":"Gremlin Gang","floor":10.0,"turns":3.0},{"damage":2.0,"enemies":"Gremlin Nob","floor":11.0,"turns":3.0},{"damage":19.0,"enemies":"Large Slime","floor":12.0,"turns":6.0},{"damage":3.0,"enemies":"Blue Slaver","floor":13.0,"turns":2.0},{"damage":0.0,"enemies":"Exordium Wildlife","floor":14.0,"turns":5.0},{"damage":49.0,"enemies":"Hexaghost","floor":16.0,"turns":14.0},{"damage":5.0,"enemies":"Spheric Guardian","floor":18.0,"turns":6.0},{"damage":3.0,"enemies":"Shell Parasite","floor":20.0,"turns":4.0},{"damage":23.0,"enemies":"Sentry and Sphere","floor":22.0,"turns":6.0},{"damage":16.0,"enemies":"Book of Stabbing","floor":24.0,"turns":6.0},{"damage":64.0,"enemies":"Champ","floor":33.0,"turns":10.0},{"damage":1.0,"enemies":"Orb Walker","floor":35.0,"turns":3.0},{"damage":12.0,"enemies":"3 Darklings","floor":37.0,"turns":3.0},{"damage":17.0,"enemies":"Jaw Worm Horde","floor":39.0,"turns":4.0},{"damage":35,"enemies":"Nemesis","floor":40,"turns":9},{"damage":10,"enemies":"Sphere and 2 Shapes","floor":42,"turns":4},{"damage":47,"enemies":"Giant Head","floor":44,"turns":7}],"seed_played":"5743542170409656381","potions_obtained":[{"floor":1.0,"key":"FearPotion"},{"floor":8.0,"key":"DuplicationPotion"},{"floor":10.0,"key":"EssenceOfSteel"},{"floor":16.0,"key":"EssenceOfSteel"},{"floor":17.0,"key":"FearPotion"},{"floor":22.0,"key":"AttackPotion"},{"floor":24.0,"key":"PowerPotion"},{"floor":33.0,"key":"Swift Potion"},{"floor":36.0,"key":"Fruit Juice"},{"floor":36.0,"key":"CunningPotion"},{"floor":36.0,"key":"PowerPotion"},{"floor":40,"key":"BlessingOfTheForge"},{"floor":42,"key":"EssenceOfSteel"}],"is_trial":false,"path_per_floor":["M","$","M","$","?","R","E","M","T","M","E","M","M","M","R","B",null,"M","?","M","?","M","R","E","R","T","R","$","?","?","$","R","B",null,"M","?","M","T","M","E","R","M","T","E"],"character_chosen":"THE_SILENT","items_purchased":["Fire Potion","Backflip","Bane","Snake Skull","Energy Potion","Discovery","Catalyst","PowerPotion","Slice"],"campfire_rested":6,"item_purchase_floors":[4,4,4,28,28,28,28,28,28],"current_hp_per_floor":[70,70,70,70,53,70,70,69,69,69,67,48,45,45,66,17,75,70,54,51,51,28,50,34,56,56,75,75,75,75,75,75,11,75,74,79,67,67,50,15,54,51,51,11,11],"gold":283,"neow_bonus":"THREE_ENEMY_KILL","is_daily":false,"chose_seed":false,"campfire_upgraded":1,"win_rate":0.0,"timestamp":1609900570,"path_taken":["M","$","M","$","?","R","E","M","T","M","E","M","M","M","R","BOSS","M","?","M","?","?","R","E","R","T","R","$","?","?","?","R","BOSS","M","?","?","?","M","E","R","?","T","E"],"items_purchased_type":["Potion","Card","Card","Relic","Potion","Card","Card","Potion","Card"],"build_version":"2020-12-22","purchased_purges":0,"victory":false,"max_hp_per_floor":[70,70,70,70,70,70,70,70,70,70,70,70,70,70,70,70,75,75,75,75,75,75,75,75,75,75,75,75,75,75,75,75,75,75,75,80,80,80,80,80,80,80,80,80,80],"card_choices":[{"not_picked":["Masterful Stab","Accuracy"],"picked":"Crippling Poison","floor":1.0},{"not_picked":["Deadly Poison","Outmaneuver"],"picked":"Deflect","floor":3.0},{"not_picked":["Well Laid Plans","Deadly Poison"],"picked":"Cloak And Dagger","floor":7.0},{"not_picked":["Endless Agony","Skewer","Finisher"],"picked":"SKIP","floor":8.0},{"not_picked":["Dagger Throw","Bane","Choke"],"picked":"SKIP","floor":10.0},{"not_picked":["Acrobatics","Deflect"],"picked":"Flying Knee","floor":11.0},{"not_picked":["PiercingWail","Dodge and Roll","Accuracy"],"picked":"SKIP","floor":12.0},{"not_picked":["All Out Attack","Blade Dance","Dodge and Roll"],"picked":"SKIP","floor":13.0},{"not_picked":["Sucker Punch","Finisher"],"picked":"Die Die Die","floor":14.0},{"not_picked":["Doppelganger","Corpse Explosion"],"picked":"After Image","floor":16.0},{"not_picked":["Cloak And Dagger","PiercingWail"],"picked":"Blade Dance","floor":17.0},{"not_picked":["Leg Sweep+1","Footwork"],"picked":"Terror+1","floor":18.0},{"not_picked":["Bullet Time","Deflect"],"picked":"Dagger Spray","floor":20.0},{"not_picked":["Acrobatics","Endless Agony","Dodge and Roll"],"picked":"SKIP","floor":22.0},{"not_picked":["Tactician","Finisher+1"],"picked":"Quick Slash+1","floor":24.0},{"not_picked":["Glass Knife","Unload"],"picked":"Adrenaline","floor":33.0},{"not_picked":["Accuracy","Underhanded Strike+1","Slice+1"],"picked":"SKIP","floor":35.0},{"not_picked":["All Out Attack","Endless Agony","Outmaneuver+1"],"picked":"SKIP","floor":37.0},{"not_picked":["Outmaneuver+1","Slice+1"],"picked":"Caltrops+1","floor":39.0},{"not_picked":["Well Laid Plans","Prepared"],"picked":"Deadly Poison+1","floor":40},{"not_picked":["Prepared","Dagger Throw+1","Outmaneuver+1"],"picked":"SKIP","floor":42}],"player_experience":473203,"relics_obtained":[{"floor":7.0,"key":"Bottled Flame"},{"floor":9.0,"key":"Orichalcum"},{"floor":11.0,"key":"Bronze Scales"},{"floor":19.0,"key":"Enchiridion"},{"floor":24.0,"key":"TungstenRod"},{"floor":26.0,"key":"Oddly Smooth Stone"},{"floor":34.0,"key":"Regal Pillow"},{"floor":34.0,"key":"Gremlin Horn"},{"floor":34.0,"key":"CaptainsWheel"},{"floor":38.0,"key":"Toy Ornithopter"},{"floor":40,"key":"Blood Vial"},{"floor":43,"key":"Shovel"}],"event_choices":[{"damage_healed":0.0,"max_hp_gain":0.0,"max_hp_loss":0.0,"gold_gain":0.0,"event_name":"Golden Idol","player_choice":"Take Damage","floor":5.0,"gold_loss":0.0,"damage_taken":17.0,"relics_obtained":["Golden Idol"]},{"damage_healed":0.0,"max_hp_gain":0.0,"max_hp_loss":0.0,"gold_gain":0.0,"event_name":"Cursed Tome","player_choice":"Obtained Book","floor":19.0,"gold_loss":0.0,"damage_taken":16.0},{"damage_healed":0.0,"max_hp_gain":0.0,"max_hp_loss":0.0,"gold_gain":0.0,"event_name":"Duplicator","player_choice":"Copied","floor":21.0,"gold_loss":0.0,"damage_taken":0.0,"cards_obtained":["Die Die Die"]},{"damage_healed":0.0,"max_hp_gain":0.0,"max_hp_loss":0.0,"gold_gain":0.0,"event_name":"Addict","player_choice":"Stole Relic","floor":29.0,"gold_loss":0.0,"damage_taken":0.0,"relics_obtained":["Paper Crane"],"cards_obtained":["Shame"]},{"cards_removed":["Shame"],"damage_healed":0.0,"max_hp_gain":0.0,"max_hp_loss":0.0,"gold_gain":0.0,"event_name":"Back to Basics","player_choice":"Elegance","floor":30.0,"gold_loss":0.0,"damage_taken":0.0},{"damage_healed":0.0,"max_hp_gain":0.0,"max_hp_loss":0.0,"gold_gain":0.0,"event_name":"Lab","player_choice":"Got Potions","floor":36.0,"gold_loss":0.0,"damage_taken":0.0}],"is_beta":false,"boss_relics":[{"not_picked":["Ectoplasm","Snecko Eye"],"picked":"Tiny House"},{"not_picked":["Velvet Choker","Coffee Dripper"],"picked":"Calling Bell"}],"items_purged_floors":[],"is_endless":false,"potions_floor_spawned":[1,8,10,16,22,24,33,40,42],"killed_by":"Giant Head","ascension_level":3}}