{"host":"k6u7q08ihsmpx7o5","time":1609906061,"event":{"mods":["BaseMod","Bestiary","Filter the Spire","Minty Spire (QoL Compilation)","Permanent Neow","Relic Stats","StSLib"],"gold_per_floor":[119,63,63,213,288,319,319,25,96,96,111,111,144,159,159,233,233,233,233],"floor_reached":18,"playtime":867,"items_purged":["Doubt"],"score":482,"play_id":"a8a66eaa-9eca-4658-80ec-d70f2c06d6e6","local_time":"20210106050741","is_ascension_mode":true,"campfire_choices":[{"data":"Coolheaded","floor":10,"key":"SMITH"},{"data":"Buffer","floor":12,"key":"SMITH"},{"data":"Leap","floor":15,"key":"SMITH"}],"circlet_count":0,"master_deck":["AscendersBane","Leap+1","Buffer+1","Reinforced Body","Recycle+1","Genetic Algorithm","Genetic Algorithm","Ball Lightning","Coolheaded+1","Aggregate+1","BootSequence+1","Deadly Poison+1","MasterReality","Loop+1","Steam Power+1","Glacier+1"],"relics":["Pandora\u0027s Box","Potion Belt","StoneCalendar","PrismaticShard","Toxic Egg 2","FossilizedHelix","Astrolabe"],"acts_visited":["Exordium","TheCity"],"potions_floor_usage":[6,6,18],"damage_taken":[{"damage":8,"enemies":"Small Slimes","floor":1,"turns":5},{"damage":14,"enemies":"3 Sentries","floor":6,"turns":10},{"damage":0,"enemies":"2 Louse","floor":11,"turns":5},{"damage":0,"enemies":"Lagavulin","floor":13,"turns":7},{"damage":0,"enemies":"Cultist","floor":14,"turns":4},{"damage":0,"enemies":"The Guardian","floor":16,"turns":10},{"damage":0,"enemies":"Chosen","floor":18,"turns":1}],"seed_played":"-5312083999496421469","potions_obtained":[{"floor":1,"key":"Regen Potion"},{"floor":11,"key":"AttackPotion"},{"floor":13,"key":"BlessingOfTheForge"}],"is_trial":false,"path_per_floor":["M","$","?","?","?","E","?","$","T","R","M","R","E","M","R","B",null,"M"],"character_chosen":"DEFECT","items_purchased":["Fire Potion","PrismaticShard","Fire Potion"],"campfire_rested":0,"item_purchase_floors":[2,8,8],"current_hp_per_floor":[56,56,35,35,24,25,25,25,25,25,25,25,25,25,25,25,60,60,60],"gold":233,"neow_bonus":"BOSS_RELIC","is_daily":false,"chose_seed":false,"campfire_upgraded":3,"win_rate":0.0,"timestamp":1609906061,"path_taken":["M","$","?","?","?","E","?","$","T","R","M","R","E","M","R","BOSS","M"],"items_purchased_type":["Potion","Relic","Potion"],"build_version":"2020-12-22","purchased_purges":1,"victory":false,"max_hp_per_floor":[71,71,71,71,71,71,71,71,71,71,71,71,71,71,71,71,71,71,71],"relic_stats":{"counters":[7,42],"Astrolabe":["Loop","Steam Power","Glacier"],"Pandora\u0027s Box":["Leap","Buffer","Reinforced Body","Recycle","Genetic Algorithm","Cold Snap","Rebound","Genetic Algorithm"],"StoneCalendar":[79],"obtain_stats":[{"Potion Belt":6,"Astrolabe":17,"Pandora\u0027s Box":0,"StoneCalendar":7,"Toxic Egg 2":9,"Cracked Core":0,"PrismaticShard":8,"FossilizedHelix":13},{"Potion Belt":2,"Astrolabe":6,"Pandora\u0027s Box":0,"StoneCalendar":2,"Toxic Egg 2":2,"Cracked Core":0,"PrismaticShard":2,"FossilizedHelix":4},{"Potion Belt":15,"Astrolabe":41,"Pandora\u0027s Box":0,"StoneCalendar":15,"Toxic Egg 2":15,"Cracked Core":0,"PrismaticShard":15,"FossilizedHelix":27}]},"card_choices":[{"not_picked":["BootSequence","Barrage"],"picked":"Ball Lightning","floor":1},{"not_picked":["Storm","Streamline"],"picked":"Coolheaded","floor":6},{"not_picked":["Steam+1","Forethought+1"],"picked":"Aggregate+1","floor":11},{"not_picked":["Compile Driver","Predator"],"picked":"BootSequence+1","floor":13},{"not_picked":["Beam Cell","Leap+1"],"picked":"Deadly Poison+1","floor":14},{"not_picked":["Mayhem","Fiend Fire"],"picked":"MasterReality","floor":16}],"player_experience":1961081,"relics_obtained":[{"floor":6,"key":"Potion Belt"},{"floor":9,"key":"Toxic Egg 2"},{"floor":13,"key":"FossilizedHelix"}],"event_choices":[{"damage_healed":0,"gold_gain":0,"player_choice":"Entered Light","damage_taken":21,"max_hp_gain":0,"max_hp_loss":0,"event_name":"Shining Light","floor":3,"gold_loss":0,"cards_upgraded":["Dualcast","Recycle"]},{"damage_healed":0,"gold_gain":150,"player_choice":"AGREE","damage_taken":0,"max_hp_gain":0,"max_hp_loss":0,"event_name":"Liars Game","floor":4,"gold_loss":0,"cards_obtained":["Doubt"]},{"damage_healed":0,"gold_gain":75,"player_choice":"Gather Gold","damage_taken":11,"max_hp_gain":0,"max_hp_loss":0,"event_name":"World of Goop","floor":5,"gold_loss":0},{"cards_removed":["Rebound"],"damage_healed":0,"gold_gain":0,"player_choice":"Gave Card","damage_taken":0,"relics_obtained":["StoneCalendar"],"max_hp_gain":0,"max_hp_loss":0,"event_name":"WeMeetAgain","floor":7,"gold_loss":0}],"is_beta":false,"boss_relics":[{"not_picked":["Snecko Eye","Empty Cage"],"picked":"Astrolabe"}],"items_purged_floors":[8],"is_endless":false,"potions_floor_spawned":[1,11,13],"killed_by":"Chosen","ascension_level":20}}