{"host":"vvif2fx2jgfi5h35","time":1609906920,"event":{"mods":["AchievementEnabler","BaseMod","Colored Powertips","Minty Spire (QoL Compilation)","Quick Restart","Replay The Spire","StSLib"],"gold_per_floor":[111,122,136,150,163,192,192,219,267,267,299,316,190,201,201,303,303,319,330,350,360,380,380,380,380,380,380,396,416,416,416,416,416,416],"floor_reached":33,"playtime":2336,"items_purged":["Flechettes"],"score":298,"play_id":"75161a16-d605-4ba7-bb27-f00adc26eff3","local_time":"20210105222200","is_ascension_mode":false,"campfire_choices":[{"floor":7,"key":"REST"},{"floor":10,"key":"REST"},{"data":"Blade Dance","floor":15,"key":"SMITH"},{"floor":23,"key":"REST"},{"floor":27,"key":"REST"},{"floor":30,"key":"REST"},{"data":"Strike_G","floor":32,"key":"PURGE"}],"circlet_count":0,"master_deck":["Strike_G","Strike_G","Strike_G","Strike_G","Defend_G+1","Defend_G","Defend_G","Defend_G","Defend_G","Survivor","Neutralize","Blade Dance+1","Terror","Hidden Blade+1","Choke","Deflect+1","Hidden Blade","ReplayTheSpireMod:Shiv Toss+1","Tools of the Trade","Blade Dance+1","Prepared+1","Blade Dance+1","Infinite Blades+1","Blade Dance"],"relics":["Ring of the Snake","Iron Hammer","Darkstone Periapt","Gremlin Food","Onion Ring","Black Star","HornCleat"],"acts_visited":["Exordium","TheCity"],"potions_floor_usage":[6,16,20,21,28,28,33],"damage_taken":[{"damage":0,"enemies":"Cultist","floor":1,"turns":4},{"damage":0,"enemies":"Jaw Worm","floor":2,"turns":5},{"damage":1,"enemies":"2 Louse","floor":3,"turns":4},{"damage":14,"enemies":"Lots of Slimes","floor":4,"turns":6},{"damage":8,"enemies":"Blue Slaver","floor":5,"turns":4},{"damage":18,"enemies":"Lagavulin","floor":6,"turns":4},{"damage":18,"enemies":"3 Sentries","floor":8,"turns":8},{"damage":4,"enemies":"Gremlin Nob","floor":11,"turns":3},{"damage":0,"enemies":"Exordium Wildlife","floor":12,"turns":1},{"damage":0,"enemies":"Red Slaver","floor":14,"turns":2},{"damage":14,"enemies":"Slime Boss","floor":16,"turns":7},{"damage":25,"enemies":"Spheric Guardian","floor":18,"turns":4},{"damage":1,"enemies":"2 Thieves","floor":19,"turns":3},{"damage":0,"enemies":"Snecko","floor":20,"turns":3},{"damage":42,"enemies":"Sentry and Sphere","floor":21,"turns":6},{"damage":20,"enemies":"Cultist and Chosen","floor":22,"turns":6},{"damage":6,"enemies":"3 Cultists","floor":28,"turns":6},{"damage":4,"enemies":"Shelled Parasite and Fungi","floor":29,"turns":4},{"damage":58,"enemies":"Pondfish","floor":33,"turns":5}],"seed_played":"-190316032961286073","potions_obtained":[{"floor":3,"key":"Death Potion"},{"floor":5,"key":"Fire Potion"},{"floor":14,"key":"BlessingOfTheForge"},{"floor":16,"key":"LiquidMemories"},{"floor":19,"key":"FairyPotion"},{"floor":20,"key":"Explosive Potion"},{"floor":28,"key":"Doom Potion"},{"floor":29,"key":"BlessingOfTheForge"}],"is_trial":false,"path_per_floor":["M","M","M","M","M","E","R","E","T","R","E","M","$","M","R","B",null,"M","M","M","M","M","R","?","?","T","R","M","M","R","?","R","B"],"character_chosen":"THE_SILENT","items_purchased":["ReplayTheSpireMod:Shiv Toss+1"],"campfire_rested":5,"item_purchase_floors":[13],"current_hp_per_floor":[77,77,76,62,54,36,59,41,41,64,60,60,60,60,60,46,77,52,51,51,9,23,46,32,20,20,44,38,34,58,58,58,0,0],"gold":416,"neow_bonus":"TEN_PERCENT_HP_BONUS","is_daily":false,"chose_seed":false,"campfire_upgraded":1,"win_rate":0.0,"timestamp":1609906920,"path_taken":["M","M","M","M","M","E","R","E","T","R","E","?","$","M","R","BOSS","M","M","M","M","M","R","?","?","T","R","?","M","R","?","R","BOSS"],"items_purchased_type":["Card"],"build_version":"2020-12-22","purchased_purges":1,"victory":false,"max_hp_per_floor":[77,77,77,77,77,77,77,77,77,77,77,77,77,77,77,77,77,77,77,77,77,77,77,82,82,82,82,82,82,82,82,82,82,82],"card_choices":[{"not_picked":["Heel Hook","Acrobatics"],"picked":"Blade Dance","floor":1},{"not_picked":["Flying Knee","Dagger Throw"],"picked":"Terror","floor":2},{"not_picked":["Bane","Flying Knee"],"picked":"Hidden Blade","floor":3},{"not_picked":["Endless Agony","Dash"],"picked":"Flechettes","floor":4},{"not_picked":["Atom Bomb","Deflect"],"picked":"Choke","floor":5},{"not_picked":["Backflip","Fluid Movement","Dodge and Roll"],"picked":"SKIP","floor":6},{"not_picked":["Escape Plan","PiercingWail","Sucker Punch"],"picked":"SKIP","floor":8},{"not_picked":["Corpse Explosion","Quick Slash"],"picked":"Deflect","floor":11},{"not_picked":["Leg Sweep","Toxin Wave"],"picked":"Hidden Blade","floor":12},{"not_picked":["Acrobatics","Poisoned Stab","Dagger Spray"],"picked":"SKIP","floor":14},{"not_picked":["Wraith Form v2","Glass Knife"],"picked":"Tools of the Trade","floor":16},{"not_picked":["PiercingWail","Flying Knee+1"],"picked":"Blade Dance+1","floor":18},{"not_picked":["Bane","Quick Slash","Deadly Poison"],"picked":"SKIP","floor":19},{"not_picked":["Acrobatics+1","Reflex","Bane"],"picked":"SKIP","floor":20},{"not_picked":["Acrobatics","ReplayTheSpireMod:The Works"],"picked":"Prepared+1","floor":21},{"not_picked":["Hidden Blade","Slice"],"picked":"Blade Dance","floor":22},{"not_picked":["Die Die Die","Deadly Poison","Dagger Throw+1"],"picked":"SKIP","floor":28},{"not_picked":["Bouncing Flask","Bane+1"],"picked":"Infinite Blades+1","floor":29}],"player_experience":60570,"relics_obtained":[{"floor":6,"key":"Iron Hammer"},{"floor":8,"key":"Darkstone Periapt"},{"floor":9,"key":"Gremlin Food"},{"floor":11,"key":"Onion Ring"},{"floor":26,"key":"HornCleat"}],"event_choices":[{"damage_healed":0,"gold_gain":0,"player_choice":"Shed Blood","damage_taken":19,"max_hp_gain":5,"max_hp_loss":0,"event_name":"Forgotten Altar","floor":24,"gold_loss":0},{"damage_healed":0,"gold_gain":0,"player_choice":"POTION ","damage_taken":12,"max_hp_gain":0,"max_hp_loss":0,"event_name":"Knowing Skull","floor":25,"potions_obtained":["EssenceOfSteel"],"gold_loss":0,"cards_obtained":[]},{"damage_healed":0,"gold_gain":0,"player_choice":"Read","damage_taken":0,"max_hp_gain":0,"max_hp_loss":0,"event_name":"The Library","floor":31,"gold_loss":0,"cards_obtained":["Blade Dance"]}],"is_beta":false,"boss_relics":[{"not_picked":["Empty Cage","Ectoplasm"],"picked":"Black Star"}],"items_purged_floors":[13],"is_endless":false,"potions_floor_spawned":[3,5,14,16,19,20,28,29],"killed_by":"Pondfish","ascension_level":0}}