{"host":"armnliea5o2aqs4b","time":1609902282,"event":{"mods":["BaseMod","Hermit","Hubris","Infinite Spire","Minty Spire (QoL Compilation)","Quick Restart","StSLib","The Construct","The Disciple"],"gold_per_floor":[113,93,19,32,47,47,47],"floor_reached":6,"playtime":217,"items_purged":[],"score":36,"play_id":"1ae0b5e7-e4d4-410f-84d7-5c5b6cac61d9","local_time":"20210106140442","is_ascension_mode":false,"campfire_choices":[],"circlet_count":0,"master_deck":["construct:Strike_Gold","construct:Strike_Gold","construct:Strike_Gold","construct:Strike_Gold","construct:Strike_Gold","construct:Defend_Gold","construct:Defend_Gold","construct:Defend_Gold","construct:Defend_Gold","construct:Defend_Gold","construct:AttackMode","construct:DefenseMode","construct:ScrapCannon","construct:GatlingGun","construct:ModeShift","construct:Dampening"],"relics":["construct:Cogwheel","NeowsBlessing"],"acts_visited":["Exordium"],"potions_floor_usage":[],"damage_taken":[{"damage":0,"enemies":"2 Louse","floor":1,"turns":3},{"damage":0,"enemies":"Cultist","floor":4,"turns":1},{"damage":0,"enemies":"Small Slimes","floor":5,"turns":3},{"damage":55,"enemies":"3 Sentries","floor":6,"turns":8}],"seed_played":"850074799586561767","potions_obtained":[{"floor":1,"key":"AttackPotion"},{"floor":2,"key":"Ancient Potion"},{"floor":4,"key":"Fire Potion"}],"is_trial":false,"path_per_floor":["M","?","$","M","M","E"],"character_chosen":"THE_CONSTRUCT_MOD","items_purchased":["construct:GatlingGun"],"campfire_rested":0,"item_purchase_floors":[3],"current_hp_per_floor":[85,85,85,85,85,30,30],"gold":47,"neow_bonus":"THREE_ENEMY_KILL","is_daily":false,"chose_seed":false,"campfire_upgraded":0,"win_rate":0.0,"timestamp":1609902282,"path_taken":["M","?","?","M","M","E"],"items_purchased_type":["Card"],"build_version":"2020-12-22","purchased_purges":0,"victory":false,"max_hp_per_floor":[85,85,85,85,85,85,85],"card_choices":[{"not_picked":["construct:ShiftGuard","construct:Hazardproof"],"picked":"construct:ScrapCannon","floor":1},{"not_picked":["construct:VentSteam","construct:SaveState"],"picked":"construct:ModeShift","floor":4},{"not_picked":["construct:SyphonStrike","construct:Reinforce"],"picked":"construct:Dampening","floor":5}],"player_experience":172815,"relics_obtained":[],"event_choices":[{"damage_healed":0,"gold_gain":0,"player_choice":"Bought 1 Potion","damage_taken":0,"max_hp_gain":0,"max_hp_loss":0,"event_name":"The Woman in Blue","floor":2,"gold_loss":0}],"is_beta":false,"boss_relics":[],"items_purged_floors":[],"is_endless":false,"potions_floor_spawned":[1,4],"killed_by":"3 Sentries","ascension_level":0}}