{"host":"xkmvu47k9fdstweo","time":1609942240,"event":{"mods":["BaseMod","Colored Map","Conspire","Hubris","Minty Spire (QoL Compilation)","Quick Restart","Railgun Mod","Shop Mod","StSLib","The Alterego","The Servant 0.9.4","The Wild Card","TheBandit","WarShipGirlsR/??è≠èóR mod","vexMod"],"gold_per_floor":[116,25,41,60,77,77,77,77],"floor_reached":7,"playtime":130,"items_purged":[],"score":67,"play_id":"0243f065-2c11-411b-bc31-b02028e356f4","local_time":"20210106091040","is_ascension_mode":true,"campfire_choices":[{"data":"Wraith Form v2","floor":6,"key":"SMITH"}],"circlet_count":0,"master_deck":["AscendersBane","Strike_G","Strike_G","Strike_G","Strike_G","Strike_G","Defend_G","Defend_G","Defend_G","Defend_G","Defend_G","Survivor","Neutralize","Heel Hook","Dash","Dagger Spray","Wraith Form v2+1"],"relics":["Ring of the Snake","NeowsBlessing","hubris:OldNail"],"acts_visited":["Exordium"],"potions_floor_usage":[7,7],"damage_taken":[{"damage":0,"enemies":"2 Louse","floor":1,"turns":1},{"damage":0,"enemies":"Cultist","floor":3,"turns":1},{"damage":0,"enemies":"Jaw Worm","floor":4,"turns":1},{"damage":15,"enemies":"2 Fungi Beasts","floor":5,"turns":4},{"damage":11,"enemies":"Lagavulin","floor":7,"turns":8}],"seed_played":"-7969222444229740363","potions_obtained":[{"floor":1,"key":"Energy Potion"},{"floor":3,"key":"DuplicationPotion"}],"is_trial":false,"path_per_floor":["M","?","M","M","M","R","E"],"character_chosen":"THE_SILENT","items_purchased":[],"campfire_rested":0,"item_purchase_floors":[],"current_hp_per_floor":[63,63,63,63,48,48,37,37],"gold":77,"neow_bonus":"THREE_ENEMY_KILL","is_daily":false,"chose_seed":false,"campfire_upgraded":1,"win_rate":0.0,"timestamp":1609942240,"path_taken":["M","?","?","M","M","R","E"],"items_purchased_type":[],"build_version":"2020-12-22","purchased_purges":0,"victory":false,"max_hp_per_floor":[70,70,70,70,70,70,70,70],"card_choices":[{"not_picked":["Slice","Escape Plan"],"picked":"Heel Hook","floor":1},{"not_picked":["PiercingWail","Prepared"],"picked":"Dash","floor":3},{"not_picked":["Backflip","All Out Attack"],"picked":"Dagger Spray","floor":4},{"not_picked":["Concentrate","Bane"],"picked":"Wraith Form v2","floor":5}],"player_experience":354697,"relics_obtained":[],"event_choices":[{"damage_healed":0,"gold_gain":0,"player_choice":"Paid Gold","damage_taken":0,"relics_obtained":["hubris:OldNail"],"max_hp_gain":0,"max_hp_loss":0,"event_name":"WeMeetAgain","floor":2,"gold_loss":91}],"is_beta":false,"boss_relics":[],"items_purged_floors":[],"is_endless":false,"potions_floor_spawned":[1,3,5],"killed_by":"Lagavulin","ascension_level":11}}