{"host":"55yei7x27djrlaep","time":1609922259,"event":{"mods":["Act Like it!","Aspiration","BaseMod","Better Altar","Better Match","Better Note","Better Sensory Stone","Better Skull","Better Third Choice","BetterRewards","Colored Map","Conspire","Friendly Minions","GifTheSpireLib","Gremlin Mod","Halation","Hubris","Marisa????????","Minty Spire (QoL Compilation)","Pale of the Ancients","Replay The Spire","StSLib","Stuff the Spire","The Marked"],"gold_per_floor":[118,393,413,429,429,429,429],"floor_reached":6,"playtime":462,"items_purged":["Strike_R"],"score":45,"play_id":"00f3347d-7023-4d11-ad8a-f3a704a47c1d","local_time":"20210106113739","is_ascension_mode":true,"campfire_choices":[],"circlet_count":0,"master_deck":["Strike_R","Strike_R","Strike_R","Defend_R","Defend_R","Defend_R","Defend_R","Bash","Bandage Up","Ghostly Armor","Rupture","Searing Blow","Armaments","Regret","Thunderclap","Inflame","Entrench"],"relics":["Burning Blood","conspire:TreasureMap","Pen Nib","CaptainsWheel","halation:BottledLove","Membership Card"],"acts_visited":["Exordium"],"potions_floor_usage":[6],"damage_taken":[{"damage":3,"enemies":"conspire:RoseBush","floor":1,"turns":3},{"damage":3,"enemies":"Cultist","floor":3,"turns":4},{"damage":2,"enemies":"Jaw Worm","floor":4,"turns":3},{"damage":58,"enemies":"Lagavulin","floor":6,"turns":9}],"seed_played":"-5281066850592080786","potions_obtained":[{"floor":4,"key":"Swift Potion"}],"is_trial":false,"path_per_floor":["M","?","M","M","?","E"],"character_chosen":"IRONCLAD","items_purchased":["conspire:TreasureMap","Bandage Up","Ghostly Armor","Rupture","Pen Nib","Searing Blow","halation:BottledLove","Membership Card","Armaments"],"campfire_rested":0,"item_purchase_floors":[0,0,0,0,0,0,0,0,0],"current_hp_per_floor":[39,39,46,54,54,0,0],"gold":429,"neow_bonus":"","is_daily":false,"chose_seed":false,"campfire_upgraded":0,"win_rate":0.0,"timestamp":1609922259,"path_taken":["M","?","?","M","?","E"],"items_purchased_type":["Relic","Card","Card","Card","Relic","Card","Relic","Relic","Card"],"build_version":"2020-12-22","purchased_purges":1,"victory":false,"max_hp_per_floor":[80,80,80,80,80,80,80],"card_choices":[{"not_picked":["Massacre","Flex","Body Slam"],"picked":"SKIP","floor":1},{"not_picked":["Heavy Blade","Clash"],"picked":"Thunderclap","floor":3},{"not_picked":["Run Through","Anger"],"picked":"Inflame","floor":4}],"player_experience":430561,"relics_obtained":[],"event_choices":[{"damage_healed":0,"gold_gain":275,"player_choice":"Desecrate","damage_taken":0,"max_hp_gain":0,"max_hp_loss":0,"event_name":"Golden Shrine","floor":2,"gold_loss":0,"cards_obtained":["Regret"]},{"damage_healed":0,"gold_gain":0,"cards_transformed":["Strike_R"],"player_choice":"Transformed","damage_taken":0,"max_hp_gain":0,"max_hp_loss":0,"event_name":"Transmorgrifier","floor":5,"gold_loss":0,"cards_obtained":["Entrench"]}],"is_beta":false,"boss_relics":[],"items_purged_floors":[0],"is_endless":false,"potions_floor_spawned":[4],"killed_by":"Lagavulin","ascension_level":5}}