{"host":"ueaobptuyu87ouwy","time":1609948164,"event":{"mods":["Aspiration","Bard","BaseMod","Better Altar","Better Match","Better Note","Better Sensory Stone","Better Skull","Better Third Choice","BetterRewards","CCEM","Colored Map","Conspire","Downfall","GifTheSpireLib","Googly Eyes","Halation","Hermit","Highlight Path","Hubris","Infinite Spire","Jedi Mod","Jorbs\u0027s Wanderer Trilogy","Marisa????????","Mimic Mod","Minty Spire (QoL Compilation)","Permanent Neow","Replay The Spire","StSLib","Stuff the Spire","The Runesmith","Unceasing Turn Reminder","everything is the same but u backflip on backflip","slay the spire mod where everything is the same but ironclad has a cowboy hat"],"gold_per_floor":[118,137,137,150,225,260,260,274,314,314,264,264,8,8,8,129,229,249,249,174,202,216,216,216,216,265,265,305,349,349,349,349,349,349],"floor_reached":33,"playtime":1317,"items_purged":["Injury"],"score":245,"play_id":"6d6ae5a2-cbc0-42cd-8db0-49c1e7e6a39f","local_time":"20210106234924","is_ascension_mode":false,"campfire_choices":[{"floor":7,"key":"REST"},{"floor":10,"key":"REST"},{"data":"Streamline","floor":12,"key":"SMITH"},{"floor":15,"key":"REST"},{"floor":23,"key":"REST"},{"floor":25,"key":"REST"}],"circlet_count":0,"master_deck":["Strike_B","Defend_B","Defend_B","Defend_B","Defend_B","Zap","Dualcast","hubris:EnhanceAbility+1","Rebound","BasicCrystalCard","hubris:Ukulele","Streamline+1","jedi:markofdeath","jedi:BurstFrost","conspire:SpireCoStock+1","Defragment+1","BasicCrystalCard","Mirror Shield","Ball Lightning+1","Steam Power+1","Creative AI+1","conspire:SharedLibrary+1","Electrodynamics+1","Loop+1","jedi:BurstLightning+1","Turbo+1","infinitespire:NeuralNetwork"],"relics":["Cracked Core","hubris:MobiusCoin","jedi:cryingmask","Bronze Scales","Golden Idol","Astrolabe","CultistMask","MutagenicStrength","halation:Thesaurus","Boot"],"acts_visited":["Exordium","TheCity"],"potions_floor_usage":[16,31],"damage_taken":[{"damage":10,"enemies":"Cultist","floor":1,"turns":4},{"damage":11,"enemies":"Small Slimes","floor":2,"turns":3},{"damage":6,"enemies":"Jaw Worm","floor":4,"turns":4},{"damage":26,"enemies":"Lagavulin","floor":6,"turns":6},{"damage":15,"enemies":"Looter","floor":8,"turns":3},{"damage":0,"enemies":"2 Fungi Beasts","floor":9,"turns":4},{"damage":16,"enemies":"The Guardian","floor":16,"turns":10},{"damage":7,"enemies":"Spheric Guardian","floor":18,"turns":3},{"damage":25,"enemies":"2 Thieves","floor":21,"turns":4},{"damage":31,"enemies":"Shelled Parasite and Fungi","floor":22,"turns":4},{"damage":31,"enemies":"Snake Plant","floor":28,"turns":4},{"damage":15,"enemies":"Snecko","floor":29,"turns":4},{"damage":11,"enemies":"Shelled Parasite and Fungi","floor":31,"turns":2},{"damage":29,"enemies":"Pondfish","floor":33,"turns":5}],"seed_played":"6305238921996806477","potions_obtained":[{"floor":6,"key":"SkillPotion"},{"floor":8,"key":"Toxic Potion"},{"floor":16,"key":"FearPotion"},{"floor":21,"key":"FairyPotion"},{"floor":28,"key":"SmokeBomb"},{"floor":29,"key":"SpeedPotion"}],"is_trial":false,"path_per_floor":["M","M","?","M","?","E","R","M","MIM","R","?","R","$","?","R_BF","B",null,"M","?","?","M","M","R","?","R","T","?","M","M","AVR","M","R_BF","B"],"character_chosen":"DEFECT","items_purchased":["Bronze Scales","Defragment+1","BasicCrystalCard"],"campfire_rested":5,"item_purchase_floors":[13,13,13],"current_hp_per_floor":[58,47,47,41,30,4,24,9,9,29,29,29,29,29,49,33,68,61,61,61,36,5,25,25,45,45,45,14,20,20,9,29,0,0],"gold":349,"neow_bonus":"RANDOM_COLORLESS_2","is_daily":false,"chose_seed":false,"campfire_upgraded":1,"win_rate":0.0,"timestamp":1609948164,"path_taken":["M","?","?","M","?","E","R","M","MIM","R","?","R","$","?","R_BF","BOSS","M","?","?","M","?","R","?","R","T","?","?","M","AVR","M","R_BF","BOSS"],"items_purchased_type":["Relic","Card","Card"],"build_version":"2020-12-13","purchased_purges":1,"victory":false,"max_hp_per_floor":[68,68,68,68,68,68,68,68,68,68,68,68,68,68,68,68,68,68,68,68,68,68,68,68,68,68,68,68,68,68,68,68,68,68],"card_choices":[{"not_picked":["jedi:RedIncense","ReplayUltimateDefense"],"picked":"hubris:EnhanceAbility","floor":0},{"not_picked":["Undo","Steam"],"picked":"Rebound","floor":1},{"not_picked":["Leap","Consume"],"picked":"BasicCrystalCard","floor":2},{"not_picked":["Crystallizer","Go for the Eyes"],"picked":"hubris:Ukulele","floor":4},{"not_picked":["jedi:meditation","Time Bomb"],"picked":"Streamline","floor":6},{"not_picked":["ReplayGash","Chaos"],"picked":"jedi:markofdeath","floor":8},{"not_picked":["Panic Button","Beam Cell"],"picked":"jedi:BurstFrost","floor":9},{"not_picked":["hubris:DoWhile","jedi:BurstDark"],"picked":"Mirror Shield","floor":16},{"not_picked":["Chill","Glacier+1"],"picked":"conspire:SharedLibrary+1","floor":18},{"not_picked":["Thunder Strike+1","Seek+1"],"picked":"Electrodynamics+1","floor":20},{"not_picked":["Barrage+1","ReplayGash"],"picked":"Loop+1","floor":21},{"not_picked":["Gash","jedi:BurstFrost"],"picked":"jedi:BurstLightning+1","floor":22},{"not_picked":["Heatsinks+1","Recycle"],"picked":"Turbo+1","floor":28},{"not_picked":["Reboot","Barrage+1","Conserve Battery"],"picked":"SKIP","floor":29}],"player_experience":43679,"relics_obtained":[{"floor":6,"key":"hubris:MobiusCoin"},{"floor":9,"key":"jedi:cryingmask"},{"floor":26,"key":"Omamori"}],"event_choices":[{"damage_healed":0,"gold_gain":0,"player_choice":"Grow","damage_taken":0,"max_hp_gain":0,"max_hp_loss":0,"event_name":"Living Wall","floor":3,"gold_loss":0,"cards_upgraded":["hubris:EnhanceAbility"]},{"damage_healed":0,"gold_gain":75,"player_choice":"Gold","damage_taken":11,"max_hp_gain":0,"max_hp_loss":0,"event_name":"betterThird:BetterGoop","floor":5,"gold_loss":0},{"damage_healed":0,"gold_gain":0,"player_choice":"Invest 1","damage_taken":0,"max_hp_gain":0,"max_hp_loss":0,"event_name":"conspire:Investor","floor":11,"gold_loss":0},{"damage_healed":0,"gold_gain":0,"player_choice":"Take Wound","damage_taken":0,"relics_obtained":["Golden Idol"],"max_hp_gain":0,"max_hp_loss":0,"event_name":"Golden Idol","floor":14,"gold_loss":0,"cards_obtained":["Injury"]},{"damage_healed":0,"gold_gain":0,"player_choice":"Trade","damage_taken":0,"relics_obtained":["CultistMask"],"max_hp_gain":0,"max_hp_loss":0,"event_name":"FaceTrader","floor":19,"gold_loss":0},{"damage_healed":0,"gold_gain":0,"player_choice":"2","damage_taken":0,"max_hp_gain":0,"max_hp_loss":0,"event_name":"betterMatch:BetterMatch","floor":20,"gold_loss":0,"cards_obtained":["betterMatch:RareCard"]},{"cards_removed":["Injury"],"damage_healed":0,"gold_gain":0,"player_choice":"Give","damage_taken":0,"max_hp_gain":0,"max_hp_loss":0,"event_name":"betterNote:BetterNote","floor":24,"gold_loss":0,"cards_obtained":["None"]},{"damage_healed":0,"gold_gain":0,"player_choice":"Inject Mutagens","damage_taken":0,"relics_obtained":["MutagenicStrength"],"max_hp_gain":0,"max_hp_loss":0,"event_name":"Drug Dealer","floor":27,"gold_loss":0}],"is_beta":false,"boss_relics":[{"not_picked":["Replay:Drink Me","halation:Yufonium"],"picked":"Astrolabe"}],"items_purged_floors":[30],"is_endless":false,"potions_floor_spawned":[6,8,16,21,28,29,31],"killed_by":"Pondfish","ascension_level":0}}