{"host":"8qkhzo0jjkmvsb7l","time":1609971444,"event":{"mods":["BaseMod","Conspire","Downfall","Marisa????????","Minty Spire (QoL Compilation)","Replay The Spire","StSLib"],"gold_per_floor":[99,109,24,124,144,144,144,144,157,157,200,60,60,74,89,189,189,268,282,298,298,283,296,322,322,322,322,322,46,46,75,90,192,192,192,205,223,323,339,356,356,356,371,421,32,46,74,85,100,100],"floor_reached":51,"playtime":3772,"items_purged":["CommonCold","Guardian:Strike_Guardian"],"score":858,"play_id":"0abebeb4-0fb7-445c-bf44-e95b00a6d5ec","local_time":"20210107011724","is_ascension_mode":true,"campfire_choices":[{"floor":1.0,"key":"REST"},{"data":"Guardian:PrismaticBarrier","floor":6.0,"key":"SMITH"},{"data":"Guardian:TwinSlam","floor":8.0,"key":"SMITH"},{"data":"Guardian:PiercingHide","floor":13.0,"key":"SMITH"},{"data":"Guardian:TimeSifter","floor":25,"key":"SMITH"},{"data":"Guardian:ArmoredProtocol","floor":28,"key":"SMITH"},{"data":"Guardian:PiercingHide+1","floor":30,"key":"SMITH"},{"floor":35,"key":"DIG"},{"floor":42,"key":"REST"}],"circlet_count":0,"master_deck":["Guardian:Strike_Guardian","Guardian:Strike_Guardian","Guardian:Strike_Guardian","Guardian:Defend_Guardian","Guardian:Defend_Guardian","Guardian:Defend_Guardian","Guardian:CurlUp","Guardian:TwinSlam+1","Guardian:Recover","Guardian:Planning","Guardian:PrismaticBarrier+1","Guardian:ArmoredProtocol+1","Guardian:BronzeOrb","Guardian:BronzeArmor","Guardian:PiercingHide+2","Guardian:BaubleBeam","CurseOfTheBell","Guardian:TemporalShield","Guardian:CrystalBeam","Guardian:TimeSifter+1","Guardian:TimeBomb+1","Guardian:SentryBeam","Guardian:GemFinder","Guardian:Gem_Cyan","Guardian:Gem_Yellow","Guardian:VentSteam+1","Guardian:EvasiveProtocol+1","Guardian:SpikerProtocol","Guardian:Suspension"],"relics":["Guardian:ModeShifter","Pondfish Scales","Ring of Fury","conspire:InfiniteJournal","Calling Bell","Blood Vial","Replay:Bottled Flurry","Calipers","Vajra","downfall:RedIOU","Art of War","Potion Belt","conspire:Boomerang","Du-Vu Doll","ClockworkSouvenir","Bag of Preparation","ReplayTheSpireMod:TigerMarble"],"acts_visited":["Exordium","TheCity","TheBeyond"],"potions_floor_usage":[29,33,39,39,43,45,47,50,50,50],"damage_taken":[{"damage":3.0,"enemies":"Small Slimes","floor":2.0,"turns":4.0},{"damage":0.0,"enemies":"downfall:FleeingMerchant","floor":3.0,"turns":4.0},{"damage":0.0,"enemies":"conspire:RoseBush","floor":5.0,"turns":4.0},{"damage":2.0,"enemies":"Jaw Worm","floor":9.0,"turns":4.0},{"damage":19.0,"enemies":"conspire:MimicChest","floor":11.0,"turns":9.0},{"damage":0.0,"enemies":"downfall:FleeingMerchant","floor":12.0,"turns":4.0},{"damage":0.0,"enemies":"Large Slime","floor":14.0,"turns":6.0},{"damage":1.0,"enemies":"conspire:2 RoseBushes","floor":15.0,"turns":4.0},{"damage":36.0,"enemies":"downfall:Ironclad","floor":16.0,"turns":14.0},{"damage":8.0,"enemies":"conspire:FuzzyDice","floor":19.0,"turns":6.0},{"damage":0.0,"enemies":"Chosen","floor":20.0,"turns":7.0},{"damage":12.0,"enemies":"downfall:FleeingMerchant","floor":22.0,"turns":4.0},{"damage":11,"enemies":"Centurion and Healer","floor":23,"turns":10},{"damage":0,"enemies":"downfall:FleeingMerchant","floor":29,"turns":4},{"damage":29,"enemies":"Slavers","floor":31,"turns":9},{"damage":21,"enemies":"Cultist and Chosen","floor":32,"turns":5},{"damage":12,"enemies":"downfall:Watcher","floor":33,"turns":10},{"damage":15,"enemies":"Orb Walker","floor":36,"turns":5},{"damage":2,"enemies":"3 Shapes","floor":37,"turns":5},{"damage":11,"enemies":"Jaw Worm Horde","floor":39,"turns":5},{"damage":12,"enemies":"4 Shapes","floor":40,"turns":4},{"damage":2,"enemies":"Sphere and 2 Shapes","floor":43,"turns":5},{"damage":9,"enemies":"Mind Bloom Boss Battle","floor":44,"turns":7},{"damage":10,"enemies":"downfall:FleeingMerchant","floor":45,"turns":4},{"damage":11,"enemies":"Maw","floor":46,"turns":8},{"damage":27,"enemies":"Giant Head","floor":47,"turns":11},{"damage":0,"enemies":"3 Darklings","floor":48,"turns":4},{"damage":3,"enemies":"Writhing Mass","floor":49,"turns":4},{"damage":0,"enemies":"downfall:Defect","floor":50,"turns":7}],"seed_played":"333524049735925126","potions_obtained":[{"floor":5.0,"key":"Languid Potion"},{"floor":9.0,"key":"Swift Potion"},{"floor":14.0,"key":"Energy Potion"},{"floor":16.0,"key":"AttackPotion"},{"floor":31,"key":"Strength Potion"},{"floor":32,"key":"Explosive Potion"},{"floor":33,"key":"SmokeBomb"},{"floor":37,"key":"Adrenaline Potion"},{"floor":39,"key":"champ:CounterPotion"},{"floor":40,"key":"Swift Potion"},{"floor":46,"key":"SpeedPotion"},{"floor":48,"key":"Guardian:DefensiveModePotion"},{"floor":49,"key":"Languid Potion"}],"is_trial":false,"path_per_floor":["R","M","$","?","M","R","T","R","M","?","?","$","R","M","M","B",null,"R","M","M","?","$","M","T","R","?","?","R","$","R","E","M","B",null,"R","M","M","?","M","M","T","R","M","?","$","M","E","M","M","B",null],"character_chosen":"GUARDIAN","items_purchased":["Guardian:PrismaticBarrier","Guardian:PiercingHide","Guardian:Gem_Orange","ClockworkSouvenir","Bag of Preparation","Reflective Coating"],"campfire_rested":2,"item_purchase_floors":[3,12,29,45,45,45],"current_hp_per_floor":[80,77,77,77,77,77,77,77,75,75,56,56,56,56,55,19,80,80,72,74,74,64,55,55,55,80,80,80,80,80,51,32,22,80,80,65,65,65,56,46,46,70,70,63,55,46,21,23,22,24],"gold":100,"neow_bonus":"ONE_RARE_RELIC","is_daily":false,"chose_seed":false,"campfire_upgraded":6,"win_rate":0.0,"timestamp":1609971444,"path_taken":["R","M","$","?","M","R","T","R","M","?","?","$","R","M","M","BOSS","R","M","M","?","$","M","T","R","?","?","R","$","R","E","M","BOSS","R","M","M","?","?","M","T","R","M","?","?","M","E","?","M","BOSS"],"items_purchased_type":["Card","Card","Card","Relic","Relic","Potion"],"build_version":"2020-12-22","purchased_purges":2,"victory":true,"max_hp_per_floor":[80,80,80,80,80,80,80,80,80,80,80,80,80,80,80,80,80,80,80,80,80,80,80,80,80,80,80,80,80,80,80,80,80,80,80,80,80,80,80,80,80,80,80,80,80,80,80,80,80,80],"card_choices":[{"not_picked":["Guardian:Gem_Cyan","Guardian:TemporalShield"],"picked":"Guardian:Recover","floor":2.0},{"not_picked":["Guardian:Gem_Green","Guardian:Incinerate"],"picked":"Guardian:Planning","floor":3.0},{"not_picked":["Guardian:Planning","Guardian:EvasiveProtocol"],"picked":"Guardian:Gem_Cyan","floor":5.0},{"not_picked":["Guardian:Recover","Guardian:ShieldCharger"],"picked":"Guardian:ArmoredProtocol","floor":9.0},{"not_picked":["Guardian:RollAttack","Guardian:GuardianWhirl"],"picked":"Guardian:BronzeOrb","floor":11.0},{"not_picked":["Guardian:Incinerate","Guardian:TemporalShield"],"picked":"Guardian:BronzeArmor","floor":12.0},{"not_picked":["Guardian:BronzeArmor","Guardian:PrimingBeam"],"picked":"Guardian:Gem_Cyan","floor":14.0},{"not_picked":["Guardian:Orbwalk","Guardian:PrimingBeam","Guardian:PrismaticBarrier"],"picked":"SKIP","floor":15.0},{"not_picked":["Guardian:Gem_Synthetic","Guardian:GemFire"],"picked":"Guardian:BaubleBeam","floor":16.0},{"not_picked":["Guardian:Recover","Guardian:WalkerClaw"],"picked":"Guardian:TemporalShield","floor":19.0},{"not_picked":["Guardian:Incinerate","Guardian:Reroute"],"picked":"Guardian:CrystalBeam","floor":20.0},{"not_picked":["Guardian:CrystalBeam+1","Guardian:WalkerClaw"],"picked":"Guardian:TimeSifter","floor":22},{"not_picked":["Guardian:PiercingHide+1","Guardian:TemporalShield"],"picked":"Guardian:Gem_Lightblue","floor":23},{"not_picked":["Guardian:BronzeArmor","Guardian:Harden","Guardian:CrystalBeam"],"picked":"SKIP","floor":29},{"not_picked":["Guardian:PrismaticBeam","Guardian:PrismaticBarrier+1"],"picked":"Guardian:TimeBomb+1","floor":31},{"not_picked":["Guardian:Planning+1","Guardian:MultiBeam"],"picked":"Guardian:SentryBeam","floor":32},{"not_picked":["Guardian:FierceBash","Guardian:Gem_Synthetic"],"picked":"Guardian:GemFinder","floor":33},{"not_picked":["Guardian:Gem_Lightblue","Guardian:Gem_Red"],"picked":"Guardian:Gem_Green","floor":36},{"not_picked":["Guardian:SentryBeam","Guardian:Suspension+1","Guardian:ChargeCore+1"],"picked":"SKIP","floor":36},{"not_picked":["Guardian:Gem_Green","Guardian:Gem_Lightblue"],"picked":"Guardian:Gem_Cyan","floor":37},{"not_picked":["Guardian:Gem_Green","Guardian:PrismaticBeam"],"picked":"Guardian:Gem_Yellow","floor":37},{"not_picked":["Guardian:Gem_Green","Guardian:Gem_Red"],"picked":"Guardian:Gem_Cyan","floor":39},{"not_picked":["Guardian:VentSteam+1","Guardian:Gem_Purple","Guardian:RollAttack"],"picked":"SKIP","floor":39},{"not_picked":["Guardian:VentSteam+1","Guardian:RollAttack"],"picked":"Guardian:Gem_Purple","floor":39},{"not_picked":["Guardian:VentSteam","Guardian:ArmoredProtocol+1"],"picked":"Guardian:Gem_Yellow","floor":40},{"not_picked":["Guardian:Gem_White","Guardian:TimeCapacitor+1"],"picked":"Guardian:VentSteam+1","floor":43},{"not_picked":["Guardian:ShieldCharger","Guardian:HyperBeam_Guardian","Guardian:DonusPower"],"picked":"SKIP","floor":45},{"not_picked":["Guardian:TemporalStrike","Guardian:Recover+1"],"picked":"Guardian:EvasiveProtocol+1","floor":46},{"not_picked":["Guardian:Reroute+1","Guardian:ChargeCore"],"picked":"Guardian:SpikerProtocol","floor":47},{"not_picked":["Guardian:Incinerate+1","Guardian:TemporalStrike","Guardian:PrismaticBeam"],"picked":"SKIP","floor":48},{"not_picked":["Guardian:TemporalShield","Guardian:PolyBeam"],"picked":"Guardian:Suspension","floor":49}],"player_experience":225408,"relics_obtained":[{"floor":7.0,"key":"conspire:TopHat"},{"floor":10.0,"key":"Ring of Fury"},{"floor":11.0,"key":"conspire:InfiniteJournal"},{"floor":17.0,"key":"Blood Vial"},{"floor":17.0,"key":"Replay:Bottled Flurry"},{"floor":17.0,"key":"Calipers"},{"floor":24,"key":"Vajra"},{"floor":31,"key":"Art of War"},{"floor":35,"key":"Potion Belt"},{"floor":41,"key":"conspire:Boomerang"},{"floor":44,"key":"Du-Vu Doll"},{"floor":47,"key":"ReplayTheSpireMod:TigerMarble"}],"event_choices":[{"damage_healed":26,"gold_gain":0,"player_choice":"Heal","damage_taken":0,"max_hp_gain":0,"max_hp_loss":0,"event_name":"The Library","floor":26,"gold_loss":0}],"is_beta":false,"boss_relics":[{"not_picked":["Painkiller Herb","Empty Cage"],"picked":"Calling Bell"},{"not_picked":["conspire:SlowCooker","Fusion Hammer","ChewingGum"]}],"items_purged_floors":[12,29],"is_endless":false,"potions_floor_spawned":[5,9,14,16,31,32,33,37,39,40,46,48,49],"ascension_level":2}}