{"host":"ifhtq4ixo5m3h13u","time":1609937230,"event":{"mods":["BaseMod","Downfall","Minty Spire (QoL Compilation)","StSLib","Waifu the Spire","vexMod","¡¾ÒÅÎï¿¨ÅÆ¡¿REMEMod"],"gold_per_floor":[99,116,133,153,171,171,171,181,198,123,133,146,131,131,151,253,253,253,273,373,388,388,388,388],"floor_reached":22,"playtime":1461,"items_purged":[],"score":182,"play_id":"3e2ddfee-6273-45d1-a75c-f078bd05e27a","local_time":"20210106204710","is_ascension_mode":false,"campfire_choices":[{"floor":1,"key":"RECALL"},{"floor":10,"key":"REST"},{"floor":18,"key":"REST"}],"circlet_count":0,"master_deck":["Guardian:Strike_Guardian","Guardian:Strike_Guardian","Guardian:Defend_Guardian","Guardian:Defend_Guardian","Guardian:Defend_Guardian","Guardian:Defend_Guardian","Guardian:CurlUp","Guardian:TwinSlam","Guardian:AncientConstruct","Guardian:Preprogram","Panache","Guardian:EvasiveProtocol","Guardian:ChargeCore","Guardian:Recover","Guardian:Suspension","Guardian:TimeSifter","Guardian:Gem_Green","Guardian:TemporalStrike","Guardian:Recover","J.A.X.","Guardian:Gem_Cyan","Guardian:Gem_Crimson"],"relics":["Guardian:ModeShifter","REME_ComplimentaryCards","Shuriken","downfall:HeartBlessingRed","Fusion Hammer","MutagenicStrength"],"acts_visited":["Exordium","TheCity"],"potions_floor_usage":[16,16,16],"damage_taken":[{"damage":5,"enemies":"Small Slimes","floor":2,"turns":4},{"damage":1,"enemies":"Cultist","floor":3,"turns":4},{"damage":9,"enemies":"Jaw Worm","floor":4,"turns":5},{"damage":20,"enemies":"Exordium Thugs","floor":5,"turns":6},{"damage":6,"enemies":"2 Fungi Beasts","floor":8,"turns":4},{"damage":11,"enemies":"Lots of Slimes","floor":9,"turns":4},{"damage":10,"enemies":"Exordium Thugs","floor":11,"turns":4},{"damage":15,"enemies":"2 Fungi Beasts","floor":12,"turns":4},{"damage":0,"enemies":"downfall:FleeingMerchant","floor":13,"turns":4},{"damage":8,"enemies":"Blue Slaver","floor":15,"turns":3},{"damage":49,"enemies":"downfall:Silent","floor":16,"turns":8},{"damage":5,"enemies":"Spheric Guardian","floor":19,"turns":4},{"damage":24,"enemies":"downfall:Augmenter","floor":20,"turns":7},{"damage":43,"enemies":"Centurion and Healer","floor":21,"turns":6},{"damage":16,"enemies":"Shelled Parasite and Fungi","floor":22,"turns":5}],"seed_played":"-1683120954788452171","potions_obtained":[{"floor":2,"key":"CultistPotion"},{"floor":5,"key":"Regen Potion"},{"floor":9,"key":"FearPotion"},{"floor":14,"key":"Slimebound:ThreeZeroPotion"},{"floor":15,"key":"Regen Potion"},{"floor":19,"key":"GamblersBrew"},{"floor":21,"key":"Block Potion"}],"is_trial":false,"path_per_floor":["R","M","M","M","M","?","T","M","M","R","M","M","$","?","M","B",null,"R","M","?","M","M"],"character_chosen":"GUARDIAN","items_purchased":[],"campfire_rested":2,"item_purchase_floors":[],"current_hp_per_floor":[88,83,82,73,53,53,53,47,36,62,52,37,37,37,29,29,88,88,83,59,16,0,0,0],"gold":388,"neow_bonus":"TEN_PERCENT_HP_BONUS","is_daily":false,"chose_seed":false,"campfire_upgraded":0,"win_rate":0.0,"timestamp":1609937230,"path_taken":["R","M","M","M","M","?","T","?","M","R","M","M","$","?","M","BOSS","R","M","?","M","M"],"items_purchased_type":[],"build_version":"2020-12-22","purchased_purges":0,"victory":false,"max_hp_per_floor":[88,88,88,88,88,88,88,88,88,88,88,88,88,88,88,88,88,88,88,88,88,88,88,88],"card_choices":[{"not_picked":["Guardian:ShieldSpikes","Guardian:PrimingBeam"],"picked":"Guardian:Gem_Red","floor":2},{"not_picked":["Guardian:TemporalShield","Guardian:PrimingBeam"],"picked":"Guardian:Gem_White","floor":3},{"not_picked":["Guardian:WalkerClaw","Guardian:RollAttack"],"picked":"Guardian:AncientConstruct","floor":4},{"not_picked":["Guardian:TemporalShield","Guardian:Planning"],"picked":"Guardian:Preprogram","floor":5},{"not_picked":["Guardian:TimeBomb","Guardian:Reroute"],"picked":"Guardian:EvasiveProtocol","floor":8},{"not_picked":["Guardian:VentSteam","Guardian:PiercingHide"],"picked":"Guardian:ChargeCore","floor":9},{"not_picked":["Guardian:Emergency","Guardian:StasisField"],"picked":"Guardian:Recover","floor":11},{"not_picked":["Guardian:RollAttack","Guardian:Reroute","Guardian:PrimingBeam"],"picked":"SKIP","floor":12},{"not_picked":["Guardian:Clone","Guardian:ChargeCore"],"picked":"Guardian:Suspension","floor":13},{"not_picked":["Guardian:ChargeUp","Guardian:CrystalBeam"],"picked":"Guardian:Gem_Red","floor":15},{"not_picked":["Guardian:HyperBeam_Guardian","Guardian:AncientConstruct"],"picked":"Guardian:TimeSifter","floor":16},{"not_picked":["Guardian:Incinerate+1","Guardian:TemporalShield"],"picked":"Guardian:Gem_Green","floor":19},{"not_picked":[],"picked":"J.A.X.","floor":20},{"not_picked":["Guardian:Reroute","Guardian:HyperBeam_Guardian"],"picked":"Guardian:Gem_Cyan","floor":20},{"not_picked":["Guardian:PiercingHide","Guardian:Incinerate"],"picked":"Guardian:Gem_Crimson","floor":21}],"player_experience":40447,"relics_obtained":[{"floor":7,"key":"Shuriken"},{"floor":20,"key":"MutagenicStrength"}],"event_choices":[{"damage_healed":0,"gold_gain":0,"player_choice":"Ignored","damage_taken":0,"max_hp_gain":0,"max_hp_loss":0,"event_name":"NoteForYourself","floor":6,"gold_loss":0},{"damage_healed":0,"gold_gain":0,"player_choice":"Got Potions","damage_taken":0,"max_hp_gain":0,"max_hp_loss":0,"event_name":"Lab","floor":14,"gold_loss":0}],"is_beta":false,"boss_relics":[{"not_picked":["Tiny House","vexMod:CursedCompass"],"picked":"Fusion Hammer"}],"items_purged_floors":[],"is_endless":false,"potions_floor_spawned":[2,5,9,15,19,21],"killed_by":"Shelled Parasite and Fungi","ascension_level":0}}