{"host":"d9tpyi6mde8z2n96","time":1609970540,"event":{"mods":["100% Spire Juice","2.2 Compatiblity","AchievementEnabler","Act Like it!","AlwaysNeverKeys","Aspiration","BaseMod","Beaked The Cultist","Better Altar","Better Note","CapriCore","Challenge The Spire","Colored Map","Colored Powertips","Conspire","Defuse TimeMaze Blight","Dota2Spire","Downfall","Elementarium","Energized Spire","Evolution","Friendly Minions","Gensokyo","GifTheSpireLib","Gold Saver","GungeonMod","Halation","Hermit","HololiveMod","Hubris","Hyrulean Relics","Infinite Spire","Jess\u0027s Bottle","Jorbs\u0027s Wanderer Trilogy","Marisa????????","Melee Mod","Minty Spire (QoL Compilation)","MostiFishMod","Pale of the Ancients","Permanent Neow","Potionbrewer","Quick Restart","Railgun Mod","Replay The Spire","Robot Space Explorer","RumiaBox-????????","Shop Mod","Spikes Relics","StSLib","TestMod","The Alterego","The Blue Laboratory","The Death Knight","The Factory","The Fake Hero","The Marked","The Spell Scribe","Trackpad","Transform Curses","Virulent Crown","Waifu the Spire","Wandering Minibosses","WarShipGirlsR/????R mod","Yakumo Yukari mod"],"gold_per_floor":[114,114,114,134,147,147,161,161,186,111,130,110,129,146,146,244,244,258,218,237,147,147,147,165,177,201,201,225,239,249,249,249,349,349,359,359,374,374,374,374,388,405,432,432,432],"floor_reached":44,"playtime":1956,"items_purged":["Moonworks:Defend"],"score":506,"play_id":"6b007e98-6763-4f0f-b3da-bfe6310bcc32","local_time":"20210106170220","is_ascension_mode":false,"campfire_choices":[{"data":"Moonworks:JonathanRush","floor":6,"key":"SMITH"},{"data":"Moonworks:AnotherUltimateWeapon","floor":8,"key":"SMITH"},{"data":"Moonworks:JonathanRush","floor":15,"key":"SMITH"},{"data":"Moonworks:CrystalBarrier","floor":23,"key":"SMITH"},{"data":"Moonworks:RedAndBlue","floor":27,"key":"SMITH"},{"data":"Moonworks:JonathanRush","floor":40,"key":"SMITH"}],"circlet_count":0,"master_deck":["Moonworks:Assault","Moonworks:Assault","Moonworks:LulusLuckyEgg","Moonworks:LulusLuckyEgg","Moonworks:Defend","Moonworks:Ambush","Moonworks:AnotherUltimateWeapon+1","Moonworks:JonathanRush+1","Moonworks:JonathanRush+1","Moonworks:Flamethrower+1","Moonworks:CrystalBarrier+1","Moonworks:WindyEnchantment+1","Moonworks:RedAndBlue+1","Moonworks:WindyEnchantment+1","Moonworks:JonathanRush","Moonworks:JonathanRush+1","Moonworks:RocketCannon","beaked:Foresight","Parasite"],"relics":["Moonworks:BrokenBomb","Moonworks:Homemark","EVO:Axolotl","testmod-TestBox","DaveBox","SynthV:TestCard","Chemical X","trackpad:Mousetrap","conspire:RoyalGoblet","Art of War","hubris:CuriousFeather","aspiration:BeakedSkillbook","wanderingMiniBosses:AbyssPearl"],"acts_visited":["Exordium","TheCity","TheBeyond"],"potions_floor_usage":[11,24,24,28,29,30],"damage_taken":[{"damage":9,"enemies":"Small Slimes","floor":1,"turns":4},{"damage":0,"enemies":"2 Louse","floor":4,"turns":3},{"damage":7,"enemies":"Cultist","floor":5,"turns":6},{"damage":7,"enemies":"Blue Slaver","floor":7,"turns":3},{"damage":6,"enemies":"Large Slime","floor":11,"turns":3},{"damage":0,"enemies":"Lots of Slimes","floor":13,"turns":3},{"damage":0,"enemies":"Red Slaver","floor":14,"turns":2},{"damage":12,"enemies":"The Guardian","floor":16,"turns":7},{"damage":14,"enemies":"3 Byrds","floor":18,"turns":6},{"damage":5,"enemies":"Spheric Guardian","floor":20,"turns":3},{"damage":0,"enemies":"3 Cultists","floor":24,"turns":3},{"damage":0,"enemies":"Cultist and Chosen","floor":25,"turns":5},{"damage":2,"enemies":"Centurion and Healer","floor":28,"turns":4},{"damage":7,"enemies":"Shelled Parasite and Fungi","floor":29,"turns":4},{"damage":13,"enemies":"Snecko","floor":30,"turns":4},{"damage":0,"enemies":"conspire:MysteriousRune","floor":33,"turns":5},{"damage":23,"enemies":"3 Darklings","floor":35,"turns":3},{"damage":3,"enemies":"Orb Walker","floor":37,"turns":6},{"damage":3,"enemies":"Writhing Mass","floor":41,"turns":5},{"damage":3,"enemies":"Transient","floor":42,"turns":5},{"damage":32,"enemies":"3 Darklings","floor":44,"turns":2}],"seed_played":"-5336943400808024865","potions_obtained":[{"floor":4,"key":"blueLaboratory:FruitPunch"},{"floor":7,"key":"Elixir"},{"floor":11,"key":"BlessingOfTheForge"},{"floor":14,"key":"potionbrewer:NoxiousPotion"},{"floor":19,"key":"DistilledChaos"},{"floor":24,"key":"potionbrewer:MidasPotion"},{"floor":25,"key":"potionbrewer:ToxicPotion"},{"floor":32,"key":"FearPotion"},{"floor":32,"key":"blueLaboratory:PhilterOfMotion"},{"floor":33,"key":"blueLaboratory:NullPotion"}],"is_trial":false,"path_per_floor":["M","?","?","M","M","R","M","R","T","$","M","?","M","M","R","B",null,"M","?","M","?","?","R","M","M","T","R","M","M","M","T","R_BF","B",null,"M","?","M","?","?","R","M","M","T","M"],"character_chosen":"THE_STARBREAKER","items_purchased":[],"campfire_rested":0,"item_purchase_floors":[],"current_hp_per_floor":[51,57,57,57,50,50,43,43,43,43,39,39,39,39,39,27,62,48,48,43,43,43,43,43,43,43,43,41,34,21,21,21,21,62,39,39,36,36,36,36,34,32,32,0,0],"gold":432,"neow_bonus":"REMOVE_CARD","is_daily":false,"chose_seed":false,"campfire_upgraded":6,"win_rate":0.0,"timestamp":1609970540,"path_taken":["M","?","?","M","?","R","M","R","T","$","M","?","M","M","R","BOSS","M","?","?","?","?","R","M","M","T","R","M","?","M","?","R_BF","BOSS","M","?","M","?","?","R","?","?","T","M"],"items_purchased_type":[],"build_version":"2020-12-22","purchased_purges":1,"victory":false,"max_hp_per_floor":[60,60,60,60,60,60,60,60,60,60,62,62,62,62,62,62,62,62,62,62,62,62,62,62,62,62,62,62,62,62,62,62,62,62,62,62,62,62,62,62,62,62,62,62,62],"card_choices":[{"not_picked":["Moonworks:Assault","Moonworks:Dinner","Moonworks:UnluckyCharm"],"picked":"SKIP","floor":1},{"not_picked":["Moonworks:NicePresent","Moonworks:AngelHand","Moonworks:CookingTime","Moonworks:DeployBits"],"picked":"Moonworks:JonathanRush","floor":4},{"not_picked":["Moonworks:WindyEnchantment","Moonworks:IntelligenceOfficer","Moonworks:LeapThroughSpace","Moonworks:UnluckyCharm","Moonworks:Assault"],"picked":"SKIP","floor":5},{"not_picked":["Moonworks:IntelligenceOfficer","Moonworks:CloudOfSeagulls","Moonworks:WindyEnchantment","Moonworks:EvilSpyWorkPreparation","Moonworks:BigMagnum"],"picked":"SKIP","floor":7},{"not_picked":["Moonworks:WindyEnchantment","Moonworks:Heat300Percent","Moonworks:LulusLuckyEgg","Moonworks:ReproductionOfRecords"],"picked":"Moonworks:JonathanRush","floor":11},{"not_picked":["Moonworks:RagingMadness","Moonworks:SealedMemories","Moonworks:SubspaceTunnel","Moonworks:FinalSurgery","Moonworks:AngelHand"],"picked":"SKIP","floor":13},{"not_picked":["Moonworks:Assault","Moonworks:Heat300Percent","Moonworks:ExtendedPhotonRifle","Moonworks:Poppoformation"],"picked":"Moonworks:Flamethrower","floor":14},{"not_picked":["Moonworks:SinkOrSwim","Moonworks:LeapThroughSpace","Moonworks:EvilMastermind","Moonworks:WeAreWaruda"],"picked":"Moonworks:CrystalBarrier","floor":16},{"not_picked":["Moonworks:EvilSpyWorkPreparation","Moonworks:CloudOfSeagulls+1","Moonworks:SelfDestruct","Moonworks:BigMagnum"],"picked":"Moonworks:WindyEnchantment+1","floor":18},{"not_picked":["Moonworks:CloudOfSeagulls","Moonworks:EvilSpyWorkPreparation+1","Moonworks:BigMagnum","Moonworks:Assault","Moonworks:DeployBits"],"picked":"SKIP","floor":20},{"not_picked":["Moonworks:FinalSurgery","Moonworks:Assault","Moonworks:CloudOfSeagulls","Moonworks:BackdoorTrade"],"picked":"Moonworks:WindyEnchantment+1","floor":24},{"not_picked":["Moonworks:ReproductionOfRecords","Moonworks:Assault+1","Moonworks:BackdoorTrade","Moonworks:EvilSpyWorkPreparation","Moonworks:ImOnFire"],"picked":"SKIP","floor":25},{"not_picked":["Moonworks:MixPhenomenon","Moonworks:UnpaidWork","Moonworks:WeAreWaruda","Moonworks:MiracleWalker"],"picked":"Moonworks:JonathanRush","floor":28},{"not_picked":["Moonworks:CloudOfSeagulls","Moonworks:MiracleWalker","Moonworks:WindyEnchantment","Moonworks:NicePresent","Moonworks:ImOnFire+1"],"picked":"SKIP","floor":29},{"not_picked":["Moonworks:EvilSpyWorkPreparation+1","Moonworks:SakisCookie","Moonworks:ImOnFire","Moonworks:LulusLuckyEgg"],"picked":"Moonworks:JonathanRush","floor":30},{"not_picked":["Moonworks:ReflectiveShell","Moonworks:SinkOrSwim","Moonworks:Accelerator","Moonworks:ShieldCounter"],"picked":"Moonworks:RocketCannon","floor":33},{"not_picked":["beaked:Recite","Moonworks:CloudOfSeagulls","beaked:Replenish","beaked:DigDeep+1","beaked:SurvivalInstinct"],"picked":"beaked:Foresight","floor":35},{"not_picked":["Moonworks:BigMagnum+1","Moonworks:TacticalRetreat","beaked:WarriorEssence","beaked:Ceremony","beaked:Hexing+1","Moonworks:BigBangBell+1"],"picked":"SKIP","floor":37},{"not_picked":["beaked:Struggle+1","beaked:Brace","beaked:Insight","beaked:Poke","Moonworks:NicePresent","Moonworks:CompletionReward"],"picked":"SKIP","floor":41},{"not_picked":["beaked:SurvivalInstinct","beaked:DarkTribute","beaked:DigDeep+1","Moonworks:CookingTime+1","beaked:Ceremony+1","beaked:Daydream+1"],"picked":"SKIP","floor":42}],"player_experience":1173362,"relics_obtained":[{"floor":1,"key":"SynthV:TestCard"},{"floor":9,"key":"trackpad:Mousetrap"},{"floor":26,"key":"Art of War"},{"floor":31,"key":"hubris:CuriousFeather"},{"floor":37,"key":"wanderingMiniBosses:AbyssPearl"},{"floor":43,"key":"trackpad:Compendium"}],"event_choices":[{"damage_healed":0,"gold_gain":0,"cards_transformed":["Moonworks:CloudOfSeagulls"],"player_choice":"Transformed","damage_taken":0,"max_hp_gain":0,"max_hp_loss":0,"event_name":"Transmorgrifier","floor":3,"gold_loss":0,"cards_obtained":["Moonworks:AnotherUltimateWeapon"]},{"damage_healed":0,"gold_gain":0,"player_choice":"Bought 3 Potions","damage_taken":0,"max_hp_gain":0,"max_hp_loss":0,"event_name":"The Woman in Blue","floor":19,"gold_loss":0},{"cards_removed":["Moonworks:LongDistanceShot"],"damage_healed":0,"gold_gain":0,"player_choice":"Upgrade and Remove","damage_taken":0,"max_hp_gain":0,"max_hp_loss":0,"event_name":"Designer","floor":21,"gold_loss":90,"cards_upgraded":["Moonworks:Flamethrower"]},{"cards_removed":["Moonworks:JonathanRush"],"damage_healed":0,"gold_gain":0,"player_choice":"Take \u0026 Give","damage_taken":0,"max_hp_gain":0,"max_hp_loss":0,"event_name":"betterNote:BetterNote","floor":22,"gold_loss":0,"cards_obtained":["Moonworks:RedAndBlue"]},{"damage_healed":0,"gold_gain":0,"player_choice":"Ignored","damage_taken":0,"max_hp_gain":0,"max_hp_loss":0,"event_name":"SecretPortal","floor":39,"gold_loss":0}],"is_beta":false,"boss_relics":[{"not_picked":["Hololive_TopUpMoneyS","halation:SmartPhone"],"picked":"conspire:RoyalGoblet"},{"not_picked":["aspiration:SilentSkillbook","Dota2Spire:Bloodstone"],"picked":"aspiration:BeakedSkillbook"}],"items_purged_floors":[10],"is_endless":false,"potions_floor_spawned":[4,7,11,13,14,24,25,33,41,42],"killed_by":"3 Darklings","ascension_level":0}}