{"host":"gl7gfqdgzaxu5sie","time":1609940142,"event":{"mods":["AchievementEnabler","BaseMod","Colored Map","DeckTracker","Minty Spire (QoL Compilation)"],"gold_per_floor":[110,129,143,156,106,106,141,141,166,200,200,227,244,260,260,260,260],"floor_reached":16,"playtime":707,"items_purged":[],"score":221,"play_id":"dad20502-0610-4428-afa8-dfc951e7e05b","local_time":"20210106223542","is_ascension_mode":true,"campfire_choices":[{"data":"Bash","floor":6.0,"key":"SMITH"},{"data":"Dual Wield","floor":8.0,"key":"SMITH"},{"floor":11.0,"key":"REST"},{"data":"Rage","floor":15.0,"key":"SMITH"}],"circlet_count":0,"master_deck":["AscendersBane","Strike_R","Strike_R","Strike_R","Strike_R","Defend_R","Defend_R","Defend_R","Defend_R","Bash+1","Cleave","Dropkick","Dual Wield+1","Rage+1","Power Through","Dropkick"],"relics":["Burning Blood","Vajra","PreservedInsect","Sundial"],"acts_visited":["Exordium"],"potions_floor_usage":[16],"damage_taken":[{"damage":16.0,"enemies":"Jaw Worm","floor":1.0,"turns":7.0},{"damage":6.0,"enemies":"2 Louse","floor":2.0,"turns":2.0},{"damage":1.0,"enemies":"Cultist","floor":3.0,"turns":3.0},{"damage":14.0,"enemies":"Blue Slaver","floor":4.0,"turns":4.0},{"damage":32.0,"enemies":"Gremlin Nob","floor":7.0,"turns":4.0},{"damage":39.0,"enemies":"3 Sentries","floor":10.0,"turns":9.0},{"damage":0.0,"enemies":"Gremlin Nob","floor":12.0,"turns":2.0},{"damage":12.0,"enemies":"Red Slaver","floor":13.0,"turns":3.0},{"damage":3.0,"enemies":"3 Louse","floor":14.0,"turns":2.0},{"damage":43,"enemies":"Hexaghost","floor":16,"turns":10}],"seed_played":"5333702208255989400","potions_obtained":[{"floor":4.0,"key":"CultistPotion"},{"floor":7.0,"key":"GamblersBrew"},{"floor":10.0,"key":"DuplicationPotion"},{"floor":12.0,"key":"BlessingOfTheForge"},{"floor":14.0,"key":"ElixirPotion"}],"is_trial":false,"path_per_floor":["M","M","M","M","?","R","E","R","T","E","R","E","M","M","R","B"],"character_chosen":"IRONCLAD","items_purchased":[],"campfire_rested":1,"item_purchase_floors":[],"current_hp_per_floor":[70,70,75,67,67,67,41,41,41,8,34,40,34,37,37,0,0],"gold":260,"neow_bonus":"TEN_PERCENT_HP_BONUS","is_daily":false,"chose_seed":false,"campfire_upgraded":3,"win_rate":0.0,"timestamp":1609940142,"path_taken":["M","M","M","M","?","R","E","R","T","E","R","E","M","M","R","BOSS"],"items_purchased_type":[],"build_version":"2020-12-22","purchased_purges":0,"victory":false,"max_hp_per_floor":[88,88,88,88,88,88,88,88,88,88,88,88,88,88,88,88,88],"card_choices":[{"not_picked":["Thunderclap","Body Slam"],"picked":"Cleave","floor":1.0},{"not_picked":["Armaments","Blood for Blood"],"picked":"Dropkick","floor":2.0},{"not_picked":["Sword Boomerang","Clash"],"picked":"Dual Wield","floor":3.0},{"not_picked":["Pommel Strike","Sword Boomerang","Warcry"],"picked":"SKIP","floor":4.0},{"not_picked":["Reaper","Iron Wave"],"picked":"Rage","floor":7.0},{"not_picked":["Anger","Sentinel","Intimidate"],"picked":"SKIP","floor":10.0},{"not_picked":["Feel No Pain","Clash"],"picked":"Power Through","floor":12.0},{"not_picked":["Twin Strike","Pommel Strike","Thunderclap"],"picked":"SKIP","floor":13.0},{"not_picked":["Evolve","Entrench"],"picked":"Dropkick","floor":14.0}],"player_experience":573049,"relics_obtained":[{"floor":7.0,"key":"Vajra"},{"floor":10.0,"key":"PreservedInsect"},{"floor":12.0,"key":"Sundial"}],"event_choices":[{"cards_removed":["Strike_R"],"damage_healed":0.0,"max_hp_gain":0.0,"max_hp_loss":0.0,"gold_gain":0.0,"event_name":"The Cleric","player_choice":"Card Removal","floor":5.0,"gold_loss":50.0,"damage_taken":0.0}],"is_beta":false,"boss_relics":[],"items_purged_floors":[],"is_endless":false,"potions_floor_spawned":[4,7,10,12,14],"killed_by":"Hexaghost","ascension_level":10}}