{"host":"og6lam4kt3nibbw0","time":1609959781,"event":{"mods":["AchievementEnabler","BaseMod","Colored Map","DeckTracker","Highlight Path","Keyboard Shortcuts","Minty Spire (QoL Compilation)","Permanent Neow","Quick Restart","StSLib","SuperFastMode"],"gold_per_floor":[16,16,91,115,115,115,156,156,202,225,248,70,70,91,91,91,91],"floor_reached":16,"playtime":1711,"items_purged":[],"score":200,"play_id":"852f611e-1856-48c1-b564-189cbff46bc4","local_time":"20210107040301","is_ascension_mode":true,"campfire_choices":[{"data":"Dualcast","floor":6.0,"key":"SMITH"},{"floor":8.0,"key":"REST"},{"data":"Electrodynamics","floor":13.0,"key":"SMITH"},{"data":"Static Discharge","floor":15.0,"key":"SMITH"}],"circlet_count":0,"master_deck":["AscendersBane","Strike_B","Strike_B","Strike_B","Defend_B","Defend_B","Defend_B","Defend_B","Zap","Dualcast+1","Core Surge","FTL","FTL","Electrodynamics+1","Ball Lightning","Core Surge","Static Discharge+1"],"relics":["Cracked Core","Golden Idol","HornCleat","Akabeko"],"acts_visited":["Exordium"],"potions_floor_usage":[16,16],"damage_taken":[{"damage":7.0,"enemies":"Jaw Worm","floor":1.0,"turns":2.0},{"damage":0.0,"enemies":"Small Slimes","floor":4.0,"turns":3.0},{"damage":25.0,"enemies":"Lagavulin","floor":7.0,"turns":6.0},{"damage":0.0,"enemies":"2 Louse","floor":10.0,"turns":1.0},{"damage":7.0,"enemies":"Lots of Slimes","floor":11.0,"turns":3.0},{"damage":3.0,"enemies":"Blue Slaver","floor":14.0,"turns":2.0},{"damage":30,"enemies":"The Guardian","floor":16,"turns":5}],"seed_played":"-998691286947781591","potions_obtained":[{"floor":7.0,"key":"GamblersBrew"},{"floor":11.0,"key":"Energy Potion"}],"is_trial":false,"path_per_floor":["M","?","?","M","?","R","E","R","T","M","M","$","R","M","R","B"],"character_chosen":"DEFECT","items_purchased":["Core Surge"],"campfire_rested":1,"item_purchase_floors":[12],"current_hp_per_floor":[57,57,46,46,46,46,21,40,40,40,33,33,33,30,30,0,0],"gold":91,"neow_bonus":"THREE_RARE_CARDS","is_daily":false,"chose_seed":false,"campfire_upgraded":3,"win_rate":0.0,"timestamp":1609959781,"path_taken":["M","?","?","M","?","R","E","R","T","M","M","$","R","M","R","BOSS"],"items_purchased_type":["Card"],"build_version":"2020-12-22","purchased_purges":0,"victory":false,"max_hp_per_floor":[71,64,64,64,64,64,64,64,64,64,64,64,64,64,64,64,64],"card_choices":[{"not_picked":["Echo Form","Rainbow"],"picked":"Core Surge","floor":0.0},{"not_picked":["Streamline","Lockon"],"picked":"FTL","floor":1.0},{"not_picked":["Rebound","Turbo","Gash"],"picked":"SKIP","floor":4.0},{"not_picked":["Hologram","Redo"],"picked":"Electrodynamics","floor":7.0},{"not_picked":["Aggregate","Steam","Go for the Eyes"],"picked":"SKIP","floor":10.0},{"not_picked":["Go for the Eyes","Compile Driver"],"picked":"Ball Lightning","floor":11.0},{"not_picked":["Ball Lightning","Hyperbeam"],"picked":"Static Discharge","floor":14.0}],"player_experience":823243,"relics_obtained":[{"floor":7.0,"key":"HornCleat"},{"floor":9.0,"key":"Akabeko"}],"event_choices":[{"damage_healed":0.0,"max_hp_gain":0.0,"max_hp_loss":7.0,"gold_gain":0.0,"event_name":"Golden Idol","player_choice":"Lose Max HP","floor":2.0,"gold_loss":0.0,"damage_taken":0.0,"relics_obtained":["Golden Idol"]},{"damage_healed":0.0,"max_hp_gain":0.0,"max_hp_loss":0.0,"gold_gain":75.0,"event_name":"World of Goop","player_choice":"Gather Gold","floor":3.0,"gold_loss":0.0,"damage_taken":11.0},{"damage_healed":0.0,"max_hp_gain":0.0,"max_hp_loss":0.0,"gold_gain":0.0,"cards_transformed":["Strike_B"],"event_name":"Living Wall","player_choice":"Change","floor":5.0,"gold_loss":0.0,"damage_taken":0.0,"cards_obtained":["FTL"]}],"is_beta":false,"boss_relics":[],"items_purged_floors":[],"is_endless":false,"potions_floor_spawned":[7,11,14],"killed_by":"The Guardian","ascension_level":20}}