{"host":"qxeepl7ydvsgmfdb","time":1609940103,"event":{"mods":["AchievementEnabler","BaseMod","Colored Powertips","Minty Spire (QoL Compilation)","Quick Restart","slay the spire mod where everything is the same but ironclad has a cowboy hat"],"gold_per_floor":[113,188,205,205,205,239,33,46,46,46,46,89,110,145,145,275,275,298,106,130,3,26,65,65,88,114,114,114],"floor_reached":27,"playtime":600,"items_purged":["Strike_B"],"score":342,"play_id":"02409047-dd12-458b-b719-c79a92859ff1","local_time":"20210106083503","is_ascension_mode":true,"campfire_choices":[{"floor":10,"key":"REST"},{"floor":15,"key":"REST"},{"floor":24,"key":"REST"}],"circlet_count":0,"master_deck":["Strike_B","Strike_B","Defend_B","Defend_B","Defend_B","Defend_B","Zap+1","Dualcast","Defragment","Ball Lightning","Conserve Battery","Lockon","Ball Lightning","Rainbow","Coolheaded+1","Cold Snap","Redo"],"relics":["Cracked Core","NeowsBlessing","Golden Idol","Matryoshka","PreservedInsect","Strawberry","Omamori","Bag of Preparation","Dream Catcher","Philosopher\u0027s Stone","Membership Card","Pear","Juzu Bracelet","Oddly Smooth Stone","Orichalcum"],"acts_visited":["Exordium","TheCity"],"potions_floor_usage":[12,14,18,23],"damage_taken":[{"damage":0,"enemies":"2 Louse","floor":1,"turns":1},{"damage":0,"enemies":"Cultist","floor":3,"turns":1},{"damage":0,"enemies":"3 Sentries","floor":6,"turns":1},{"damage":7,"enemies":"Jaw Worm","floor":8,"turns":2},{"damage":11,"enemies":"Gremlin Nob","floor":12,"turns":3},{"damage":1,"enemies":"Blue Slaver","floor":13,"turns":3},{"damage":18,"enemies":"3 Sentries","floor":14,"turns":4},{"damage":27,"enemies":"The Guardian","floor":16,"turns":8},{"damage":17,"enemies":"3 Byrds","floor":18,"turns":2},{"damage":4,"enemies":"Chosen","floor":20,"turns":4},{"damage":35,"enemies":"Snake Plant","floor":22,"turns":3},{"damage":29,"enemies":"Slavers","floor":23,"turns":5},{"damage":32,"enemies":"3 Cultists","floor":25,"turns":5},{"damage":2,"enemies":"Chosen and Byrds","floor":27,"turns":1}],"seed_played":"-5615000030004813390","potions_obtained":[{"floor":1,"key":"SkillPotion"},{"floor":6,"key":"Swift Potion"},{"floor":8,"key":"LiquidBronze"},{"floor":20,"key":"BlessingOfTheForge"},{"floor":22,"key":"PotionOfCapacity"}],"is_trial":false,"path_per_floor":["M","?","M","?","?","E","$","M","T","R","?","E","M","E","R","B",null,"M","$","M","$","M","E","R","M","T","M"],"character_chosen":"DEFECT","items_purchased":["PreservedInsect","Ball Lightning","Membership Card","Pear"],"campfire_rested":3,"item_purchase_floors":[7,7,19,21],"current_hp_per_floor":[75,64,64,64,46,46,46,39,46,70,70,59,58,40,64,37,82,65,65,61,71,36,7,34,2,2,0,0],"gold":114,"neow_bonus":"THREE_ENEMY_KILL","is_daily":false,"chose_seed":false,"campfire_upgraded":0,"win_rate":0.0,"timestamp":1609940103,"path_taken":["M","?","M","?","?","E","?","?","T","R","?","E","M","E","R","BOSS","M","$","M","$","?","E","R","M","T","M"],"items_purchased_type":["Relic","Card","Relic","Relic"],"build_version":"2020-12-22","purchased_purges":1,"victory":false,"max_hp_per_floor":[75,75,75,75,75,75,75,75,82,82,82,82,82,82,82,82,82,82,82,82,92,92,92,92,92,92,92,92],"card_choices":[{"not_picked":["Fusion","Hologram"],"picked":"Defragment","floor":1},{"not_picked":["Rip and Tear","Compile Driver","Beam Cell"],"picked":"SKIP","floor":3},{"not_picked":["Biased Cognition","Hologram","Static Discharge"],"picked":"SKIP","floor":6},{"not_picked":["Reprogram","Rip and Tear"],"picked":"Conserve Battery","floor":8},{"not_picked":["Cold Snap","Genetic Algorithm"],"picked":"Lockon","floor":12},{"not_picked":["Compile Driver","Gash","Conserve Battery"],"picked":"SKIP","floor":13},{"not_picked":["All For One","Aggregate","Sunder"],"picked":"SKIP","floor":14},{"not_picked":["Compile Driver","Sweeping Beam"],"picked":"Ball Lightning","floor":15},{"not_picked":["Echo Form","Core Surge"],"picked":"Rainbow","floor":16},{"not_picked":["Rip and Tear","Streamline"],"picked":"Coolheaded+1","floor":18},{"not_picked":["Skim+1","Doom and Gloom"],"picked":"Cold Snap","floor":20},{"not_picked":["Recycle","Loop+1","Go for the Eyes"],"picked":"SKIP","floor":22},{"not_picked":["Loop","Leap","Stack"],"picked":"SKIP","floor":23},{"not_picked":["Compile Driver+1","Conserve Battery"],"picked":"Redo","floor":24},{"not_picked":["Compile Driver","Redo","Skim+1"],"picked":"SKIP","floor":25}],"player_experience":377612,"relics_obtained":[{"floor":6,"key":"Matryoshka"},{"floor":9,"key":"Strawberry"},{"floor":9,"key":"Omamori"},{"floor":12,"key":"Bag of Preparation"},{"floor":14,"key":"Dream Catcher"},{"floor":23,"key":"Juzu Bracelet"},{"floor":26,"key":"Oddly Smooth Stone"},{"floor":26,"key":"Orichalcum"}],"event_choices":[{"damage_healed":0,"gold_gain":75,"player_choice":"Gather Gold","damage_taken":11,"max_hp_gain":0,"max_hp_loss":0,"event_name":"World of Goop","floor":2,"gold_loss":0},{"damage_healed":0,"gold_gain":0,"player_choice":"Grow","damage_taken":0,"max_hp_gain":0,"max_hp_loss":0,"event_name":"Living Wall","floor":4,"gold_loss":0,"cards_upgraded":["Zap"]},{"damage_healed":0,"gold_gain":0,"player_choice":"Take Damage","damage_taken":18,"relics_obtained":["Golden Idol"],"max_hp_gain":0,"max_hp_loss":0,"event_name":"Golden Idol","floor":5,"gold_loss":0},{"cards_removed":["Strike_B"],"damage_healed":0,"gold_gain":0,"player_choice":"Offered Basic","damage_taken":0,"max_hp_gain":0,"max_hp_loss":0,"event_name":"Bonfire Elementals","floor":11,"gold_loss":0}],"is_beta":false,"boss_relics":[{"not_picked":["Black Star","FrozenCore"],"picked":"Philosopher\u0027s Stone"}],"items_purged_floors":[19],"is_endless":false,"potions_floor_spawned":[1,6,8,20,22],"killed_by":"Chosen and Byrds","ascension_level":3}}