{"host":"873t0y8ybyo38pfq","time":1609958244,"event":{"mods":["BaseMod","Bestiary","Colored Map","Colored Powertips","Highlight Path","Minty Spire (QoL Compilation)","Quick Restart","RNG Fix","Rare Cards Sparkle","Relic Stats","StSLib"],"gold_per_floor":[19,19,39,13,13,13,29,60,60,60,79,79,79,98,98,98,98],"floor_reached":16,"playtime":415,"items_purged":[],"score":200,"play_id":"621e9ef7-ebdf-4428-8196-9408f3af1302","local_time":"20210106133724","is_ascension_mode":true,"campfire_choices":[{"data":"White Noise","floor":6,"key":"SMITH"},{"data":"Zap","floor":10,"key":"SMITH"},{"data":"Redo","floor":12,"key":"SMITH"},{"floor":15,"key":"REST"}],"circlet_count":0,"master_deck":["AscendersBane","Strike_B","Strike_B","Strike_B","Defend_B","Defend_B","Defend_B","Defend_B","Zap+1","Dualcast+1","White Noise+1","Skim","Steam","White Noise","Redo+1","Reboot"],"relics":["Cracked Core","Peace Pipe","Letter Opener","Shuriken"],"acts_visited":["Exordium"],"potions_floor_usage":[8,16],"damage_taken":[{"damage":1,"enemies":"Cultist","floor":1,"turns":3},{"damage":12,"enemies":"Jaw Worm","floor":3,"turns":3},{"damage":7,"enemies":"Small Slimes","floor":7,"turns":3},{"damage":37,"enemies":"Gremlin Nob","floor":8,"turns":4},{"damage":7,"enemies":"Exordium Wildlife","floor":11,"turns":3},{"damage":4,"enemies":"3 Louse","floor":14,"turns":3},{"damage":47,"enemies":"Hexaghost","floor":16,"turns":9}],"seed_played":"-7419622813627316102","potions_obtained":[{"floor":7,"key":"Regen Potion"},{"floor":8,"key":"PowerPotion"}],"is_trial":false,"path_per_floor":["M","?","M","$","?","R","M","E","T","R","M","R","?","M","R","B"],"character_chosen":"DEFECT","items_purchased":["Steam"],"campfire_rested":1,"item_purchase_floors":[4],"current_hp_per_floor":[63,63,51,51,71,71,64,32,32,32,25,25,25,21,42,0,0],"gold":98,"neow_bonus":"ONE_RARE_RELIC","is_daily":false,"chose_seed":false,"campfire_upgraded":3,"win_rate":0.0,"timestamp":1609958244,"path_taken":["M","?","M","$","?","R","M","E","T","R","?","R","?","M","R","BOSS"],"items_purchased_type":["Card"],"build_version":"2020-12-22","purchased_purges":0,"victory":false,"max_hp_per_floor":[71,71,71,71,71,71,71,71,71,71,71,71,71,71,71,71,71],"relic_stats":{"Peace Pipe":0,"counters":[7,28],"Shuriken":[0],"Letter Opener":[48],"obtain_stats":[{"Peace Pipe":0,"Shuriken":9,"Letter Opener":8,"Cracked Core":0},{"Peace Pipe":0,"Shuriken":4,"Letter Opener":4,"Cracked Core":0},{"Peace Pipe":0,"Shuriken":13,"Letter Opener":13,"Cracked Core":0}]},"card_choices":[{"not_picked":["Compile Driver","Streamline"],"picked":"White Noise","floor":1},{"not_picked":["Force Field","Barrage"],"picked":"Skim","floor":3},{"not_picked":["Beam Cell","Ball Lightning"],"picked":"White Noise","floor":7},{"not_picked":["BootSequence","Beam Cell","Compile Driver"],"picked":"SKIP","floor":8},{"not_picked":["Cold Snap","Steam"],"picked":"Redo","floor":11},{"not_picked":["Skim","Beam Cell"],"picked":"Reboot","floor":14}],"player_experience":1528670,"relics_obtained":[{"floor":8,"key":"Letter Opener"},{"floor":9,"key":"Shuriken"}],"event_choices":[{"cards_removed":["Strike_B"],"damage_healed":0,"gold_gain":0,"player_choice":"Offered Basic","damage_taken":0,"max_hp_gain":0,"max_hp_loss":0,"event_name":"Bonfire Elementals","floor":2,"gold_loss":0},{"damage_healed":23,"gold_gain":0,"player_choice":"Banana","damage_taken":0,"max_hp_gain":0,"max_hp_loss":0,"event_name":"Big Fish","floor":5,"gold_loss":0},{"damage_healed":0,"gold_gain":0,"player_choice":"Grow","damage_taken":0,"max_hp_gain":0,"max_hp_loss":0,"event_name":"Living Wall","floor":13,"gold_loss":0,"cards_upgraded":["Dualcast"]}],"is_beta":false,"boss_relics":[],"items_purged_floors":[],"is_endless":false,"potions_floor_spawned":[7,8],"killed_by":"Hexaghost","ascension_level":20}}