{"host":"5ezk7t18wcb10u1o","time":1609957983,"event":{"mods":["BaseMod","Bestiary","Colored Powertips","Minty Spire (QoL Compilation)","Relic Sorter"],"gold_per_floor":[119,119,44,59,72,98,98,98,98,98,116,136,168,184,184,262,262,281,222,245,160,176,176,176,176,176,211,222,234,234,159,159,159,159],"floor_reached":33,"playtime":1624,"items_purged":["Strike_B"],"score":526,"play_id":"48eef6b8-78aa-41ee-b2fb-3b8656ff4bb1","local_time":"20210106183303","is_ascension_mode":true,"campfire_choices":[{"floor":7.0,"key":"REST"},{"floor":10.0,"key":"REST"},{"data":"Go for the Eyes","floor":15,"key":"SMITH"},{"floor":23,"key":"REST"},{"data":"Zap","floor":25,"key":"SMITH"},{"data":"Leap","floor":30,"key":"SMITH"},{"data":"Steam","floor":32,"key":"SMITH"}],"circlet_count":0,"master_deck":["AscendersBane","Strike_B","Defend_B","Defend_B","Zap+1","Dualcast","Lockon","Go for the Eyes+1","Auto Shields","Steam+1","Compile Driver+1","Beam Cell+1","Leap+1","Beam Cell+1","Electrodynamics","Rebound+1","Go for the Eyes+1","Beam Cell+1","BootSequence","Sweeping Beam+1","Gash+1"],"relics":["Cracked Core","Molten Egg 2","Bottled Lightning","Unceasing Top","Empty Cage","Regal Pillow","Akabeko","Mummified Hand","Meat on the Bone"],"acts_visited":["Exordium","TheCity"],"potions_floor_usage":[11,11,12,13,16,16,24,28,33,33],"damage_taken":[{"damage":0.0,"enemies":"2 Louse","floor":1.0,"turns":2.0},{"damage":10.0,"enemies":"Small Slimes","floor":4.0,"turns":3.0},{"damage":0.0,"enemies":"Cultist","floor":5.0,"turns":3.0},{"damage":47.0,"enemies":"3 Sentries","floor":6.0,"turns":9.0},{"damage":19,"enemies":"Gremlin Gang","floor":11,"turns":4},{"damage":3,"enemies":"Lots of Slimes","floor":12,"turns":5},{"damage":6,"enemies":"Gremlin Nob","floor":13,"turns":3},{"damage":1,"enemies":"Exordium Wildlife","floor":14,"turns":3},{"damage":48,"enemies":"Slime Boss","floor":16,"turns":11},{"damage":19,"enemies":"Chosen","floor":18,"turns":4},{"damage":19,"enemies":"Shell Parasite","floor":22,"turns":4},{"damage":0,"enemies":"Centurion and Healer","floor":24,"turns":1},{"damage":5,"enemies":"Gremlin Leader","floor":27,"turns":6},{"damage":8,"enemies":"Snake Plant","floor":28,"turns":4},{"damage":6,"enemies":"3 Cultists","floor":29,"turns":3},{"damage":66,"enemies":"Collector","floor":33,"turns":7}],"seed_played":"7788890806176485272","potions_obtained":[{"floor":5.0,"key":"Regen Potion"},{"floor":6.0,"key":"EssenceOfSteel"},{"floor":11,"key":"EntropicBrew"},{"floor":12,"key":"DistilledChaos"},{"floor":14,"key":"Explosive Potion"},{"floor":16,"key":"SmokeBomb"},{"floor":27,"key":"EssenceOfSteel"},{"floor":28,"key":"ColorlessPotion"},{"floor":29,"key":"Fire Potion"}],"is_trial":false,"path_per_floor":["M","?","?","M","M","E","R","?","T","R","M","M","E","M","R","B",null,"M","$","T","?","M","R","M","R","T","E","M","M","R","$","R","B"],"character_chosen":"DEFECT","items_purchased":["Go for the Eyes+1"],"campfire_rested":3,"item_purchase_floors":[19],"current_hp_per_floor":[71,76,76,66,66,19,43,43,43,67,60,57,51,50,50,2,63,44,44,44,44,25,64,64,64,64,59,51,45,45,45,45,0,0],"gold":159,"neow_bonus":"TEN_PERCENT_HP_BONUS","is_daily":false,"chose_seed":false,"campfire_upgraded":4,"win_rate":0.0,"timestamp":1609957983,"path_taken":["M","?","?","M","M","E","R","?","T","R","?","M","E","?","R","BOSS","M","$","?","?","M","R","M","R","T","E","M","M","R","?","R","BOSS"],"items_purchased_type":["Card"],"build_version":"2020-12-22","purchased_purges":1,"victory":false,"max_hp_per_floor":[78,83,83,83,83,83,83,83,83,83,83,83,83,83,83,83,83,83,83,83,83,83,83,83,83,83,83,83,83,83,83,83,83,83],"card_choices":[{"not_picked":["Steam","Rebound"],"picked":"Lockon","floor":1.0},{"not_picked":["Gash","Undo"],"picked":"Go for the Eyes","floor":4.0},{"not_picked":["Rip and Tear","Self Repair"],"picked":"Auto Shields","floor":5.0},{"not_picked":["Creative AI","Blizzard+1"],"picked":"Steam","floor":6.0},{"not_picked":["Steam","Darkness"],"picked":"Compile Driver+1","floor":11},{"not_picked":["Conserve Battery","Turbo"],"picked":"Beam Cell+1","floor":12},{"not_picked":["Redo","Stack"],"picked":"Leap","floor":13},{"not_picked":["Barrage+1","Double Energy"],"picked":"Beam Cell+1","floor":14},{"not_picked":["Seek","All For One+1"],"picked":"Electrodynamics","floor":16},{"not_picked":["Force Field","Consume"],"picked":"Rebound+1","floor":18},{"not_picked":["Compile Driver+1","FTL+1"],"picked":"Beam Cell+1","floor":22},{"not_picked":["Tempest","Ball Lightning+1"],"picked":"BootSequence","floor":27},{"not_picked":["Cold Snap+1","Gash+1"],"picked":"Sweeping Beam+1","floor":28},{"not_picked":["Beam Cell+1","Redo"],"picked":"Gash+1","floor":29}],"player_experience":1101602,"relics_obtained":[{"floor":6.0,"key":"Molten Egg 2"},{"floor":9.0,"key":"Bottled Lightning"},{"floor":13,"key":"Unceasing Top"},{"floor":20,"key":"Regal Pillow"},{"floor":26,"key":"Mummified Hand"},{"floor":27,"key":"Meat on the Bone"}],"event_choices":[{"damage_healed":0.0,"max_hp_gain":5.0,"max_hp_loss":0.0,"gold_gain":0.0,"event_name":"Big Fish","player_choice":"Donut","floor":2.0,"gold_loss":0.0,"damage_taken":0.0},{"cards_removed":["Strike_B"],"damage_healed":0.0,"max_hp_gain":0.0,"max_hp_loss":0.0,"gold_gain":0.0,"event_name":"The Cleric","player_choice":"Card Removal","floor":3.0,"gold_loss":75.0,"damage_taken":0.0},{"cards_removed":["Defend_B"],"damage_healed":0.0,"max_hp_gain":0.0,"max_hp_loss":0.0,"gold_gain":0.0,"event_name":"Purifier","player_choice":"Purged","floor":8.0,"gold_loss":0.0,"damage_taken":0.0},{"damage_healed":0,"gold_gain":0,"player_choice":"Obtained Relic","damage_taken":0,"relics_obtained":["Akabeko"],"max_hp_gain":0,"max_hp_loss":0,"event_name":"Addict","floor":21,"gold_loss":85}],"is_beta":false,"boss_relics":[{"not_picked":["Pandora\u0027s Box","Astrolabe"],"picked":"Empty Cage"}],"items_purged_floors":[31],"is_endless":false,"potions_floor_spawned":[5,6,11,12,14,16,27,28,29],"killed_by":"Collector","ascension_level":18}}