{"host":"9w1j3v3kvq5208ps","time":1609937701,"event":{"mods":["2.2 Compatiblity","BaseMod","CapriCore","Colored Map","DeckTracker","Highlight Path","Keyboard Shortcuts","Minty Spire (QoL Compilation)","Permanent Neow","Quick Restart","StSLib","SuperFastMode","The Immortal","everything is the same but u backflip on backflip"],"gold_per_floor":[114,133,151,171,27,27,57,69,92,92,106,106,116,56,56,151,151,169,49,49,148,162,162,192,192,192],"floor_reached":25,"playtime":1093,"items_purged":[],"score":256,"play_id":"9c82ecd9-b2c7-4b49-8336-02b6e9792dfd","local_time":"20210106215501","is_ascension_mode":true,"campfire_choices":[{"data":"Evolve","floor":6,"key":"SMITH"},{"data":"Offering","floor":10,"key":"SMITH"},{"data":"Bash","floor":12,"key":"SMITH"},{"data":"Wild Strike","floor":15,"key":"SMITH"},{"data":"Dark Embrace","floor":23,"key":"SMITH"}],"circlet_count":0,"master_deck":["Strike_R","Strike_R","Strike_R","Strike_R","Defend_R","Defend_R","Defend_R","Defend_R","Bash+1","Shrug It Off","Wild Strike+1","Thunderclap","Dropkick","Offering+1","Evolve+1","Dropkick","Burning Pact","Spot Weakness","Impervious","Armaments","Infernal Blade","Dark Embrace+1","Pommel Strike","Rampage+1"],"relics":["Burning Blood","Toy Ornithopter","Vajra","Bag of Preparation","Velvet Choker","Smiling Mask"],"acts_visited":["Exordium","TheCity"],"potions_floor_usage":[4,7,22,24],"damage_taken":[{"damage":1,"enemies":"Cultist","floor":1,"turns":3},{"damage":0,"enemies":"Small Slimes","floor":2,"turns":5},{"damage":2,"enemies":"2 Louse","floor":3,"turns":3},{"damage":11,"enemies":"Large Slime","floor":4,"turns":6},{"damage":28,"enemies":"Lagavulin","floor":7,"turns":7},{"damage":6,"enemies":"Red Slaver","floor":8,"turns":3},{"damage":1,"enemies":"3 Louse","floor":11,"turns":3},{"damage":7,"enemies":"Exordium Wildlife","floor":13,"turns":4},{"damage":24,"enemies":"Hexaghost","floor":16,"turns":6},{"damage":20,"enemies":"Spheric Guardian","floor":18,"turns":4},{"damage":13,"enemies":"Chosen","floor":22,"turns":4},{"damage":27,"enemies":"Slavers","floor":24,"turns":5},{"damage":53,"enemies":"Centurion and Healer","floor":25,"turns":8}],"seed_played":"-6188494885906319088","potions_obtained":[{"floor":2,"key":"SteroidPotion"},{"floor":3,"key":"Explosive Potion"},{"floor":7,"key":"Energy Potion"},{"floor":16,"key":"BlessingOfTheForge"},{"floor":18,"key":"Block Potion"}],"is_trial":false,"path_per_floor":["M","M","M","M","$","R","E","M","T","R","M","R","M","?","R","B",null,"M","$","$","?","M","R","E","M"],"character_chosen":"IRONCLAD","items_purchased":["Offering","Evolve","Infernal Blade","Dark Embrace"],"campfire_rested":0,"item_purchase_floors":[5,5,19,19],"current_hp_per_floor":[80,80,80,75,75,75,53,53,53,53,58,58,57,57,57,39,80,66,66,66,66,64,64,48,0,0],"gold":192,"neow_bonus":"REMOVE_CARD","is_daily":false,"chose_seed":false,"campfire_upgraded":5,"win_rate":0.0,"timestamp":1609937701,"path_taken":["M","M","M","?","?","R","E","M","T","R","M","R","M","?","R","BOSS","M","?","$","?","M","R","E","M"],"items_purchased_type":["Card","Card","Card","Card"],"build_version":"2020-12-22","purchased_purges":0,"victory":false,"max_hp_per_floor":[80,80,80,80,80,80,80,80,80,80,80,80,80,80,80,80,80,80,80,80,80,80,80,80,80,80],"card_choices":[{"not_picked":["Dropkick","True Grit"],"picked":"Shrug It Off","floor":1},{"not_picked":["Iron Wave","Flex"],"picked":"Wild Strike","floor":2},{"not_picked":["Wild Strike","Warcry"],"picked":"Thunderclap","floor":3},{"not_picked":["Twin Strike","Inflame"],"picked":"Dropkick","floor":4},{"not_picked":["Flex","Warcry"],"picked":"Dropkick","floor":7},{"not_picked":["Thunderclap","Anger"],"picked":"Burning Pact","floor":8},{"not_picked":["Iron Wave","Burning Pact","Warcry"],"picked":"SKIP","floor":11},{"not_picked":["Cleave","Clash"],"picked":"Spot Weakness","floor":13},{"not_picked":["Exhume","Barricade"],"picked":"Impervious","floor":16},{"not_picked":["Iron Wave","Clash"],"picked":"Armaments","floor":18},{"not_picked":["Armaments","Dropkick"],"picked":"Pommel Strike","floor":22},{"not_picked":["Flame Barrier+1","Shrug It Off"],"picked":"Rampage+1","floor":24}],"player_experience":220260,"relics_obtained":[{"floor":7,"key":"Toy Ornithopter"},{"floor":9,"key":"Vajra"},{"floor":24,"key":"Smiling Mask"}],"event_choices":[{"damage_healed":0,"gold_gain":0,"player_choice":"Paid Gold","damage_taken":0,"relics_obtained":["Bag of Preparation"],"max_hp_gain":0,"max_hp_loss":0,"event_name":"WeMeetAgain","floor":14,"gold_loss":60},{"damage_healed":0,"gold_gain":99,"player_choice":"Stole From Cult","damage_taken":0,"max_hp_gain":0,"max_hp_loss":0,"event_name":"Nest","floor":21,"gold_loss":0}],"is_beta":false,"boss_relics":[{"not_picked":["Sozu","Runic Cube"],"picked":"Velvet Choker"}],"items_purged_floors":[],"is_endless":false,"potions_floor_spawned":[2,3,7,16,18],"killed_by":"Centurion and Healer","ascension_level":3}}