{"host":"udyc8f81k2jocuhg","time":1609948969,"event":{"mods":["2.2 Compatiblity","BaseMod","Better Third Choice","Colored Powertips","Conspire","Custom Start","GifTheSpireLib","Hermit","Minty Spire (QoL Compilation)","Permanent Neow","Quick Restart","Relic Filter","Relic Stats","Replay The Spire","Shop Mod","Spikes Relics","StSLib","Stuff the Spire"],"gold_per_floor":[369,386,402,421,63,95,95,122,122,178,99,99,160,192,192,289,289,319,348,382,417,21,21,21,21,75,106,106,116,116],"floor_reached":29,"playtime":1827,"items_purged":["Strike_R","Strike_G"],"score":446,"play_id":"81ff8804-1a49-48fc-b6ff-3a898d9d5db1","local_time":"20210106170249","is_ascension_mode":true,"campfire_choices":[{"data":"Footwork","floor":12.0,"key":"SMITH"},{"data":"Noxious Fumes","floor":15.0,"key":"SMITH"},{"floor":23.0,"key":"REST"},{"floor":25.0,"key":"REST"},{"data":"Reforge","floor":28.0,"key":"SMITH"}],"circlet_count":0,"master_deck":["AscendersBane","Strike_G","Strike_G","Strike_G","Strike_G","Defend_G","Defend_G","Defend_G","Defend_G","Defend_G","Survivor","Neutralize","Neutralize","Blade Dance","PiercingWail","Noxious Fumes+1","Deflect","Blade Dance","StuffTheSpire:Sprint","Fluid Movement","Footwork+1","Fluid Movement","Envenom","Blade Dance","Backflip","Reforge+1","Accuracy","PiercingWail","Dagger Spray"],"relics":["Ring of the Snake","ToxicTincture","InkBottle","StuffTheSpire:PointBlank","Replay:Bandana","MealTicket","StuffTheSpire:Mouthbags","conspire:SpecialSausage"],"acts_visited":["Exordium","TheCity"],"potions_floor_usage":[29],"damage_taken":[{"damage":0.0,"enemies":"2 Louse","floor":1.0,"turns":4.0},{"damage":0.0,"enemies":"Cultist","floor":2.0,"turns":4.0},{"damage":0.0,"enemies":"Jaw Worm","floor":3.0,"turns":5.0},{"damage":4.0,"enemies":"2 Fungi Beasts","floor":4.0,"turns":3.0},{"damage":15.0,"enemies":"Gremlin Nob","floor":6.0,"turns":5.0},{"damage":13.0,"enemies":"Lagavulin","floor":8.0,"turns":7.0},{"damage":5.0,"enemies":"Gremlin Nob","floor":10.0,"turns":3.0},{"damage":6.0,"enemies":"3 Sentries","floor":13.0,"turns":8.0},{"damage":0.0,"enemies":"3 Louse","floor":14.0,"turns":2.0},{"damage":21.0,"enemies":"Fading Forest","floor":16.0,"turns":11.0},{"damage":17.0,"enemies":"Chosen","floor":18.0,"turns":7.0},{"damage":10.0,"enemies":"conspire:FuzzyDice","floor":19.0,"turns":7.0},{"damage":11.0,"enemies":"Centurion and Healer","floor":20.0,"turns":6.0},{"damage":8.0,"enemies":"Sentry and Sphere","floor":21.0,"turns":5.0},{"damage":10.0,"enemies":"conspire:HollyBat","floor":27.0,"turns":7.0},{"damage":48,"enemies":"Book of Stabbing","floor":29,"turns":7}],"seed_played":"1840238366835309756","potions_obtained":[{"floor":1.0,"key":"Adrenaline Potion"},{"floor":4.0,"key":"Weak Potion"},{"floor":7.0,"key":"Block Potion"},{"floor":10.0,"key":"LiquidBronze"},{"floor":19.0,"key":"Fire Potion"},{"floor":20.0,"key":"Adrenaline Potion"},{"floor":21.0,"key":"Fire Potion"}],"is_trial":false,"path_per_floor":["M","M","M","M","$","E","?","E","T","E","$","R","E","M","R","B",null,"M","M","M","M","$","R","?","R","T","M","R","E"],"character_chosen":"THE_SILENT","items_purchased":["Noxious Fumes","Deflect","ToxicTincture","Footwork","Reforge","Accuracy","PiercingWail"],"campfire_rested":2,"item_purchase_floors":[5,5,5,11,22,22,22],"current_hp_per_floor":[59,59,59,55,55,40,40,27,27,22,37,37,31,31,31,10,52,35,25,14,6,21,40,36,55,55,45,45,0,0],"gold":116,"neow_bonus":"TWO_FIFTY_GOLD","is_daily":false,"chose_seed":false,"campfire_upgraded":3,"win_rate":0.0,"timestamp":1609948969,"path_taken":["M","M","M","M","$","E","?","E","T","E","$","R","E","M","R","BOSS","M","M","M","M","$","R","?","R","T","M","R","E"],"items_purchased_type":["Card","Card","Relic","Card","Card","Card","Card"],"build_version":"2020-12-22","purchased_purges":2,"victory":false,"max_hp_per_floor":[66,66,66,66,66,66,66,66,66,66,66,66,66,66,66,66,66,66,66,66,66,66,66,66,66,66,66,66,66,66],"relic_stats":{"counters":[16,91],"MealTicket":30,"obtain_stats":[{"Replay:Bandana":9,"StuffTheSpire:Mouthbags":13,"MealTicket":10,"conspire:SpecialSausage":17,"StuffTheSpire:PointBlank":8,"ToxicTincture":5,"InkBottle":6,"Ring of the Snake":0},{"Replay:Bandana":6,"StuffTheSpire:Mouthbags":8,"MealTicket":7,"conspire:SpecialSausage":10,"StuffTheSpire:PointBlank":6,"ToxicTincture":4,"InkBottle":5,"Ring of the Snake":0},{"Replay:Bandana":28,"StuffTheSpire:Mouthbags":39,"MealTicket":31,"conspire:SpecialSausage":52,"StuffTheSpire:PointBlank":28,"ToxicTincture":16,"InkBottle":21,"Ring of the Snake":0}],"InkBottle":[31],"Ring of the Snake":[32]},"card_choices":[{"not_picked":["Endless Agony","Distraction"],"picked":"Dagger Spray","floor":1.0},{"not_picked":["Underhanded Strike","Prepared","Terror"],"picked":"SKIP","floor":2.0},{"not_picked":["StuffTheSpire:Injection","Dodge and Roll"],"picked":"Blade Dance","floor":3.0},{"not_picked":["Riddle With Holes","Expertise"],"picked":"PiercingWail","floor":4.0},{"not_picked":["Replay:Poison Smokescreen","Storm of Steel"],"picked":"Blade Dance","floor":6.0},{"not_picked":["Distraction","Sucker Punch"],"picked":"StuffTheSpire:Sprint","floor":8.0},{"not_picked":["StuffTheSpire:Injection","Acrobatics"],"picked":"Fluid Movement","floor":10.0},{"not_picked":["StuffTheSpire:Incantation","Crippling Poison","Distraction"],"picked":"SKIP","floor":13.0},{"not_picked":["Replay:Poison Smokescreen","Dodge and Roll"],"picked":"Fluid Movement","floor":14.0},{"not_picked":["Malaise","Grand Finale"],"picked":"Envenom","floor":16.0},{"not_picked":["StuffTheSpire:Python","StuffTheSpire:Incantation+1","Dagger Throw"],"picked":"SKIP","floor":18.0},{"not_picked":["Hidden Blade","Flying Knee"],"picked":"Blade Dance","floor":19.0},{"not_picked":["Slice","conspire:DoublingDagger","Sucker Punch"],"picked":"SKIP","floor":20.0},{"not_picked":["Blade Dance","Deadly Poison"],"picked":"Backflip","floor":21.0},{"not_picked":["ReplayTheSpireMod:From All Sides","Prepared","StuffTheSpire:BrimstoneBlast"],"picked":"SKIP","floor":27.0}],"player_experience":1946944,"relics_obtained":[{"floor":6.0,"key":"InkBottle"},{"floor":8.0,"key":"StuffTheSpire:PointBlank"},{"floor":9.0,"key":"Replay:Bandana"},{"floor":10.0,"key":"MealTicket"},{"floor":13.0,"key":"StuffTheSpire:Mouthbags"}],"event_choices":[{"damage_healed":0.0,"max_hp_gain":0.0,"max_hp_loss":0.0,"gold_gain":0.0,"event_name":"Lab","player_choice":"Got Potions","floor":7.0,"gold_loss":0.0,"damage_taken":0.0},{"damage_healed":0.0,"max_hp_gain":0.0,"max_hp_loss":0.0,"gold_gain":0.0,"event_name":"conspire:Investor","player_choice":"Leave","floor":24.0,"gold_loss":0.0,"damage_taken":0.0}],"is_beta":false,"boss_relics":[{"not_picked":["Sandwich","Sozu"],"picked":"conspire:SpecialSausage"}],"items_purged_floors":[5,22],"is_endless":false,"potions_floor_spawned":[1,4,8,10,16,19,20,21],"killed_by":"Book of Stabbing","ascension_level":15}}