{"host":"ufl0k2so27eic2iy","time":1609943572,"event":{"mods":["BaseMod","Minty Spire (QoL Compilation)","StSLib","The Animator"],"gold_per_floor":[123,123,135,235,245,269,287,287,367,442,479,479,504,469,469,545,545,561,561,576,372,383,383,414,414,463,59,59,84,84,84,84,156,156,156,156],"floor_reached":35,"playtime":1844,"items_purged":["animator:Strike"],"score":746,"play_id":"3c3a745e-0181-4c2a-b6e1-4ed002262183","local_time":"20210106143252","is_ascension_mode":true,"campfire_choices":[{"data":"animator:ElricEdward","floor":8,"key":"SMITH"},{"data":"animator:MumenRider","floor":12,"key":"SMITH"},{"data":"animator:Tyuule","floor":15,"key":"SMITH"},{"floor":23,"key":"REST"},{"data":"animator:Arpeggio","floor":25,"key":"SMITH"},{"data":"animator:Fredrika","floor":28,"key":"SMITH"},{"data":"animator:Saitama","floor":32,"key":"SMITH"}],"circlet_count":0,"master_deck":["AscendersBane","animator:Strike_GATE+1","animator:Defend_GATE","animator:Defend","animator:Defend","animator:Defend","animator:TukaLunaMarceau","animator:Kuribayashi","animator:YaoHaDucy","animator:KyokoSakura","animator:Tyuule+1","animator:ElricEdward+1","animator:Arpeggio+1","animator:OrikoMikuni","animator:MumenRider+1","animator:YaoHaDucy","animator:Saitama+1","CurseOfTheBell","animator:YaoHaDucy","animator:FielNirvalen","animator:Fredrika+1","animator:Eris","animator:Darkness","animator:YunYun+1","animator:YuiTsuruno+1","animator:TukaLunaMarceau","animator:Envy"],"relics":["animator:LivingPicture","animator:TheMissingPiece","Eternal Feather","Bag of Preparation","Orichalcum","Calling Bell","Regal Pillow","InkBottle","Torii","Orrery","animator:HeavyHalberd","Whetstone","Oddly Smooth Stone","Meat on the Bone","Dream Catcher","animator:HolyGrailRelic"],"acts_visited":["Exordium","TheCity","TheBeyond"],"potions_floor_usage":[13,24,24,29],"damage_taken":[{"damage":0,"enemies":"2 Louse","floor":1,"turns":4},{"damage":0,"enemies":"Small Slimes","floor":3,"turns":4},{"damage":0,"enemies":"Cultist","floor":5,"turns":3},{"damage":3,"enemies":"Blue Slaver","floor":6,"turns":5},{"damage":5,"enemies":"2 Fungi Beasts","floor":7,"turns":3},{"damage":24,"enemies":"3 Sentries","floor":11,"turns":10},{"damage":25,"enemies":"Gremlin Nob","floor":13,"turns":4},{"damage":26,"enemies":"Slime Boss","floor":16,"turns":9},{"damage":0,"enemies":"Shell Parasite","floor":18,"turns":5},{"damage":21,"enemies":"2 Thieves","floor":20,"turns":4},{"damage":26,"enemies":"Snecko","floor":22,"turns":6},{"damage":21,"enemies":"Book of Stabbing","floor":24,"turns":4},{"damage":0,"enemies":"Gremlin Leader","floor":29,"turns":6},{"damage":32,"enemies":"Collector","floor":33,"turns":14},{"damage":1,"enemies":"3 Darklings","floor":35,"turns":2}],"seed_played":"-6937282080053073064","potions_obtained":[{"floor":6,"key":"LiquidMemories"},{"floor":7,"key":"LiquidBronze"},{"floor":13,"key":"PowerPotion"},{"floor":24,"key":"Explosive Potion"},{"floor":33,"key":"Strength Potion"}],"is_trial":false,"path_per_floor":["M","?","M","?","M","M","M","R","T","?","E","R","E","?","R","B",null,"M","?","M","$","M","R","E","R","T","$","R","E","?","?","R","B",null,"M"],"character_chosen":"THE_ANIMATOR","items_purchased":["Orrery","Oddly Smooth Stone","Meat on the Bone"],"campfire_rested":1,"item_purchase_floors":[21,27,27],"current_hp_per_floor":[60,60,61,61,61,58,53,53,53,42,18,27,2,18,27,2,52,52,52,31,32,9,59,41,56,56,56,69,69,69,69,69,40,70,69,69],"gold":156,"neow_bonus":"TEN_PERCENT_HP_BONUS","is_daily":false,"chose_seed":false,"campfire_upgraded":6,"win_rate":0.0,"timestamp":1609943572,"path_taken":["M","?","M","?","?","M","M","R","T","?","E","R","E","?","R","BOSS","M","?","M","$","?","R","E","R","T","$","R","E","?","?","R","BOSS","M"],"items_purchased_type":["Relic","Relic","Relic"],"build_version":"2020-12-22","purchased_purges":1,"victory":false,"max_hp_per_floor":[66,66,67,67,67,67,67,67,67,67,67,67,67,67,67,68,68,68,68,68,69,69,69,69,69,69,69,69,69,69,69,69,69,77,77,77],"card_choices":[{"not_picked":["animator:YuiTsuruno","animator:DolaCouronne"],"picked":"animator:YaoHaDucy","floor":1},{"not_picked":["animator:Jibril","animator:Gillette"],"picked":"animator:Tyuule","floor":3},{"not_picked":["animator:Guy","animator:YuiTsuruno"],"picked":"animator:ElricEdward","floor":5},{"not_picked":["animator:Tyuule","animator:LeleiLaLalena"],"picked":"animator:Arpeggio","floor":6},{"not_picked":["animator:DolaRiku","animator:Gillette"],"picked":"animator:OrikoMikuni","floor":7},{"not_picked":["animator:MadokaKaname","animator:AcuraAkari"],"picked":"animator:MumenRider","floor":11},{"not_picked":["animator:Guy","animator:ChaikaBohdan"],"picked":"animator:YaoHaDucy","floor":13},{"not_picked":["animator:ChaikaTrabant","animator:Father"],"picked":"animator:Saitama","floor":16},{"not_picked":["animator:Tyuule","animator:RoryMercury"],"picked":"animator:YaoHaDucy","floor":18},{"not_picked":["animator:MaesHughes","animator:IrohaTamaki"],"picked":"animator:FielNirvalen","floor":20},{"not_picked":["animator:ElricAlphonse","animator:OrikoMikuni"],"picked":"animator:Fredrika","floor":21},{"not_picked":["animator:Genos","animator:OrikoMikuni"],"picked":"animator:Eris","floor":21},{"not_picked":["animator:NagisaMomoe","animator:MaesHughes"],"picked":"animator:Darkness","floor":21},{"not_picked":["animator:MamiTomoe","animator:Envy"],"picked":"animator:YunYun+1","floor":21},{"not_picked":["animator:Melzalgald","animator:Viivi"],"picked":"animator:YuiTsuruno","floor":22},{"not_picked":["animator:ChaikaTrabant","animator:DolaRiku","animator:ChaikaBohdan"],"picked":"SKIP","floor":24},{"not_picked":["animator:Tyuule","animator:Kuribayashi"],"picked":"animator:TukaLunaMarceau","floor":29},{"not_picked":["animator:Sora","animator:Greed"],"picked":"animator:Envy","floor":33}],"player_experience":2407356,"relics_obtained":[{"floor":9,"key":"Eternal Feather"},{"floor":11,"key":"Bag of Preparation"},{"floor":13,"key":"Orichalcum"},{"floor":17,"key":"Regal Pillow"},{"floor":17,"key":"InkBottle"},{"floor":17,"key":"Torii"},{"floor":24,"key":"animator:HeavyHalberd"},{"floor":26,"key":"Whetstone"},{"floor":29,"key":"Dream Catcher"}],"event_choices":[{"damage_healed":0,"gold_gain":0,"cards_transformed":["animator:Strike"],"player_choice":"Change","damage_taken":0,"max_hp_gain":0,"max_hp_loss":0,"event_name":"Living Wall","floor":2,"gold_loss":0,"cards_obtained":["animator:KyokoSakura"]},{"damage_healed":0,"gold_gain":100,"player_choice":"Gold","damage_taken":0,"max_hp_gain":0,"max_hp_loss":0,"event_name":"Wheel of Change","floor":4,"gold_loss":0},{"damage_healed":0,"gold_gain":75,"player_choice":"Gather Gold","damage_taken":11,"max_hp_gain":0,"max_hp_loss":0,"event_name":"World of Goop","floor":10,"gold_loss":0},{"damage_healed":16,"gold_gain":0,"player_choice":"Healed","damage_taken":0,"max_hp_gain":0,"max_hp_loss":0,"event_name":"The Cleric","floor":14,"gold_loss":35},{"damage_healed":0,"gold_gain":0,"player_choice":"0 cards matched","damage_taken":0,"max_hp_gain":0,"max_hp_loss":0,"event_name":"Match and Keep!","floor":19,"gold_loss":0,"cards_obtained":[]},{"cards_removed":["animator:Strike"],"damage_healed":0,"gold_gain":0,"player_choice":"Card Removal","damage_taken":0,"max_hp_gain":0,"max_hp_loss":0,"event_name":"Wheel of Change","floor":31,"gold_loss":0}],"is_beta":false,"boss_relics":[{"not_picked":["Fusion Hammer","Velvet Choker"],"picked":"Calling Bell"},{"not_picked":["Tiny House","Pandora\u0027s Box"],"picked":"animator:HolyGrailRelic"}],"items_purged_floors":[21],"is_endless":false,"potions_floor_spawned":[6,7,13,24,33],"killed_by":"3 Darklings","ascension_level":15}}