{"host":"bf9sa99gaumonoeu","time":1609966492,"event":{"mods":["AchievementEnabler","Act Like it!","BaseMod","Better Sensory Stone","Colored Map","Colored Powertips","Downfall","Friendly Minions","Gensokyo","GifTheSpireLib","Hallownest","Hermit","Hubris","Jorbs\u0027s Wanderer Trilogy","KinomotoSakuraMod(????)","Koishi","Lobotomy","Marisa????????","Minty Spire (QoL Compilation)","Rare Cards Sparkle","Reimu??????","Remilia??????","Replay The Spire","Shop Mod","StSLib","The Administrix","The Animator","The Blue Laboratory","The Bug Knight","The Construct","The Cursed","The Disciple","The Hierophant","The Mystic","The Necromancer","The Poker Player","The Runesmith","The Senshi","The Servant 0.9.4"],"gold_per_floor":[127,138,15,15,44,75,24,56,110,110,121,21,21,34,34,146,146,185,198,39,58,58,83,83,109,155,181,195,195,195,195],"floor_reached":30,"playtime":3166,"items_purged":["animator:Strike","animator:Strike","animator:Strike"],"score":368,"play_id":"80c51b63-56f2-43f7-94ad-0a762cdb6e1b","local_time":"20210106185452","is_ascension_mode":true,"campfire_choices":[{"data":"animator:Demiurge","floor":13,"key":"SMITH"},{"floor":15,"key":"REST"},{"data":"animator:Sebas","floor":24,"key":"SMITH"},{"data":"animator:Shalltear","floor":29,"key":"SMITH"}],"circlet_count":0,"master_deck":["animator:Strike_Overlord","animator:Defend_Overlord","animator:Defend+1","animator:Defend","animator:Defend","animator:Cocytus","animator:Demiurge+1","animator:NarberalGamma","animator:Entoma+5","animator:Shalltear+1","animator:Sebas+1","animator:DolaStephanie","animator:Cocytus","animator:PandorasActor","animator:Shinoa","animator:ElricAlphonse","animator:PandorasActor","animator:WinryRockbell","animator:MaesHughes"],"relics":["animator:LivingPicture","animator:TheMissingPiece","NeowsBlessing","Hallownest:DreamNailRelic","WingedGreaves","animator:HeavyHalberd","Regal Pillow","Painkiller Herb","Philosopher\u0027s Stone","Runesmith:AutoHammer","hubris:TenFootPole","Orichalcum"],"acts_visited":["Hallownest:Greenpath","Hallownest:CityofTears"],"potions_floor_usage":[6,8,11,11,14,14,23],"damage_taken":[{"damage":0,"enemies":"Hallownest:2_Tiktiks_and_1_Crawlid","floor":1,"turns":2},{"damage":0,"enemies":"Hallownest:monsterHuskGuard","floor":2,"turns":1},{"damage":0,"enemies":"Hallownest:2_MossCreeps","floor":5,"turns":1},{"damage":24,"enemies":"Hallownest:eliteMossKnight","floor":6,"turns":11},{"damage":10,"enemies":"Hallownest:eliteVengeflyKing","floor":8,"turns":8},{"damage":1,"enemies":"Hallownest:Wandering_and_Horned","floor":11,"turns":5},{"damage":6,"enemies":"Hallownest:MossCreep_and_Mosskin","floor":14,"turns":7},{"damage":23,"enemies":"Hallownest:BossFalseKnight","floor":16,"turns":10},{"damage":9,"enemies":"Hallownest:2_Mistakes","floor":18,"turns":13},{"damage":0,"enemies":"Hallownest:3_Youths","floor":19,"turns":5},{"damage":0,"enemies":"Hallownest:monsterShrumalOgre","floor":21,"turns":4},{"damage":9,"enemies":"Hallownest:Nosk","floor":23,"turns":10},{"damage":3,"enemies":"Hallownest:eliteWatcherKnight","floor":25,"turns":13},{"damage":0,"enemies":"Hallownest:2_Husk_Sentries","floor":27,"turns":4},{"damage":0,"enemies":"Hallownest:2_Flukemon","floor":28,"turns":6},{"damage":26,"enemies":"Hallownest:eliteSoulWarrior","floor":30,"turns":10}],"seed_played":"1801658810480511027","potions_obtained":[{"floor":1,"key":"Block Potion"},{"floor":5,"key":"PowerPotion"},{"floor":8,"key":"Block Potion"},{"floor":11,"key":"Slimebound:ThreeZeroPotion"},{"floor":16,"key":"Energy Potion"},{"floor":21,"key":"Fire Potion"},{"floor":25,"key":"Elixir"},{"floor":28,"key":"blueLaboratory:Moonshine"}],"is_trial":false,"path_per_floor":["M","M","$","?","M","E","$","E","T","?","M","$","R","M","R","B",null,"?","?","T","?","T","E","T","E","T","?","?","T","E"],"character_chosen":"THE_ANIMATOR","items_purchased":["Block Potion","FearPotion","Elixir"],"campfire_rested":1,"item_purchase_floors":[3,7,20],"current_hp_per_floor":[59,60,60,60,60,37,37,29,29,29,28,28,28,22,58,37,63,30,32,32,32,32,24,24,21,21,23,26,26,0,0],"gold":195,"neow_bonus":"THREE_ENEMY_KILL","is_daily":false,"chose_seed":false,"campfire_upgraded":3,"win_rate":0.0,"timestamp":1609966492,"path_taken":["M","?","$","?","M","E","?","E","T","?","M","$","R","M","R","BOSS","?","?","T","?","T","E","T","E","T","?","?","T","E"],"items_purchased_type":["Potion","Potion","Potion"],"build_version":"2020-12-22","purchased_purges":3,"victory":false,"max_hp_per_floor":[66,67,67,67,67,68,68,70,70,70,70,70,70,70,70,72,72,36,38,38,38,38,39,39,39,39,41,44,44,44,44],"card_choices":[{"not_picked":["animator:DolaCouronne","animator:Shinoa"],"picked":"animator:NarberalGamma","floor":1},{"not_picked":["animator:Scar","animator:NagisaMomoe"],"picked":"animator:Entoma","floor":2},{"not_picked":["animator:YachiyoNanami","animator:FielNirvalen"],"picked":"animator:Shalltear","floor":5},{"not_picked":["animator:Evileye","animator:Entoma"],"picked":"animator:Sebas","floor":6},{"not_picked":["animator:Guren","animator:ChaikaTrabant"],"picked":"animator:DolaStephanie","floor":8},{"not_picked":["animator:ChaikaBohdan","animator:Jibril","animator:WinryRockbell"],"picked":"SKIP","floor":11},{"not_picked":["animator:Shinoa","animator:PandorasActor"],"picked":"animator:Cocytus","floor":14},{"not_picked":["animator:Kyubey","animator:MadokaKaname"],"picked":"animator:Father","floor":16},{"not_picked":["animator:Entoma","animator:Demiurge"],"picked":"animator:PandorasActor","floor":18},{"not_picked":["animator:OrikoMikuni","animator:Laby+1","animator:HiiragiShinya"],"picked":"SKIP","floor":19},{"not_picked":["animator:Cocytus","animator:DolaSchwi"],"picked":"animator:Shinoa","floor":21},{"not_picked":["animator:Ain+1","animator:Shiro"],"picked":"animator:ElricAlphonse","floor":23},{"not_picked":["animator:Entoma","animator:NarberalGamma"],"picked":"animator:PandorasActor","floor":25},{"not_picked":["animator:IzunaHatsuse","animator:ChaikaBohdan"],"picked":"animator:WinryRockbell","floor":27},{"not_picked":["animator:Gillette+1","animator:Ain+1"],"picked":"animator:MaesHughes","floor":28}],"player_experience":808428,"relics_obtained":[{"floor":6,"key":"WingedGreaves"},{"floor":8,"key":"animator:HeavyHalberd"},{"floor":9,"key":"Regal Pillow"},{"floor":23,"key":"Runesmith:AutoHammer"},{"floor":25,"key":"hubris:TenFootPole"},{"floor":26,"key":"Orichalcum"}],"event_choices":[],"is_beta":false,"boss_relics":[{"not_picked":["hubris:TerracottaHorce","Empty Cage"],"picked":"Painkiller Herb"}],"items_purged_floors":[3,12,20],"is_endless":false,"potions_floor_spawned":[1,5,8,11,16,21,25,28],"killed_by":"Hallownest:eliteSoulWarrior","ascension_level":8}}