{"host":"t0r9wuv4zaiwets7","time":1609914300,"event":{"mods":["BaseMod","Bestiary","Colored Map","Colored Powertips","Highlight Path","Minty Spire (QoL Compilation)","StSLib"],"gold_per_floor":[115,115,190,214,214,257,257,326,406,406,421,421,40,81,81,209,209,228,228,248,264,264,295,295,318,318,361,67,67,80,54,54,179,479,512,15,29,0,63,63,89,129,154,54,70,104,124,144,144,144,144,144,7,48,48],"floor_reached":56,"playtime":1972,"items_purged":["Strike_G","Strike_G"],"score":1662,"play_id":"6ba6cb4e-5400-41a2-8189-510f2c76133e","local_time":"20210105222500","is_ascension_mode":true,"campfire_choices":[{"floor":7.0,"key":"REST"},{"data":"Dodge and Roll","floor":10.0,"key":"SMITH"},{"data":"Neutralize","floor":12.0,"key":"SMITH"},{"data":"Injury","floor":15.0,"key":"PURGE"},{"data":"Accuracy","floor":24.0,"key":"SMITH"},{"data":"Accuracy","floor":29.0,"key":"SMITH"},{"data":"Envenom","floor":32.0,"key":"SMITH"},{"floor":40.0,"key":"RECALL"},{"floor":49.0,"key":"DIG"},{"floor":52.0,"key":"DIG"}],"circlet_count":0,"master_deck":["Strike_G+1","Defend_G","Defend_G","Defend_G","Defend_G","Defend_G","Survivor","Neutralize+1","Dodge and Roll+1","Poisoned Stab","Infinite Blades","Blade Dance+1","Dramatic Entrance+1","Accuracy+1","Adrenaline+1","Cloak And Dagger+1","Blur+1","Outmaneuver+1","Cloak And Dagger+1","Finisher","Noxious Fumes+1","Accuracy+1","Envenom+1","Slice","Adrenaline+1","CurseOfTheBell","Master of Strategy+1","Cloak And Dagger+1","Blade Dance+1","Cloak And Dagger+1","PiercingWail+1","Leg Sweep+1","Deflect+1","Terror+1","Night Terror+1","Blade Dance+1"],"relics":["Philosopher\u0027s Stone","Golden Idol","Akabeko","White Beast Statue","Toxic Egg 2","Toolbox","Bag of Marbles","Peace Pipe","WristBlade","MealTicket","Sundial","Whetstone","Lantern","Calling Bell","Omamori","Matryoshka","Old Coin","OrangePellets","Happy Flower","Red Mask","Ginger","Vajra","Centennial Puzzle","PreservedInsect","Bronze Scales","Shovel","Turnip","Bottled Lightning","Bottled Flame"],"acts_visited":["Exordium","TheCity","TheBeyond","TheEnding"],"potions_floor_usage":[54,55,55],"damage_taken":[{"damage":0.0,"enemies":"2 Louse","floor":1.0,"turns":3.0},{"damage":3.0,"enemies":"Jaw Worm","floor":4.0,"turns":6.0},{"damage":45.0,"enemies":"Lagavulin","floor":6.0,"turns":10.0},{"damage":3.0,"enemies":"Small Slimes","floor":11.0,"turns":3.0},{"damage":0.0,"enemies":"Gremlin Nob","floor":14.0,"turns":2.0},{"damage":41.0,"enemies":"The Guardian","floor":16.0,"turns":7.0},{"damage":3.0,"enemies":"Shell Parasite","floor":18.0,"turns":2.0},{"damage":0.0,"enemies":"2 Thieves","floor":20.0,"turns":1.0},{"damage":0.0,"enemies":"Snecko","floor":21.0,"turns":2.0},{"damage":0.0,"enemies":"Slavers","floor":23.0,"turns":1.0},{"damage":0.0,"enemies":"3 Cultists","floor":25.0,"turns":1.0},{"damage":0.0,"enemies":"Book of Stabbing","floor":27.0,"turns":2.0},{"damage":0.0,"enemies":"Centurion and Healer","floor":30.0,"turns":2.0},{"damage":29.0,"enemies":"Collector","floor":33.0,"turns":4.0},{"damage":8.0,"enemies":"3 Shapes","floor":35.0,"turns":1.0},{"damage":0.0,"enemies":"3 Darklings","floor":37.0,"turns":2.0},{"damage":0.0,"enemies":"Mind Bloom Boss Battle","floor":39.0,"turns":2.0},{"damage":0.0,"enemies":"Reptomancer","floor":42.0,"turns":3.0},{"damage":0.0,"enemies":"Spire Growth","floor":45.0,"turns":1.0},{"damage":0.0,"enemies":"Giant Head","floor":46.0,"turns":3.0},{"damage":0.0,"enemies":"Writhing Mass","floor":47.0,"turns":2.0},{"damage":0.0,"enemies":"Maw","floor":48.0,"turns":5.0},{"damage":18.0,"enemies":"Awakened One","floor":50.0,"turns":5.0},{"damage":0,"enemies":"Shield and Spear","floor":54,"turns":4},{"damage":44,"enemies":"The Heart","floor":55,"turns":5}],"seed_played":"-9167636817370404589","potions_obtained":[{"floor":11.0,"key":"Energy Potion"},{"floor":14.0,"key":"Fire Potion"},{"floor":16.0,"key":"AttackPotion"},{"floor":18.0,"key":"DuplicationPotion"},{"floor":25.0,"key":"LiquidBronze"},{"floor":27.0,"key":"FairyPotion"},{"floor":30.0,"key":"PowerPotion"},{"floor":33.0,"key":"SteroidPotion"},{"floor":35.0,"key":"Weak Potion"},{"floor":39.0,"key":"Energy Potion"},{"floor":54,"key":"CultistPotion"}],"is_trial":false,"path_per_floor":["M","?","?","M","?","E","R","T","T","R","M","R","$","E","R","B",null,"M","?","M","M","?","E","R","M","T","E","$","R","M","$","R","B",null,"M","$","M","?","?","R","T","E","T","$","M","E","M","M","R","B",null,"R","$","E","B",null],"character_chosen":"THE_SILENT","items_purchased":["Toolbox","Bag of Marbles","Dramatic Entrance","Accuracy","Lantern","Slice","OrangePellets","Happy Flower","Master of Strategy+1","Night Terror+1"],"campfire_rested":1,"item_purchase_floors":[13,13,13,28,28,31,36,36,36,53],"current_hp_per_floor":[70,70,59,56,70,25,46,46,46,46,43,43,43,43,43,2,70,67,67,67,67,67,67,67,67,67,67,70,70,70,70,70,41,70,62,70,70,70,70,70,70,70,70,70,70,70,70,70,70,52,70,70,70,70,26],"gold":48,"neow_bonus":"BOSS_RELIC","is_daily":false,"chose_seed":false,"campfire_upgraded":5,"win_rate":0.0,"timestamp":1609914300,"path_taken":["M","?","?","M","?","E","R","?","T","R","M","R","$","E","R","BOSS","M","?","M","?","?","E","R","M","T","E","$","R","M","$","R","BOSS","M","$","?","?","?","R","?","E","T","?","M","E","?","M","R","BOSS","R","$","E","BOSS"],"items_purchased_type":["Relic","Relic","Card","Card","Relic","Card","Relic","Relic","Card","Card"],"build_version":"2020-12-22","purchased_purges":2,"victory":true,"max_hp_per_floor":[70,70,70,70,70,70,70,70,70,70,70,70,70,70,70,70,70,70,70,70,70,70,70,70,70,70,70,70,70,70,70,70,70,70,70,70,70,70,70,70,70,70,70,70,70,70,70,70,70,70,70,70,70,70,70],"card_choices":[{"not_picked":["Outmaneuver","Choke"],"picked":"Dodge and Roll","floor":1.0},{"not_picked":["Outmaneuver","Distraction"],"picked":"Poisoned Stab","floor":4.0},{"not_picked":["Deflect","Dagger Spray"],"picked":"Infinite Blades","floor":6.0},{"not_picked":["Heel Hook","Backflip+1"],"picked":"Blade Dance+1","floor":11.0},{"not_picked":["Acrobatics+1","Finisher"],"picked":"Accuracy","floor":14.0},{"not_picked":["Storm of Steel+1","Wraith Form v2"],"picked":"Adrenaline+1","floor":16.0},{"not_picked":["Dagger Throw+1","Quick Slash"],"picked":"Cloak And Dagger+1","floor":18.0},{"not_picked":["Quick Slash","Acrobatics+1","Masterful Stab"],"picked":"SKIP","floor":20.0},{"not_picked":["Quick Slash","Skewer"],"picked":"Outmaneuver+1","floor":21.0},{"not_picked":["Infinite Blades+1","Backstab"],"picked":"Cloak And Dagger+1","floor":23.0},{"not_picked":["Deflect+1","Sucker Punch"],"picked":"Finisher","floor":25.0},{"not_picked":["Crippling Poison+1","Expertise+1"],"picked":"Noxious Fumes+1","floor":27.0},{"not_picked":["Tactician+1","Caltrops"],"picked":"Envenom","floor":30.0},{"not_picked":["Tools of the Trade","Malaise+1"],"picked":"Adrenaline+1","floor":33.0},{"not_picked":["Flying Knee","Choke+1","Poisoned Stab"],"picked":"SKIP","floor":35.0},{"not_picked":["Dodge and Roll+1","Tactician+1"],"picked":"Cloak And Dagger+1","floor":37.0},{"not_picked":["Caltrops","Backstab+1"],"picked":"Blade Dance+1","floor":39.0},{"not_picked":["Infinite Blades","Backstab"],"picked":"Cloak And Dagger+1","floor":42.0},{"not_picked":["Flying Knee+1","Underhanded Strike+1"],"picked":"PiercingWail+1","floor":45.0},{"not_picked":["Dagger Spray+1","Calculated Gamble+1"],"picked":"Leg Sweep+1","floor":46.0},{"not_picked":["PiercingWail+1","Tools of the Trade"],"picked":"Deflect+1","floor":47.0},{"not_picked":["Eviscerate+1","Slice"],"picked":"Terror+1","floor":48.0},{"not_picked":["Poisoned Stab","Dagger Throw"],"picked":"Blade Dance+1","floor":54}],"player_experience":143533,"relics_obtained":[{"floor":6.0,"key":"Akabeko"},{"floor":8.0,"key":"White Beast Statue"},{"floor":9.0,"key":"Toxic Egg 2"},{"floor":14.0,"key":"Peace Pipe"},{"floor":23.0,"key":"MealTicket"},{"floor":26.0,"key":"Sundial"},{"floor":27.0,"key":"Whetstone"},{"floor":34.0,"key":"Omamori"},{"floor":34.0,"key":"Matryoshka"},{"floor":34.0,"key":"Old Coin"},{"floor":39.0,"key":"Ginger"},{"floor":41.0,"key":"Vajra"},{"floor":41.0,"key":"Centennial Puzzle"},{"floor":42.0,"key":"PreservedInsect"},{"floor":43.0,"key":"Bronze Scales"},{"floor":46.0,"key":"Shovel"},{"floor":49.0,"key":"Turnip"},{"floor":52.0,"key":"Bottled Lightning"},{"floor":54,"key":"Bottled Flame"}],"event_choices":[{"damage_healed":0.0,"max_hp_gain":0.0,"max_hp_loss":0.0,"gold_gain":0.0,"event_name":"Golden Idol","player_choice":"Take Wound","floor":2.0,"gold_loss":0.0,"damage_taken":0.0,"relics_obtained":["Golden Idol"],"cards_obtained":["Injury"]},{"damage_healed":0.0,"max_hp_gain":0.0,"max_hp_loss":0.0,"gold_gain":75.0,"event_name":"World of Goop","player_choice":"Gather Gold","floor":3.0,"gold_loss":0.0,"damage_taken":11.0},{"damage_healed":23.0,"max_hp_gain":0.0,"max_hp_loss":0.0,"gold_gain":0.0,"event_name":"Big Fish","player_choice":"Banana","floor":5.0,"gold_loss":0.0,"damage_taken":0.0},{"damage_healed":0.0,"max_hp_gain":0.0,"max_hp_loss":0.0,"gold_gain":0.0,"cards_transformed":["Strike_G"],"event_name":"Transmorgrifier","player_choice":"Transformed","floor":19.0,"gold_loss":0.0,"damage_taken":0.0,"cards_obtained":["Blur"]},{"cards_removed":["Strike_G"],"damage_healed":0.0,"max_hp_gain":0.0,"max_hp_loss":0.0,"gold_gain":0.0,"event_name":"Bonfire Elementals","player_choice":"Offered Basic","floor":22.0,"gold_loss":0.0,"damage_taken":0.0},{"damage_healed":0.0,"max_hp_gain":0.0,"max_hp_loss":0.0,"gold_gain":0.0,"event_name":"Tomb of Lord Red Mask","player_choice":"Paid","floor":38.0,"gold_loss":29.0,"damage_taken":0.0,"relics_obtained":["Red Mask"]},{"damage_healed":0.0,"max_hp_gain":0.0,"max_hp_loss":0.0,"gold_gain":0.0,"event_name":"MindBloom","player_choice":"Fight","floor":39.0,"gold_loss":0.0,"damage_taken":0.0}],"is_beta":false,"boss_relics":[{"not_picked":["Coffee Dripper","HoveringKite"],"picked":"WristBlade"},{"not_picked":["Busted Crown","SlaversCollar"],"picked":"Calling Bell"}],"items_purged_floors":[28,44],"is_endless":false,"potions_floor_spawned":[11,14,16,18,20,21,23,25,27,30,33,35,37,39,42,45,46,47,48,54],"ascension_level":3}}