{"host":"nptej036rrbiurf5","time":1609897040,"event":{"mods":["BaseMod","Colored Map","Colored Powertips","DeckTracker","Minty Spire (QoL Compilation)","StSLib","SuperFastMode"],"gold_per_floor":[118,137,137,157,167,167,181,198,198,31,46,46,46],"floor_reached":12,"playtime":291,"items_purged":[],"score":148,"play_id":"d5d55510-cea8-4059-b5ec-bbb70fae56f7","local_time":"20210106103720","is_ascension_mode":true,"campfire_choices":[{"data":"WheelKick","floor":6,"key":"SMITH"}],"circlet_count":0,"master_deck":["AscendersBane","Strike_P","Strike_P","Strike_P","Strike_P","Defend_P","Defend_P","Defend_P","Defend_P","Eruption+1","Vigilance","ForeignInfluence","CrushJoints","FlurryOfBlows","MentalFortress","WheelKick+1","Meditate","FearNoEvil","ConjureBlade","Evaluate","Meditate","Collect"],"relics":["PureWater","Turnip","Orrery"],"acts_visited":["Exordium"],"potions_floor_usage":[],"damage_taken":[{"damage":5,"enemies":"Small Slimes","floor":1,"turns":4},{"damage":0,"enemies":"Cultist","floor":2,"turns":2},{"damage":0,"enemies":"2 Louse","floor":4,"turns":1},{"damage":10,"enemies":"2 Fungi Beasts","floor":5,"turns":3},{"damage":23,"enemies":"3 Louse","floor":7,"turns":4},{"damage":8,"enemies":"Lots of Slimes","floor":8,"turns":3},{"damage":4,"enemies":"Blue Slaver","floor":11,"turns":4},{"damage":0,"enemies":"Lagavulin","floor":12,"turns":4}],"seed_played":"7537708255243383781","potions_obtained":[{"floor":1,"key":"LiquidBronze"}],"is_trial":false,"path_per_floor":["M","M","?","M","M","R","M","M","T","$","M","E"],"character_chosen":"WATCHER","items_purchased":["Orrery"],"campfire_rested":0,"item_purchase_floors":[10],"current_hp_per_floor":[56,56,56,56,46,46,23,15,15,15,11,11,11],"gold":46,"neow_bonus":"THREE_CARDS","is_daily":false,"chose_seed":false,"campfire_upgraded":1,"win_rate":0.0,"timestamp":1609897040,"path_taken":["M","M","?","?","M","R","M","M","T","?","M","E"],"items_purchased_type":["Relic"],"build_version":"2020-12-22","purchased_purges":0,"victory":false,"max_hp_per_floor":[68,68,68,68,68,68,68,68,68,68,68,68,68],"card_choices":[{"not_picked":["SashWhip","BowlingBash"],"picked":"ForeignInfluence","floor":0},{"not_picked":["SashWhip","CutThroughFate"],"picked":"CrushJoints","floor":1},{"not_picked":["FollowUp","MentalFortress"],"picked":"FlurryOfBlows","floor":2},{"not_picked":["ThirdEye","CutThroughFate"],"picked":"MentalFortress","floor":4},{"not_picked":["Prostrate","ClearTheMind"],"picked":"WheelKick","floor":5},{"not_picked":["BattleHymn","FlyingSleeves"],"picked":"Meditate","floor":7},{"not_picked":["CrushJoints","BowlingBash","SashWhip"],"picked":"SKIP","floor":8},{"not_picked":["SashWhip","PathToVictory"],"picked":"FearNoEvil","floor":10},{"not_picked":["JustLucky","Collect"],"picked":"ConjureBlade","floor":10},{"not_picked":["CrushJoints","WaveOfTheHand"],"picked":"Evaluate","floor":10},{"not_picked":["CarveReality","FlyingSleeves"],"picked":"Meditate","floor":10},{"not_picked":["ThirdEye","LikeWater"],"picked":"Collect","floor":11}],"player_experience":880686,"relics_obtained":[{"floor":9,"key":"Turnip"}],"event_choices":[{"damage_healed":0,"gold_gain":0,"player_choice":"Forge","damage_taken":0,"max_hp_gain":0,"max_hp_loss":0,"event_name":"Accursed Blacksmith","floor":3,"gold_loss":0,"cards_upgraded":["Eruption"]}],"is_beta":false,"boss_relics":[],"items_purged_floors":[],"is_endless":false,"potions_floor_spawned":[1],"killed_by":"Lagavulin","ascension_level":20}}