{"host":"684z1xpuwaoqmmh1","time":1609930499,"event":{"mods":["BaseMod","Downfall","Hermit","Jorbs\u0027s Wanderer Trilogy","Marisa????????","Minty Spire (QoL Compilation)","StSLib","The Hierophant","The Mystic"],"gold_per_floor":[119,131,131,142,142,142,172,192,192,192,211,239,253,265,265,361,361,376,390,57,57,156,156,169,169,169],"floor_reached":25,"playtime":1128,"items_purged":[],"score":323,"play_id":"57da2e6a-506c-433e-983d-eb1a55a80ffd","local_time":"20210106125459","is_ascension_mode":true,"campfire_choices":[{"data":"hermit:Maintenance","floor":6,"key":"SMITH"},{"data":"hermit:BigShot","floor":10,"key":"SMITH"},{"data":"hermit:BodyArmor","floor":15,"key":"SMITH"},{"data":"hermit:Roughhouse","floor":23,"key":"SMITH"}],"circlet_count":0,"master_deck":["AscendersBane","hermit:Strike_Hermit","hermit:Strike_Hermit","hermit:Strike_Hermit","hermit:Strike_Hermit+1","hermit:Defend_Hermit","hermit:Defend_Hermit","hermit:Defend_Hermit","hermit:Snapshot","hermit:Covet","hermit:Headshot","hermit:BigShot+1","hermit:Maintenance+1","Regret","hermit:Misfire","hermit:BodyArmor+1","hermit:GhostlyPresence","hermit:Determination","hermit:GoldenBullet","hermit:SprayPray","hermit:Roughhouse+1","hermit:OverwhelmingPower","hermit:Combo","hermit:HoleUp"],"relics":["hermit:Momento","StrikeDummy","Lizard Tail","Bottled Tornado","Snecko Eye","champ:Barbells","Potion Belt"],"acts_visited":["Exordium","TheCity"],"potions_floor_usage":[12,19,24],"damage_taken":[{"damage":2,"enemies":"Small Slimes","floor":1,"turns":3},{"damage":6,"enemies":"Cultist","floor":2,"turns":3},{"damage":2,"enemies":"2 Louse","floor":4,"turns":2},{"damage":32,"enemies":"Gremlin Nob","floor":7,"turns":4},{"damage":2,"enemies":"Exordium Wildlife","floor":8,"turns":4},{"damage":16,"enemies":"3 Louse","floor":11,"turns":4},{"damage":22,"enemies":"Lagavulin","floor":12,"turns":8},{"damage":4,"enemies":"Blue Slaver","floor":13,"turns":3},{"damage":0,"enemies":"Large Slime","floor":14,"turns":5},{"damage":16,"enemies":"The Guardian","floor":16,"turns":14},{"damage":0,"enemies":"Chosen","floor":18,"turns":4},{"damage":7,"enemies":"Spheric Guardian","floor":19,"turns":3},{"damage":3,"enemies":"Chosen and Byrds","floor":24,"turns":7},{"damage":53,"enemies":"Slavers","floor":25,"turns":3}],"seed_played":"-8141379296688852677","potions_obtained":[{"floor":1,"key":"PowerPotion"},{"floor":11,"key":"BlessingOfTheForge"},{"floor":12,"key":"Guardian:BlockOnCardUsePotion"},{"floor":14,"key":"SteroidPotion"},{"floor":19,"key":"hermit:Tonic"}],"is_trial":false,"path_per_floor":["M","M","?","M","?","R","E","M","T","R","M","E","M","M","R","B",null,"M","M","$","?","?","R","M","E"],"character_chosen":"HERMIT","items_purchased":["champ:Barbells","Potion Belt","hermit:Combo"],"campfire_rested":0,"item_purchase_floors":[20,20,20],"current_hp_per_floor":[66,60,60,58,58,58,26,24,24,24,8,26,22,22,22,6,58,58,51,51,51,51,51,48,0,0],"gold":169,"neow_bonus":"THREE_CARDS","is_daily":false,"chose_seed":false,"campfire_upgraded":4,"win_rate":0.0,"timestamp":1609930499,"path_taken":["M","M","?","M","?","R","E","M","T","R","M","E","?","M","R","BOSS","M","M","$","?","?","R","M","E"],"items_purchased_type":["Relic","Relic","Card"],"build_version":"2020-12-22","purchased_purges":0,"victory":false,"max_hp_per_floor":[75,75,75,75,75,75,75,75,75,75,75,75,75,75,75,75,75,75,75,75,75,75,75,75,75,75],"card_choices":[{"not_picked":["hermit:HoleUp","hermit:BodyArmor"],"picked":"hermit:Headshot","floor":0},{"not_picked":["hermit:BodyArmor","hermit:Quickdraw"],"picked":"hermit:BigShot","floor":1},{"not_picked":["hermit:Virtue","hermit:CalledShot"],"picked":"hermit:Maintenance","floor":2},{"not_picked":["hermit:Feint","hermit:Grudge"],"picked":"hermit:Misfire","floor":4},{"not_picked":["hermit:Horror","hermit:Deadeye"],"picked":"hermit:GhostlyPresence","floor":7},{"not_picked":["hermit:Grudge","hermit:Gestalt"],"picked":"hermit:Determination","floor":8},{"not_picked":["hermit:FullyLoaded","hermit:BodyArmor"],"picked":"hermit:GoldenBullet","floor":11},{"not_picked":["hermit:CalledShot","hermit:Grudge"],"picked":"hermit:SprayPray","floor":12},{"not_picked":["hermit:LuckOfTheDraw","hermit:CursedWeapon","hermit:Horror"],"picked":"SKIP","floor":13},{"not_picked":["hermit:Spite","hermit:Vantage"],"picked":"hermit:Roughhouse","floor":14},{"not_picked":["hermit:Roughhouse","hermit:EternalForm"],"picked":"hermit:OverwhelmingPower","floor":16},{"not_picked":["hermit:WideOpen","hermit:Cheat","hermit:SprayPray"],"picked":"SKIP","floor":18},{"not_picked":["hermit:Misfire","hermit:Feint+1","hermit:SprayPray+1"],"picked":"SKIP","floor":19},{"not_picked":["hermit:Desperado","hermit:Coalescence"],"picked":"hermit:HoleUp","floor":24}],"player_experience":2390670,"relics_obtained":[{"floor":7,"key":"Lizard Tail"},{"floor":12,"key":"Bottled Tornado"}],"event_choices":[{"damage_healed":0,"gold_gain":0,"player_choice":"Box","damage_taken":0,"relics_obtained":["StrikeDummy"],"max_hp_gain":0,"max_hp_loss":0,"event_name":"Big Fish","floor":3,"gold_loss":0,"cards_obtained":["Regret"]},{"damage_healed":0,"gold_gain":0,"cards_transformed":["hermit:Defend_Hermit"],"player_choice":"Transformed","damage_taken":0,"max_hp_gain":0,"max_hp_loss":0,"event_name":"Transmorgrifier","floor":5,"gold_loss":0,"cards_obtained":["hermit:BodyArmor"]},{"damage_healed":0,"gold_gain":0,"player_choice":"Ignored","damage_taken":0,"max_hp_gain":0,"max_hp_loss":0,"event_name":"Ghosts","floor":21,"gold_loss":0},{"damage_healed":0,"gold_gain":99,"player_choice":"Stole From Cult","damage_taken":0,"max_hp_gain":0,"max_hp_loss":0,"event_name":"Nest","floor":22,"gold_loss":0}],"is_beta":false,"boss_relics":[{"not_picked":["Velvet Choker","Ectoplasm"],"picked":"Snecko Eye"}],"items_purged_floors":[],"is_endless":false,"potions_floor_spawned":[1,11,12,14,19],"killed_by":"Slavers","ascension_level":10}}