{"host":"i0avyit1s6jb1siw","time":1609949622,"event":{"mods":["BaseMod","DeckTracker","Dota2Spire","Highlight Path","Minty Spire (QoL Compilation)","Quick Restart","StSLib","SuperFastMode"],"gold_per_floor":[109,34,34,47,59,59,92,109,109,109,9,9,34,54,54,126,126,143,143,65,65,77,77,89,89,89],"floor_reached":25,"playtime":337,"items_purged":["Defend_P","Strike_P"],"score":522,"play_id":"d1d2fdd6-94b5-4b57-ab9d-e6c422a302f6","local_time":"20210106171342","is_ascension_mode":true,"campfire_choices":[{"data":"Eruption","floor":6,"key":"SMITH"},{"data":"Vigilance","floor":10,"key":"SMITH"},{"floor":12,"key":"RECALL"},{"data":"CrushJoints","floor":15,"key":"SMITH"},{"floor":23,"key":"REST"}],"circlet_count":0,"master_deck":["AscendersBane","Strike_P+1","Strike_P+1","Defend_P","Defend_P+1","Defend_P+1","Eruption+1","Vigilance+1","LessonLearned+1","BattleHymn+1","EmptyFist+1","CrushJoints+1","DeusExMachina","MentalFortress","Study","DevaForm","ThirdEye+1"],"relics":["PureWater","NeowsBlessing","Strawberry","Vajra","Dota2Spire:BattleFury","Dota2Spire:RefresherOrb"],"acts_visited":["Exordium","TheCity"],"potions_floor_usage":[7],"damage_taken":[{"damage":0,"enemies":"Small Slimes","floor":1,"turns":1},{"damage":0,"enemies":"Cultist","floor":4,"turns":1},{"damage":0,"enemies":"Jaw Worm","floor":5,"turns":2},{"damage":17,"enemies":"3 Sentries","floor":7,"turns":5},{"damage":0,"enemies":"Large Slime","floor":8,"turns":3},{"damage":16,"enemies":"Gremlin Nob","floor":13,"turns":3},{"damage":9,"enemies":"Exordium Thugs","floor":14,"turns":3},{"damage":0,"enemies":"Slime Boss","floor":16,"turns":4},{"damage":25,"enemies":"Shell Parasite","floor":18,"turns":4},{"damage":4,"enemies":"Chosen","floor":22,"turns":3},{"damage":19,"enemies":"Snake Plant","floor":24,"turns":3},{"damage":42,"enemies":"Book of Stabbing","floor":25,"turns":4}],"seed_played":"476925577534417377","potions_obtained":[{"floor":4,"key":"Explosive Potion"},{"floor":8,"key":"StancePotion"},{"floor":14,"key":"Dota2Spire:Clarity"}],"is_trial":false,"path_per_floor":["M","$","?","M","M","R","E","M","T","R","$","R","E","M","R","B",null,"M","?","$","?","M","R","M","E"],"character_chosen":"WATCHER","items_purchased":["Study"],"campfire_rested":1,"item_purchase_floors":[20],"current_hp_per_floor":[61,61,61,61,61,61,51,51,51,51,51,51,35,26,26,26,63,38,38,38,38,34,56,37,0,0],"gold":89,"neow_bonus":"THREE_ENEMY_KILL","is_daily":false,"chose_seed":false,"campfire_upgraded":3,"win_rate":0.0,"timestamp":1609949622,"path_taken":["M","$","?","M","M","R","E","M","T","R","?","R","E","M","R","BOSS","M","?","$","?","?","R","M","E"],"items_purchased_type":["Card"],"build_version":"2020-12-22","purchased_purges":2,"victory":false,"max_hp_per_floor":[68,68,68,68,68,68,75,75,75,75,75,75,75,75,75,75,75,75,75,75,75,75,75,75,75,75],"card_choices":[{"not_picked":["EmptyBody","ThirdEye","Pray"],"picked":"SKIP","floor":1},{"not_picked":["Sanctity","Consecrate","SignatureMove"],"picked":"SKIP","floor":4},{"not_picked":["Sanctity","Consecrate","SignatureMove"],"picked":"SKIP","floor":4},{"not_picked":["Evaluate","WreathOfFlame"],"picked":"BattleHymn","floor":5},{"not_picked":["Consecrate","SashWhip","Protect"],"picked":"SKIP","floor":7},{"not_picked":["ClearTheMind","FollowUp","JustLucky"],"picked":"SKIP","floor":8},{"not_picked":["FlyingSleeves","FollowUp"],"picked":"EmptyFist","floor":13},{"not_picked":["WheelKick","ClearTheMind"],"picked":"CrushJoints","floor":14},{"not_picked":["Devotion","Alpha"],"picked":"DeusExMachina","floor":16},{"not_picked":["Halt","Vengeance"],"picked":"MentalFortress","floor":18},{"not_picked":["Vengeance","Consecrate","CrushJoints"],"picked":"SKIP","floor":22},{"not_picked":["CutThroughFate","ClearTheMind"],"picked":"ThirdEye+1","floor":24}],"player_experience":2177157,"relics_obtained":[{"floor":7,"key":"Strawberry"},{"floor":9,"key":"Vajra"},{"floor":13,"key":"Dota2Spire:BattleFury"}],"event_choices":[{"damage_healed":0,"gold_gain":0,"cards_transformed":["Strike_P"],"player_choice":"Transformed","damage_taken":0,"max_hp_gain":0,"max_hp_loss":0,"event_name":"Transmorgrifier","floor":3,"gold_loss":0,"cards_obtained":["LessonLearned"]},{"damage_healed":0,"gold_gain":0,"player_choice":"Ignored","damage_taken":0,"max_hp_gain":0,"max_hp_loss":0,"event_name":"The Mausoleum","floor":19,"gold_loss":0},{"damage_healed":0,"gold_gain":0,"player_choice":"1 cards matched","damage_taken":0,"max_hp_gain":0,"max_hp_loss":0,"event_name":"Match and Keep!","floor":21,"gold_loss":0,"cards_obtained":["DevaForm"]}],"is_beta":false,"boss_relics":[{"not_picked":["Black Star","Cursed Key"],"picked":"Dota2Spire:RefresherOrb"}],"items_purged_floors":[2,11],"is_endless":false,"potions_floor_spawned":[4,8,14,24],"killed_by":"Book of Stabbing","ascension_level":20}}