{"host":"yp47u74hk6n79vj1","time":1609914021,"event":{"mods":["BaseMod","Colored Map","Highlight Path","Minty Spire (QoL Compilation)"],"gold_per_floor":[119,134,134,134,84,128,128,5,5,20,33,54,75,0,0,125,125,148,48,147,171,1,1,1,1,1,1,1],"floor_reached":27,"playtime":621,"items_purged":["Strike_R","Strike_R","Strike_R"],"score":294,"play_id":"9ca8148b-4a5c-42db-a6a3-b207210f8b88","local_time":"20210106012021","is_ascension_mode":true,"campfire_choices":[{"floor":7,"key":"RECALL"},{"data":"True Grit","floor":15,"key":"SMITH"},{"data":"Body Slam","floor":23,"key":"SMITH"}],"circlet_count":0,"master_deck":["Strike_R+1","Strike_R+1","Defend_R","Defend_R","Defend_R","Defend_R","Fire Breathing","True Grit+1","Iron Wave","Shrug It Off","Berserk","Shrug It Off","Demon Form","CurseOfTheBell","Battle Trance+1","Flex+1","Body Slam+1"],"relics":["Burning Blood","NeowsBlessing","Bloody Idol","Question Card","Calling Bell","Happy Flower","Toxic Egg 2","Charon\u0027s Ashes","Anchor"],"acts_visited":["Exordium","TheCity"],"potions_floor_usage":[10,12,21,24],"damage_taken":[{"damage":0,"enemies":"Cultist","floor":1,"turns":1},{"damage":0,"enemies":"2 Louse","floor":2,"turns":1},{"damage":0,"enemies":"Lagavulin","floor":6,"turns":1},{"damage":0,"enemies":"Jaw Worm","floor":10,"turns":4},{"damage":2,"enemies":"Red Slaver","floor":11,"turns":5},{"damage":11,"enemies":"Looter","floor":12,"turns":2},{"damage":5,"enemies":"Blue Slaver","floor":13,"turns":5},{"damage":44,"enemies":"Slime Boss","floor":16,"turns":10},{"damage":22,"enemies":"Spheric Guardian","floor":18,"turns":7},{"damage":6,"enemies":"3 Byrds","floor":21,"turns":4},{"damage":61,"enemies":"Book of Stabbing","floor":24,"turns":7},{"damage":14,"enemies":"3 Cultists","floor":27,"turns":4}],"seed_played":"8546166633031123179","potions_obtained":[{"floor":6,"key":"SkillPotion"},{"floor":11,"key":"SteroidPotion"},{"floor":12,"key":"LiquidBronze"},{"floor":21,"key":"SmokeBomb"}],"is_trial":false,"path_per_floor":["M","M","?","?","?","E","R","$","T","M","M","M","M","$","R","B",null,"M","$","?","M","$","R","E","?","T","M"],"character_chosen":"IRONCLAD","items_purchased":["Fire Breathing","True Grit","Body Slam"],"campfire_rested":0,"item_purchase_floors":[8,8,22],"current_hp_per_floor":[80,80,64,44,44,50,50,50,50,56,60,55,56,56,56,18,80,64,64,64,64,64,64,9,9,9,0,0],"gold":1,"neow_bonus":"THREE_ENEMY_KILL","is_daily":false,"chose_seed":false,"campfire_upgraded":2,"win_rate":0.0,"timestamp":1609914021,"path_taken":["M","?","?","?","?","E","R","$","T","?","M","M","M","$","R","BOSS","M","?","?","M","$","R","E","?","T","?"],"items_purchased_type":["Card","Card","Card"],"build_version":"2020-12-22","purchased_purges":3,"victory":false,"max_hp_per_floor":[80,80,80,80,80,80,80,80,80,80,80,80,80,80,80,80,80,80,80,80,80,80,80,80,80,80,80,80],"card_choices":[{"not_picked":["Anger","Wild Strike","Heavy Blade"],"picked":"SKIP","floor":1},{"not_picked":["Perfected Strike","Carnage","Clothesline"],"picked":"SKIP","floor":2},{"not_picked":["Headbutt","Twin Strike","Heavy Blade"],"picked":"SKIP","floor":6},{"not_picked":["Flex","Infernal Blade","Seeing Red"],"picked":"Iron Wave","floor":10},{"not_picked":["Second Wind","Headbutt","Uppercut"],"picked":"Shrug It Off","floor":11},{"not_picked":["Sword Boomerang","Spot Weakness","Clash"],"picked":"Berserk","floor":12},{"not_picked":["Havoc","Clothesline","Sword Boomerang"],"picked":"Shrug It Off","floor":13},{"not_picked":["Immolate","Limit Break","Double Tap"],"picked":"Demon Form","floor":16},{"not_picked":["Evolve","Dropkick+1","Clothesline"],"picked":"Battle Trance+1","floor":18},{"not_picked":["Headbutt","Heavy Blade","Wild Strike"],"picked":"Flex+1","floor":21}],"player_experience":601520,"relics_obtained":[{"floor":6,"key":"Question Card"},{"floor":17,"key":"Happy Flower"},{"floor":17,"key":"Toxic Egg 2"},{"floor":17,"key":"Charon\u0027s Ashes"},{"floor":26,"key":"Anchor"}],"event_choices":[{"damage_healed":0,"gold_gain":0,"player_choice":"Entered Light","damage_taken":16,"max_hp_gain":0,"max_hp_loss":0,"event_name":"Shining Light","floor":3,"gold_loss":0,"cards_upgraded":["Strike_R","Strike_R"]},{"damage_healed":0,"gold_gain":0,"player_choice":"Take Damage","damage_taken":20,"relics_obtained":["Golden Idol"],"max_hp_gain":0,"max_hp_loss":0,"event_name":"Golden Idol","floor":4,"gold_loss":0},{"cards_removed":["Bash"],"damage_healed":0,"gold_gain":0,"player_choice":"Card Removal","damage_taken":0,"max_hp_gain":0,"max_hp_loss":0,"event_name":"The Cleric","floor":5,"gold_loss":50},{"damage_healed":0,"gold_gain":99,"player_choice":"Stole From Cult","damage_taken":0,"max_hp_gain":0,"max_hp_loss":0,"event_name":"Nest","floor":20,"gold_loss":0},{"damage_healed":0,"gold_gain":0,"player_choice":"Gave Idol","damage_taken":0,"relics_obtained":["Bloody Idol"],"max_hp_gain":0,"max_hp_loss":0,"event_name":"Forgotten Altar","floor":25,"relics_lost":["Golden Idol"],"gold_loss":0}],"is_beta":false,"boss_relics":[{"not_picked":["Pandora\u0027s Box","Runic Dome"],"picked":"Calling Bell"}],"items_purged_floors":[14,19,22],"is_endless":false,"potions_floor_spawned":[6,11,12,21],"killed_by":"3 Cultists","ascension_level":3}}