{"host":"d1za9dvx43o9v494","time":1609932355,"event":{"mods":["2.2 Compatiblity","BaseMod","Better-Laid Plans","Colored Map","Downfall","Emptier Cage","Minty Spire (QoL Compilation)","Permanent Neow","StSLib"],"gold_per_floor":[99,117,117,117,134,164,164,164,164,164,64,364,264,274,287,390,390,390,404,404,404,404,418,493,333,364,364,393,403,403,403,421,526,526,526,538,549,549,560,560,611,511,523,296,296,296,411,445,463,463,463,494,322,322,322,322,322],"floor_reached":55,"playtime":4388,"items_purged":[],"score":870,"play_id":"38ab8090-0609-4818-a2a8-7e9e97f0f201","local_time":"20210106142555","is_ascension_mode":true,"campfire_choices":[{"data":"champ:Execute","floor":1,"key":"SMITH"},{"floor":9,"key":"RECALL"},{"data":"champ:ShieldSigil","floor":11,"key":"SMITH"},{"data":"champ:DefensiveShout","floor":13,"key":"SMITH"},{"data":"champ:LastStand","floor":18,"key":"SMITH"},{"data":"champ:FocusedDefense","floor":27,"key":"SMITH"},{"data":"champ:FalseCounter","floor":30,"key":"SMITH"},{"data":"champ:ShieldWall","floor":35,"key":"SMITH"},{"data":"champ:FlashCut","floor":40,"key":"SMITH"},{"data":"champ:SwordThrow","floor":42,"key":"SMITH"},{"floor":54,"key":"REST"}],"circlet_count":0,"master_deck":["champ:Strike+1","champ:Strike","champ:Strike+1","champ:Defend","champ:Defend","champ:Defend","champ:Defend","champ:Execute+1","champ:Taunt","champ:DefensiveShout+1","champ:ShieldSigil+1","champ:FancyFootwork+1","champ:FocusedDefense+1","champ:RageSigil","champ:LastStand+1","champ:GladiatorStyle","champ:VampiricStrike","champ:ShieldWall+1","champ:FalseCounter+1","champ:ShieldWall+1","champ:SwordThrow+1","champ:RageSigil+1","champ:DefensiveShout+1","champ:VampiricStrike","champ:Circumvent","expansioncontent:Chronoboost","expansioncontent:DecasProtection","champ:Parry+1","champ:RageSigil","champ:IronFortress","champ:Lariat+1","expansioncontent:DashGenerateEvil"],"relics":["champ:ChampionCrown","downfall:ShatteredFragment","sneckomod:BlankCard","Ancient Tea Set","downfall:HeartBlessingRed","downfall:HeartBlessingGreen","Omamori","Calling Bell","Smiling Mask","Pantograph","Peace Pipe","Mummified Hand","HornCleat","Whetstone","Philosopher\u0027s Stone","downfall:HeartBlessingBlue","Membership Card","Unceasing Top","Boot","champ:DefensiveTrainingManual"],"acts_visited":["Exordium","TheCity","TheBeyond","TheEnding"],"potions_floor_usage":[16,19,33,47,47,47,47,50,50,52],"damage_taken":[{"damage":5,"enemies":"Small Slimes","floor":2,"turns":3},{"damage":5,"enemies":"2 Louse","floor":5,"turns":1},{"damage":27,"enemies":"Lagavulin","floor":6,"turns":6},{"damage":5,"enemies":"Jaw Worm","floor":14,"turns":1},{"damage":10,"enemies":"3 Louse","floor":15,"turns":2},{"damage":63,"enemies":"downfall:Defect","floor":16,"turns":10},{"damage":15,"enemies":"3 Byrds","floor":19,"turns":4},{"damage":22,"enemies":"Shell Parasite","floor":23,"turns":5},{"damage":28,"enemies":"downfall:FleeingMerchant","floor":25,"turns":4},{"damage":75,"enemies":"Gremlin Leader","floor":26,"turns":8},{"damage":16,"enemies":"Book of Stabbing","floor":28,"turns":5},{"damage":10,"enemies":"Shelled Parasite and Fungi","floor":29,"turns":3},{"damage":8,"enemies":"Centurion and Healer","floor":32,"turns":3},{"damage":22,"enemies":"downfall:Watcher","floor":33,"turns":7},{"damage":12,"enemies":"Orb Walker","floor":36,"turns":3},{"damage":20,"enemies":"3 Shapes","floor":37,"turns":6},{"damage":12,"enemies":"Transient","floor":39,"turns":5},{"damage":27,"enemies":"4 Shapes","floor":43,"turns":5},{"damage":5,"enemies":"downfall:FleeingMerchant","floor":44,"turns":4},{"damage":5,"enemies":"downfall:FleeingMerchant","floor":47,"turns":3},{"damage":28,"enemies":"Nemesis","floor":48,"turns":5},{"damage":10,"enemies":"Sphere and 2 Shapes","floor":49,"turns":4},{"damage":92,"enemies":"ArchetypeAct3BlockNewAge","floor":50,"turns":8},{"damage":105,"enemies":"downfall:CharBossMerchant","floor":52,"turns":6},{"damage":0,"enemies":"downfall:NeowBoss","floor":55,"turns":1}],"seed_played":"8675250660906640591","potions_obtained":[{"floor":5,"key":"Explosive Potion"},{"floor":15,"key":"Slimebound:ThreeZeroPotion"},{"floor":16,"key":"champ:CounterPotion"},{"floor":28,"key":"EntropicBrew"},{"floor":29,"key":"Dexterity Potion"},{"floor":33,"key":"bronze:BurnAndBuffPotion"},{"floor":36,"key":"ColorlessPotion"},{"floor":48,"key":"sneckomod:MuddlingPotion"}],"is_trial":false,"path_per_floor":["R","M","?","?","M","E","T","?","R","?","R","?","R","M","M","B",null,"R","M","?","?","?","M","T","$","E","R","E","M","R","?","M","B",null,"R","M","M","?","M","R","T","R","M","$","?","?","$","E","M","B",null,"E","$","R","B"],"character_chosen":"THE_CHAMP","items_purchased":["champ:VampiricStrike","champ:VampiricStrike","champ:Circumvent","Membership Card","champ:RageSigil","champ:IronFortress","champ:DefensiveTrainingManual","expansioncontent:DashGenerateEvil"],"campfire_rested":1,"item_purchase_floors":[25,44,44,47,47,47,53,53],"current_hp_per_floor":[99,99,72,72,72,58,58,58,58,58,58,58,58,58,58,27,99,99,94,94,94,94,90,90,90,58,58,58,48,48,48,48,73,99,99,95,80,80,73,73,73,83,70,70,65,65,65,57,55,34,109,21,21,53,53,53,53],"gold":322,"neow_bonus":"TEN_PERCENT_HP_BONUS","is_daily":false,"chose_seed":false,"campfire_upgraded":9,"win_rate":0.0,"timestamp":1609932355,"path_taken":["R","M","?","?","M","E","T","?","R","?","R","?","R","M","M","BOSS","R","M","?","?","?","?","T","$","E","R","E","M","R","?","M","BOSS","R","M","M","?","M","R","T","R","M","$","?","?","$","E","M","BOSS","E","$","R","BOSS"],"items_purchased_type":["Card","Card","Card","Relic","Card","Card","Relic","Card"],"build_version":"2020-12-22","purchased_purges":0,"victory":false,"max_hp_per_floor":[99,99,99,99,99,99,99,99,99,99,99,99,99,99,99,99,99,99,99,99,99,99,99,99,99,99,99,99,99,99,99,99,99,99,99,99,99,99,99,99,99,109,109,109,109,109,109,109,109,109,109,109,109,109,109,109,109],"card_choices":[{"not_picked":["champ:Parry","champ:PerfectedStrike"],"picked":"champ:DefensiveShout","floor":2},{"not_picked":["champ:RapidStrikes","champ:Backstep"],"picked":"champ:ShieldSigil","floor":5},{"not_picked":["champ:DefensiveStyle","champ:EnGarde"],"picked":"champ:FancyFootwork","floor":6},{"not_picked":["champ:FancyFootwork","champ:BladeFlurry"],"picked":"champ:FocusedDefense","floor":14},{"not_picked":["champ:FlashCut","champ:FanOfKnives"],"picked":"champ:RageSigil","floor":15},{"not_picked":["champ:IgnorePain","champ:EnchantShield"],"picked":"champ:LastStand","floor":16},{"not_picked":["champ:Backstep","champ:ViciousMockery","champ:CrownThrow"],"picked":"SKIP","floor":19},{"not_picked":["champ:TornadoPunch","champ:AdrenalArmor+1"],"picked":"champ:FlashCut","floor":23},{"not_picked":["champ:ShieldSigil","champ:CrownThrow"],"picked":"champ:GladiatorStyle","floor":25},{"not_picked":["champ:CrookedStrike+1","champ:SteelEdge","champ:AdrenalArmor"],"picked":"SKIP","floor":26},{"not_picked":["champ:DefensiveShout+1","champ:IronFortress"],"picked":"champ:ShieldWall+1","floor":28},{"not_picked":["champ:EnGarde","champ:FanOfKnives+1"],"picked":"champ:FalseCounter","floor":29},{"not_picked":["champ:BladeFlurry+1","champ:Haymaker"],"picked":"champ:ShieldWall","floor":32},{"not_picked":["champ:CheapShot","champ:IgnorePain"],"picked":"champ:SwordThrow","floor":33},{"not_picked":["champ:Shatter","champ:Circumvent","champ:BringItOn+1"],"picked":"SKIP","floor":36},{"not_picked":["champ:ViciousMockery","champ:Backstep","champ:Haymaker+1"],"picked":"SKIP","floor":37},{"not_picked":["champ:ViciousMockery","champ:ShieldSigil","champ:EndlessRage+1"],"picked":"SKIP","floor":39},{"not_picked":["champ:Haymaker","champ:ShieldSigil+1"],"picked":"champ:RageSigil+1","floor":43},{"not_picked":["champ:BerserkersShout","champ:Shatter+1"],"picked":"champ:DefensiveShout+1","floor":44},{"not_picked":["expansioncontent:TimeRipple","expansioncontent:SuperHexaguard"],"picked":"expansioncontent:Chronoboost","floor":45},{"not_picked":["expansioncontent:YouAreMine","expansioncontent:BronzeBeam"],"picked":"expansioncontent:DecasProtection","floor":45},{"not_picked":["champ:Backstep","champ:AdrenalArmor"],"picked":"champ:Parry+1","floor":47},{"not_picked":["champ:Backstep","champ:Shatter","champ:FancyFootwork"],"picked":"SKIP","floor":48},{"not_picked":["champ:AdrenalArmor","champ:Encircle+1","champ:Lariat"],"picked":"SKIP","floor":49},{"not_picked":["champ:EnchantSword","champ:DefensiveShout+1"],"picked":"champ:Lariat+1","floor":52}],"player_experience":666959,"relics_obtained":[{"floor":6,"key":"sneckomod:BlankCard"},{"floor":7,"key":"Omamori"},{"floor":17,"key":"Smiling Mask"},{"floor":17,"key":"Pantograph"},{"floor":17,"key":"Peace Pipe"},{"floor":24,"key":"Mummified Hand"},{"floor":26,"key":"HornCleat"},{"floor":28,"key":"Whetstone"},{"floor":48,"key":"Unceasing Top"},{"floor":52,"key":"Boot"}],"event_choices":[{"damage_healed":0,"gold_gain":0,"player_choice":"Grow","damage_taken":0,"max_hp_gain":0,"max_hp_loss":0,"event_name":"Living Wall","floor":8,"gold_loss":0,"cards_upgraded":["champ:FancyFootwork"]},{"damage_healed":0,"gold_gain":0,"player_choice":"Box","damage_taken":0,"relics_obtained":["Ancient Tea Set"],"max_hp_gain":0,"max_hp_loss":0,"event_name":"Big Fish","floor":10,"gold_loss":0,"cards_obtained":["Regret"]},{"damage_healed":0,"gold_gain":0,"player_choice":"Ignored","damage_taken":0,"max_hp_gain":0,"max_hp_loss":0,"event_name":"Vampires","floor":22,"gold_loss":0},{"damage_healed":0,"gold_gain":0,"player_choice":"Ignored","damage_taken":0,"max_hp_gain":0,"max_hp_loss":0,"event_name":"NoteForYourself","floor":31,"gold_loss":0},{"cards_removed":["champ:FlashCut"],"damage_healed":0,"gold_gain":0,"player_choice":"Removed Attack","damage_taken":0,"max_hp_gain":0,"max_hp_loss":0,"event_name":"Falling","floor":46,"gold_loss":0}],"is_beta":false,"boss_relics":[{"not_picked":["Runic Pyramid","Pandora\u0027s Box"],"picked":"Calling Bell"},{"not_picked":["sneckomod:SneckoTalon","Astrolabe"],"picked":"Philosopher\u0027s Stone"}],"items_purged_floors":[],"is_endless":false,"potions_floor_spawned":[5,15,16,28,29,33,36,43,48,49],"killed_by":"downfall:NeowBoss","ascension_level":1}}