{"host":"7nm1ow5v9mg4ehcw","time":1609971804,"event":{"mods":["BaseMod","Highlight Path","Minty Spire (QoL Compilation)","StSLib"],"gold_per_floor":[113,113,63,63,63,63,90,38,64,96,96,22,49,64,64,163,163,180,196,196,121,139,170,170,180,180,208,61,87,104,115,115,217,217,234,282,300,311,126,153,171,181,181,181,206,206,231,231,231,231,231,231,47,75,75],"floor_reached":56,"playtime":2797,"items_purged":[],"score":1461,"play_id":"5e3202a9-b3fc-472b-a41c-d802d3e0a85b","local_time":"20210106232324","is_ascension_mode":false,"campfire_choices":[{"floor":6.0,"key":"RECALL"},{"floor":11.0,"key":"REST"},{"floor":15.0,"key":"REST"},{"floor":32.0,"key":"REST"},{"data":"Parasite","floor":44.0,"key":"PURGE"},{"data":"After Image","floor":49,"key":"SMITH"},{"data":"A Thousand Cuts","floor":52,"key":"SMITH"}],"circlet_count":0,"master_deck":["Strike_G","Strike_G","Defend_G","Defend_G","Defend_G","Defend_G","Defend_G","Survivor","Neutralize","CurseOfTheBell","Blade Dance+1","Footwork","Dodge and Roll","Backflip","Accuracy","Cloak And Dagger","Corpse Explosion","Infinite Blades","Sucker Punch+1","Blade Dance","Escape Plan","Leg Sweep+1","Noxious Fumes+1","Terror","Slice","A Thousand Cuts+1","Concentrate","Accuracy+1","Cloak And Dagger+1","After Image+1","Leg Sweep","Storm of Steel","Blade Dance","Accuracy","Footwork"],"relics":["Calling Bell","Bronze Scales","Mummified Hand","Du-Vu Doll","Unceasing Top","Oddly Smooth Stone","PreservedInsect","Pear","Singing Bowl","Runic Dome","Nunchaku","Strawberry","Regal Pillow","Orichalcum","Sozu","Peace Pipe","OrangePellets","Gambling Chip","Pantograph","Boot","Omamori","Centennial Puzzle","Anchor"],"acts_visited":["Exordium","TheCity","TheBeyond","TheEnding"],"potions_floor_usage":[],"damage_taken":[{"damage":0.0,"enemies":"Cultist","floor":1.0,"turns":3.0},{"damage":32.0,"enemies":"Lagavulin","floor":7.0,"turns":9.0},{"damage":16.0,"enemies":"Gremlin Nob","floor":10.0,"turns":4.0},{"damage":0.0,"enemies":"Lagavulin","floor":13.0,"turns":6.0},{"damage":5.0,"enemies":"Jaw Worm","floor":14.0,"turns":4.0},{"damage":32.0,"enemies":"Hexaghost","floor":16.0,"turns":10.0},{"damage":0.0,"enemies":"2 Thieves","floor":18.0,"turns":4.0},{"damage":0.0,"enemies":"Spheric Guardian","floor":19.0,"turns":4.0},{"damage":0.0,"enemies":"3 Cultists","floor":22.0,"turns":2.0},{"damage":27.0,"enemies":"Gremlin Leader","floor":23.0,"turns":5.0},{"damage":16.0,"enemies":"Sentry and Sphere","floor":25.0,"turns":5.0},{"damage":6.0,"enemies":"Slavers","floor":27.0,"turns":2.0},{"damage":8.0,"enemies":"Gremlin Leader","floor":29.0,"turns":4.0},{"damage":0.0,"enemies":"Snake Plant","floor":30.0,"turns":4.0},{"damage":0.0,"enemies":"Snecko","floor":31.0,"turns":5.0},{"damage":6.0,"enemies":"Automaton","floor":33.0,"turns":8.0},{"damage":0.0,"enemies":"Orb Walker","floor":35.0,"turns":3.0},{"damage":15.0,"enemies":"2 Orb Walkers","floor":36.0,"turns":3.0},{"damage":7.0,"enemies":"3 Shapes","floor":37.0,"turns":5.0},{"damage":0.0,"enemies":"Transient","floor":38.0,"turns":5.0},{"damage":4.0,"enemies":"Giant Head","floor":40.0,"turns":4.0},{"damage":0.0,"enemies":"Writhing Mass","floor":41.0,"turns":5.0},{"damage":5.0,"enemies":"Sphere and 2 Shapes","floor":42.0,"turns":3.0},{"damage":0.0,"enemies":"Reptomancer","floor":45.0,"turns":4.0},{"damage":0,"enemies":"Nemesis","floor":47,"turns":3},{"damage":1,"enemies":"Donu and Deca","floor":50,"turns":6},{"damage":0,"enemies":"Shield and Spear","floor":54,"turns":5},{"damage":33,"enemies":"The Heart","floor":55,"turns":8}],"seed_played":"-7117624876770563544","potions_obtained":[{"floor":10.0,"key":"Poison Potion"},{"floor":16.0,"key":"Fruit Juice"},{"floor":18.0,"key":"DuplicationPotion"},{"floor":22.0,"key":"DistilledChaos"},{"floor":23.0,"key":"CultistPotion"},{"floor":27.0,"key":"Fruit Juice"},{"floor":33.0,"key":"Ancient Potion"}],"is_trial":false,"path_per_floor":["M","T","?","?","?","R","E","$","T","E","R","$","E","M","R","B",null,"M","M","?","?","M","E","?","M","T","E","$","E","M","M","R","B",null,"M","?","M","M","$","E","M","M","T","R","E","?","E","?","R","B",null,"R","$","E","B",null],"character_chosen":"THE_SILENT","items_purchased":["Dodge and Roll","Accuracy","Regal Pillow","OrangePellets","Leg Sweep","Accuracy","Centennial Puzzle"],"campfire_rested":3,"item_purchase_floors":[8,12,28,39,39,53,53],"current_hp_per_floor":[70,70,70,63,63,63,31,31,31,25,49,49,51,46,70,43,87,87,87,87,87,87,60,60,44,44,50,50,42,44,44,89,83,101,101,86,79,79,79,75,77,72,72,72,74,74,76,102,102,103,104,104,104,104,71],"gold":75,"neow_bonus":"BOSS_RELIC","is_daily":false,"chose_seed":false,"campfire_upgraded":2,"win_rate":0.0,"timestamp":1609971804,"path_taken":["M","?","?","?","?","R","E","?","T","E","R","$","E","M","R","BOSS","M","M","?","?","M","E","?","M","T","E","$","E","M","M","R","BOSS","M","?","M","M","$","E","M","M","T","R","E","?","E","?","R","BOSS","R","$","E","BOSS"],"items_purchased_type":["Card","Card","Relic","Relic","Card","Card","Relic"],"build_version":"2020-12-22","purchased_purges":0,"victory":true,"max_hp_per_floor":[70,70,70,70,70,70,70,70,70,80,80,80,82,82,82,87,87,87,87,87,87,87,87,87,87,87,99,99,99,101,101,101,101,101,101,101,101,101,101,101,103,103,103,100,102,102,104,104,104,104,104,104,104,104,104],"card_choices":[{"not_picked":["Footwork","Crippling Poison"],"picked":"Blade Dance","floor":1.0},{"not_picked":["PiercingWail","Backstab"],"picked":"Footwork","floor":7.0},{"not_picked":["Night Terror","Footwork"],"picked":"Backflip","floor":10.0},{"not_picked":["Sucker Punch","Masterful Stab","Distraction"],"picked":"Singing Bowl","floor":13.0},{"not_picked":["Expertise","Sucker Punch"],"picked":"Cloak And Dagger","floor":14.0},{"not_picked":["Burst","Grand Finale"],"picked":"Corpse Explosion","floor":16.0},{"not_picked":["Acrobatics+1","Bane+1"],"picked":"Infinite Blades","floor":18.0},{"not_picked":["Expertise","Underhanded Strike"],"picked":"Sucker Punch+1","floor":19.0},{"not_picked":["Dagger Spray","Deadly Poison"],"picked":"Escape Plan","floor":22.0},{"not_picked":["Flying Knee+1","Heel Hook"],"picked":"Die Die Die","floor":23.0},{"not_picked":["Dagger Throw","Heel Hook"],"picked":"Leg Sweep+1","floor":25.0},{"not_picked":["Well Laid Plans","Setup"],"picked":"Noxious Fumes+1","floor":27.0},{"not_picked":["Prepared+1","Acrobatics"],"picked":"Terror","floor":29.0},{"not_picked":["Dash+1","Night Terror","Deadly Poison"],"picked":"Singing Bowl","floor":30.0},{"not_picked":["Poisoned Stab+1","PiercingWail+1"],"picked":"Slice","floor":31.0},{"not_picked":["Die Die Die","Adrenaline"],"picked":"A Thousand Cuts","floor":33.0},{"not_picked":["Quick Slash+1","Predator"],"picked":"Concentrate","floor":35.0},{"not_picked":["Backflip+1","Dash+1"],"picked":"Accuracy+1","floor":36.0},{"not_picked":["Bane+1","Deadly Poison+1"],"picked":"Cloak And Dagger+1","floor":37.0},{"not_picked":["Poisoned Stab+1","Slice+1"],"picked":"After Image","floor":38.0},{"not_picked":["All Out Attack+1","Deflect"],"picked":"Storm of Steel","floor":40.0},{"not_picked":["Flying Knee","Poisoned Stab","Heel Hook+1"],"picked":"Singing Bowl","floor":41.0},{"not_picked":["Flying Knee+1","Dagger Spray"],"picked":"Blade Dance","floor":42.0},{"not_picked":["Flying Knee+1","Choke","All Out Attack"],"picked":"Singing Bowl","floor":45.0},{"not_picked":["Heel Hook+1","Skewer+1","Sucker Punch"],"picked":"Singing Bowl","floor":47},{"not_picked":["Flying Knee","Acrobatics+1"],"picked":"Footwork","floor":54}],"player_experience":329444,"relics_obtained":[{"floor":0.0,"key":"Bronze Scales"},{"floor":0.0,"key":"Mummified Hand"},{"floor":0.0,"key":"Du-Vu Doll"},{"floor":2.0,"key":"Unceasing Top"},{"floor":7.0,"key":"Oddly Smooth Stone"},{"floor":9.0,"key":"PreservedInsect"},{"floor":10.0,"key":"Pear"},{"floor":13.0,"key":"Singing Bowl"},{"floor":23.0,"key":"Nunchaku"},{"floor":27.0,"key":"Strawberry"},{"floor":29.0,"key":"Orichalcum"},{"floor":36.0,"key":"Peace Pipe"},{"floor":40.0,"key":"Gambling Chip"},{"floor":43.0,"key":"Pantograph"},{"floor":45.0,"key":"Boot"},{"floor":47,"key":"Omamori"},{"floor":54,"key":"Anchor"}],"event_choices":[{"cards_removed":["Strike_G"],"damage_healed":0.0,"max_hp_gain":0.0,"max_hp_loss":0.0,"gold_gain":0.0,"event_name":"The Cleric","player_choice":"Card Removal","floor":3.0,"gold_loss":50.0,"damage_taken":0.0},{"cards_removed":["Strike_G"],"damage_healed":0.0,"max_hp_gain":0.0,"max_hp_loss":0.0,"gold_gain":0.0,"event_name":"Golden Wing","player_choice":"Card Removal","floor":4.0,"gold_loss":0.0,"damage_taken":7.0},{"damage_healed":0.0,"max_hp_gain":0.0,"max_hp_loss":0.0,"gold_gain":0.0,"event_name":"Living Wall","player_choice":"Grow","floor":5.0,"gold_loss":0.0,"damage_taken":0.0,"cards_upgraded":["Blade Dance"]},{"damage_healed":0.0,"max_hp_gain":0.0,"max_hp_loss":0.0,"gold_gain":0.0,"event_name":"The Library","player_choice":"Read","floor":20.0,"gold_loss":0.0,"damage_taken":0.0,"cards_obtained":["Blade Dance"]},{"cards_removed":["Strike_G"],"damage_healed":0.0,"max_hp_gain":0.0,"max_hp_loss":0.0,"gold_gain":0.0,"event_name":"Beggar","player_choice":"Gave Gold","floor":21.0,"gold_loss":75.0,"damage_taken":0.0},{"damage_healed":0.0,"max_hp_gain":0.0,"max_hp_loss":0.0,"gold_gain":0.0,"event_name":"Ghosts","player_choice":"Ignored","floor":24.0,"gold_loss":0.0,"damage_taken":0.0},{"damage_healed":0.0,"max_hp_gain":0.0,"max_hp_loss":0.0,"gold_gain":0.0,"event_name":"Mysterious Sphere","player_choice":"Fight","floor":36.0,"gold_loss":0.0,"damage_taken":0.0},{"cards_removed":["Die Die Die"],"damage_healed":0.0,"max_hp_gain":0.0,"max_hp_loss":0.0,"gold_gain":0.0,"event_name":"Falling","player_choice":"Removed Attack","floor":46.0,"gold_loss":0.0,"damage_taken":0.0},{"damage_healed":26,"gold_gain":0,"player_choice":"Writhe","damage_taken":0,"max_hp_gain":0,"max_hp_loss":0,"event_name":"Winding Halls","floor":48,"gold_loss":0,"cards_obtained":["Writhe"]}],"is_beta":false,"boss_relics":[{"not_picked":["Empty Cage","Coffee Dripper"],"picked":"Runic Dome"},{"not_picked":["SacredBark","Tiny House"],"picked":"Sozu"}],"items_purged_floors":[],"is_endless":false,"potions_floor_spawned":[10,16,18,22,23,25,27,33,38,41,45],"ascension_level":0}}