{"host":"s9dep4x43c14s74h","time":1609971118,"event":{"mods":["BaseMod","Downfall","Gremlin Mod","Hermit","HololiveMod","Jorbs\u0027s Wanderer Trilogy","Lobotomy","Marisa????????","Minty Spire (QoL Compilation)","Replay The Spire","StSLib","The Animator","The Bug Knight","The Construct","The Cursed","The Necromancer","The Runesmith","The Servant 0.9.4"],"gold_per_floor":[99,115,126,144,155,155,155,155],"floor_reached":6,"playtime":544,"items_purged":[],"score":44,"play_id":"0d725562-ebd1-479c-b33f-a8c1ec2885be","local_time":"20210107011158","is_ascension_mode":true,"campfire_choices":[{"data":"Guardian:BronzeArmor","floor":1.0,"key":"SMITH"}],"circlet_count":0,"master_deck":["Guardian:Strike_Guardian","Guardian:Strike_Guardian","Guardian:Strike_Guardian","Guardian:Strike_Guardian","Guardian:Defend_Guardian","Guardian:Defend_Guardian","Guardian:Defend_Guardian","Guardian:Defend_Guardian","Guardian:CurlUp","Guardian:TwinSlam","Guardian:BronzeArmor+1","Guardian:Gem_Crimson","Guardian:Recover","Guardian:SpikerProtocol","Guardian:RefractedBeam"],"relics":["Guardian:ModeShifter"],"acts_visited":["Exordium"],"potions_floor_usage":[],"damage_taken":[{"damage":17.0,"enemies":"Jaw Worm","floor":2.0,"turns":4.0},{"damage":0.0,"enemies":"Small Slimes","floor":3.0,"turns":2.0},{"damage":9.0,"enemies":"2 Louse","floor":4.0,"turns":4.0},{"damage":19.0,"enemies":"Exordium Thugs","floor":5.0,"turns":4.0},{"damage":37,"enemies":"3 Sentries","floor":6,"turns":7}],"seed_played":"-9098122168308487822","potions_obtained":[{"floor":2.0,"key":"AttackPotion"}],"is_trial":false,"path_per_floor":["R","M","M","M","M","E"],"character_chosen":"GUARDIAN","items_purchased":[],"campfire_rested":0,"item_purchase_floors":[],"current_hp_per_floor":[80,63,63,54,35,0,0,0],"gold":155,"neow_bonus":"THREE_CARDS","is_daily":false,"chose_seed":false,"campfire_upgraded":1,"win_rate":0.0,"timestamp":1609971118,"path_taken":["R","M","M","M","M","E"],"items_purchased_type":[],"build_version":"2020-12-22","purchased_purges":0,"victory":false,"max_hp_per_floor":[80,80,80,80,80,80,80,80],"card_choices":[{"not_picked":["Guardian:WalkerClaw","Guardian:Recover"],"picked":"Guardian:BronzeArmor","floor":0.0},{"not_picked":["Guardian:PolyBeam","Guardian:Gem_Green"],"picked":"Guardian:Gem_Crimson","floor":2.0},{"not_picked":["Guardian:TemporalStrike","Guardian:SentryBeam"],"picked":"Guardian:Recover","floor":3.0},{"not_picked":["Guardian:PrimingBeam","Guardian:RollAttack"],"picked":"Guardian:SpikerProtocol","floor":4.0},{"not_picked":["Guardian:CrystalBeam","Guardian:Emergency"],"picked":"Guardian:RefractedBeam","floor":5.0}],"player_experience":831297,"relics_obtained":[],"event_choices":[],"is_beta":false,"boss_relics":[],"items_purged_floors":[],"is_endless":false,"potions_floor_spawned":[2],"killed_by":"3 Sentries","ascension_level":3}}