{"host":"7j6ek9w7ngyhcdhb","time":1609922078,"event":{"mods":["AchievementEnabler","BaseMod","Infinite Spire","Minty Spire (QoL Compilation)","Replay The Spire","StSLib"],"gold_per_floor":[153,153,153,153,192,294,294,294,294],"floor_reached":8,"playtime":545,"items_purged":[],"score":57,"play_id":"0b87a613-d528-4eb4-9ce6-38b13175a913","local_time":"20210106193438","daily_mods":["DeadlyEvents","Midas"],"is_ascension_mode":true,"campfire_choices":[{"floor":7,"key":"REST"}],"circlet_count":0,"master_deck":["Strike_B","Strike_B","Strike_B","Strike_B","Defend_B","Defend_B","Defend_B","Defend_B","Zap","Dualcast","Go for the Eyes","Regret","Zap","Double Energy"],"relics":["Cracked Core","replay:Trail_Library","Ornamental Fan","Singing Bowl","ReplayFunnel","Prayer Wheel"],"acts_visited":["Exordium"],"potions_floor_usage":[8],"damage_taken":[{"damage":6,"enemies":"Jaw Worm","floor":1,"turns":3},{"damage":3,"enemies":"2 Louse","floor":5,"turns":3},{"damage":51,"enemies":"3 Sentries","floor":6,"turns":7},{"damage":37,"enemies":"Lagavulin","floor":8,"turns":5}],"seed_played":"1434305211331282139","potions_obtained":[{"floor":5,"key":"Fire Potion"}],"is_trial":true,"path_per_floor":["M","?","?","?","M","E","R","E"],"character_chosen":"DEFECT","items_purchased":[],"campfire_rested":1,"item_purchase_floors":[],"current_hp_per_floor":[69,69,69,69,66,15,37,0,0],"gold":294,"neow_bonus":"","is_daily":false,"chose_seed":false,"campfire_upgraded":0,"win_rate":0.0,"timestamp":1609922078,"path_taken":["M","?","?","?","M","E","R","?"],"items_purchased_type":[],"build_version":"2020-12-22","purchased_purges":0,"victory":false,"max_hp_per_floor":[75,75,75,75,75,75,75,75,75],"card_choices":[{"not_picked":["Rebound","Hologram"],"picked":"Go for the Eyes","floor":1},{"not_picked":["ReplayTheSpireMod:GoodbyeWorld","Gash"],"picked":"Double Energy","floor":5},{"not_picked":["Core Surge","Go for the Eyes"],"picked":"ReplayTheSpireMod:Fabricate Wheel","floor":6}],"player_experience":20437,"relics_obtained":[{"floor":3,"key":"Singing Bowl"},{"floor":6,"key":"ReplayFunnel"}],"event_choices":[{"damage_healed":0,"gold_gain":0,"player_choice":"Box","damage_taken":0,"relics_obtained":["Ornamental Fan"],"max_hp_gain":0,"max_hp_loss":0,"event_name":"Big Fish","floor":2,"gold_loss":0,"cards_obtained":["Regret"]},{"damage_healed":0,"gold_gain":0,"player_choice":"1 cards matched","damage_taken":0,"max_hp_gain":0,"max_hp_loss":0,"event_name":"Match and Keep!","floor":4,"gold_loss":0,"cards_obtained":["Zap"]}],"is_beta":false,"boss_relics":[],"items_purged_floors":[],"is_endless":false,"potions_floor_spawned":[5],"killed_by":"Lagavulin","ascension_level":1}}