{"host":"Connor","time":1609913118,"event":{"mods":["BaseMod","Downfall","Marisa????????","Minty Spire (QoL Compilation)","Replay The Spire","StSLib","The Animator","The Cursed","The Jungle","The Servant 0.9.4"],"gold_per_floor":[99,99,109,129,74,84,111,138,12,12,40,50,60,78,89,194,194,44,55,155,155,168,168,193,213,5,5,5,5,63,52,65,166,166,91,103,123,123,5,5,86,105,136,153,169,179,196,40,50,50,50,75,25,25,41],"floor_reached":56,"playtime":3633,"items_purged":["Guardian:Defend_Guardian"],"score":1368,"play_id":"e36ca119-33ed-4c2e-b7e3-0211e8be6dc2","local_time":"20210105220518","is_ascension_mode":true,"campfire_choices":[{"floor":1,"key":"RECALL"},{"data":"Guardian:DonusPower","floor":10,"key":"SMITH"},{"floor":18,"key":"DIG"},{"data":"expansioncontent:QuickStudy","floor":27,"key":"SMITH"},{"data":"Guardian:BaubleBeam","floor":29,"key":"SMITH"},{"floor":35,"key":"DIG"},{"floor":54,"key":"REST"}],"circlet_count":0,"master_deck":["Guardian:Defend_Guardian","Guardian:Defend_Guardian","Guardian:CurlUp","Guardian:TwinSlam","Guardian:Reroute","Guardian:DonusPower+1","Guardian:SpikerProtocol","Guardian:ArmoredProtocol","Guardian:DonusPower+1","Guardian:TemporalStrike+1","Guardian:PiercingHide","Midas Touch+1","Guardian:SphericShield","Guardian:ArmoredProtocol","Guardian:ShieldCharger","Guardian:BronzeArmor","Guardian:GatlingBeam","Guardian:CrystalBeam","Guardian:BaubleBeam+1","J.A.X.","RitualDagger","Guardian:WalkerClaw+1","expansioncontent:QuickStudy+1","Slimebound:Tackle+1","Slimebound:Tackle+1","Slimebound:Tackle+1","Guardian:DecasProtection","Guardian:ShieldSpikes+1","ReplayTheSpireMod:Brewmster","Enlightenment","expansioncontent:BronzeBeam","Guardian:RevengeProtocol","Guardian:Harden+1","Guardian:Repulse+1","Chrysalis","Chrysalis","Guardian:Gem_Orange","Guardian:Gem_Green","Guardian:Gem_Red","Guardian:Gem_Synthetic","Guardian:Gem_Lightblue","Guardian:ChargeCore","Guardian:TemporalShield+1","Guardian:SpikerProtocol+1","Guardian:ChargeCore","Guardian:EvasiveProtocol","Guardian:EvasiveProtocol"],"relics":["Guardian:ModeShifter","Blue Doll","Blood Vial","Whetstone","ChewingGum","downfall:HeartBlessingRed","downfall:HeartBlessingGreen","Garlic","MutagenicStrength","Bag of Marbles","ReplayTheSpireMod:ShopPack","Pet Ghost","Fusion Hammer","downfall:HeartBlessingBlue","Eternal Feather","Quantum Egg","Omamori","War Paint","Replay:Bandana"],"acts_visited":["Exordium","TheCity","TheBeyond","TheEnding"],"potions_floor_usage":[16,16,33,49,50,52,52,52,52,55,55,55,55,55,55,55,55,55,55,55,55,55,55,55,55,55,55,55,55,55,55,55,55,55,55],"damage_taken":[{"damage":0,"enemies":"Small Slimes","floor":3,"turns":5},{"damage":0,"enemies":"Cultist","floor":4,"turns":3},{"damage":0,"enemies":"downfall:FleeingMerchant","floor":5,"turns":4},{"damage":2,"enemies":"Jaw Worm","floor":6,"turns":3},{"damage":16,"enemies":"Lagavulin","floor":8,"turns":7},{"damage":0,"enemies":"downfall:FleeingMerchant","floor":9,"turns":4},{"damage":13,"enemies":"Replay:BlueRogue","floor":11,"turns":5},{"damage":11,"enemies":"3 Louse","floor":12,"turns":4},{"damage":16,"enemies":"Large Slime","floor":13,"turns":8},{"damage":0,"enemies":"2 Fungi Beasts","floor":14,"turns":4},{"damage":0,"enemies":"Exordium Wildlife","floor":15,"turns":4},{"damage":43,"enemies":"downfall:Defect","floor":16,"turns":9},{"damage":12,"enemies":"Spheric Guardian","floor":19,"turns":4},{"damage":11,"enemies":"downfall:Augmenter","floor":20,"turns":7},{"damage":0,"enemies":"Shell Parasite","floor":22,"turns":5},{"damage":3,"enemies":"Snake Plant","floor":25,"turns":3},{"damage":3,"enemies":"downfall:FleeingMerchant","floor":26,"turns":4},{"damage":0,"enemies":"downfall:FleeingMerchant","floor":31,"turns":4},{"damage":0,"enemies":"Shelled Parasite and Fungi","floor":32,"turns":3},{"damage":3,"enemies":"downfall:Silent","floor":33,"turns":7},{"damage":10,"enemies":"3 Shapes","floor":36,"turns":5},{"damage":0,"enemies":"Orb Walker","floor":37,"turns":4},{"damage":0,"enemies":"Maw","floor":42,"turns":6},{"damage":28,"enemies":"Reptomancer","floor":43,"turns":6},{"damage":1,"enemies":"3 Darklings","floor":44,"turns":7},{"damage":0,"enemies":"Jaw Worm Horde","floor":45,"turns":5},{"damage":2,"enemies":"Transient","floor":46,"turns":5},{"damage":22,"enemies":"4 Shapes","floor":47,"turns":3},{"damage":8,"enemies":"3 Darklings","floor":49,"turns":4},{"damage":3,"enemies":"downfall:Ironclad","floor":50,"turns":10},{"damage":32,"enemies":"downfall:CharBossMerchant","floor":52,"turns":12},{"damage":84,"enemies":"downfall:NeowBoss","floor":55,"turns":34}],"seed_played":"-2968639347717412217","potions_obtained":[{"floor":2,"key":"SpeedPotion"},{"floor":2,"key":"hexamod:EctoCoolerPotion"},{"floor":2,"key":"Swift Potion"},{"floor":16,"key":"SmokeBomb"},{"floor":19,"key":"SteroidPotion"},{"floor":30,"key":"Reflective Coating"},{"floor":36,"key":"CultistPotion"},{"floor":49,"key":"AttackPotion"}],"is_trial":false,"path_per_floor":["R","?","M","M","$","M","T","E","$","R","E","M","M","M","M","B",null,"R","M","?","T","M","?","T","M","$","R","?","R","?","$","M","B",null,"R","M","M","?","$","?","T","M","E","M","M","M","M","$","M","B",null,"E","$","R","B",null],"character_chosen":"GUARDIAN","items_purchased":["Guardian:ArmoredProtocol","Midas Touch+1","expansioncontent:QuickStudy","ReplayTheSpireMod:ShopPack","Pet Ghost","Guardian:Gem_Cyan","Chrysalis","War Paint","Guardian:EvasiveProtocol"],"campfire_rested":1,"item_purchase_floors":[5,9,26,31,31,31,39,48,53],"current_hp_per_floor":[88,88,88,88,88,86,86,70,72,72,61,52,38,40,42,1,88,88,76,67,67,69,63,63,62,61,61,61,61,39,41,43,42,88,98,88,90,90,90,90,90,92,66,79,81,81,61,61,55,54,98,66,66,98,31],"gold":41,"neow_bonus":"TEN_PERCENT_HP_BONUS","is_daily":false,"chose_seed":false,"campfire_upgraded":3,"win_rate":0.0,"timestamp":1609913118,"path_taken":["R","?","M","M","?","M","T","E","$","R","E","?","M","M","M","BOSS","R","M","?","?","M","?","T","M","$","R","?","R","?","$","M","BOSS","R","M","M","?","$","?","T","M","E","?","M","M","M","$","M","BOSS","E","$","R","BOSS"],"items_purchased_type":["Card","Card","Card","Relic","Relic","Card","Card","Relic","Card"],"build_version":"2020-12-18","purchased_purges":1,"victory":true,"max_hp_per_floor":[88,88,88,88,88,88,88,88,88,88,88,88,88,88,88,88,88,88,88,88,88,88,88,88,88,88,88,88,88,88,88,88,88,88,98,98,98,98,98,98,98,98,98,98,98,98,98,98,98,98,98,98,98,98,98],"card_choices":[{"not_picked":["Guardian:Planning","Guardian:Repulse"],"picked":"Guardian:Reroute","floor":3},{"not_picked":["Guardian:RefractedBeam","Guardian:Clone"],"picked":"Guardian:DonusPower","floor":4},{"not_picked":["Guardian:BronzeArmor","Guardian:Gem_Yellow"],"picked":"Guardian:SpikerProtocol","floor":5},{"not_picked":["Guardian:ChargeCore","Guardian:Gem_Lightblue"],"picked":"Guardian:DonusPower","floor":6},{"not_picked":["Guardian:Reroute","Guardian:TimeBomb"],"picked":"Guardian:TemporalStrike","floor":8},{"not_picked":["Guardian:PrismaticBarrier","Guardian:PrimingBeam"],"picked":"Guardian:PiercingHide","floor":9},{"not_picked":["Guardian:Gem_Red","Guardian:Repulse"],"picked":"Guardian:SphericShield","floor":11},{"not_picked":["Guardian:Gem_Fragmented","Guardian:PrismaticBeam"],"picked":"Guardian:ArmoredProtocol","floor":12},{"not_picked":["Guardian:Reroute","Guardian:Incinerate"],"picked":"Guardian:ShieldCharger","floor":13},{"not_picked":["Guardian:WalkerClaw","Guardian:ShieldSpikes"],"picked":"Guardian:BronzeArmor","floor":14},{"not_picked":["Guardian:Planning","Guardian:TimeSifter"],"picked":"Guardian:Gem_Red","floor":15},{"not_picked":["Guardian:SphericShield","Guardian:AncientConstruct"],"picked":"Guardian:GatlingBeam","floor":16},{"not_picked":["Guardian:Planning","Guardian:TimeBomb"],"picked":"Guardian:CrystalBeam","floor":19},{"not_picked":[],"picked":"J.A.X.","floor":20},{"not_picked":["Guardian:StasisStrike","Guardian:ArmoredProtocol"],"picked":"Guardian:Gem_White","floor":20},{"not_picked":["Guardian:GuardianWhirl","Guardian:Gem_Lightblue"],"picked":"Guardian:Gem_Cyan","floor":22},{"not_picked":["Guardian:RollAttack","Guardian:Preprogram"],"picked":"Guardian:WalkerClaw+1","floor":25},{"not_picked":["Guardian:PrismaticBarrier","Guardian:TimeBomb"],"picked":"Guardian:Gem_Purple","floor":26},{"not_picked":["Guardian:Suspension+1","Guardian:ShieldCharger+1"],"picked":"Guardian:DecasProtection","floor":30},{"not_picked":["Guardian:Gem_Lightblue","Guardian:BaubleBeam"],"picked":"Guardian:ShieldSpikes","floor":31},{"not_picked":["HandOfGreed","Mayhem"],"picked":"ReplayTheSpireMod:Brewmster","floor":31},{"not_picked":["expansioncontent:HyperBeam","expansioncontent:DonusPower"],"picked":"Enlightenment","floor":31},{"not_picked":["Secret Weapon","Replay:Sssssssssstrike"],"picked":"expansioncontent:BronzeBeam","floor":31},{"not_picked":["Guardian:CrystalBeam+1","Guardian:TimeCapacitor"],"picked":"Guardian:Gem_Cyan","floor":32},{"not_picked":["Guardian:BaubleBeam","Guardian:StasisStrike"],"picked":"Guardian:RevengeProtocol","floor":33},{"not_picked":["Guardian:Gem_Green","Guardian:MultiBeam"],"picked":"Guardian:Harden+1","floor":36},{"not_picked":["Guardian:Preprogram+1","Guardian:TemporalStrike"],"picked":"Guardian:Repulse+1","floor":37},{"not_picked":["Guardian:PiercingHide","Guardian:Suspension+1"],"picked":"Guardian:Gem_Red","floor":42},{"not_picked":["Guardian:ArmoredProtocol","Guardian:WalkerClaw"],"picked":"Guardian:Gem_Synthetic","floor":43},{"not_picked":["Guardian:DecasProtection","Guardian:Recover"],"picked":"Guardian:Gem_Lightblue","floor":44},{"not_picked":["Guardian:VentSteam","Guardian:GatlingBeam"],"picked":"Guardian:ChargeCore","floor":45},{"not_picked":["Guardian:PrimingBeam","Guardian:VentSteam+1"],"picked":"Guardian:TemporalShield+1","floor":46},{"not_picked":["Guardian:SentryBeam+1","Guardian:Suspension"],"picked":"Guardian:SpikerProtocol+1","floor":47},{"not_picked":["Guardian:Reroute","Guardian:GuardianWhirl+1","Guardian:RollAttack"],"picked":"SKIP","floor":49},{"not_picked":["Guardian:FastForward","Guardian:TemporalShield+1"],"picked":"Guardian:ChargeCore","floor":52}],"player_experience":547794,"relics_obtained":[{"floor":7,"key":"Blue Doll"},{"floor":8,"key":"Blood Vial"},{"floor":11,"key":"Whetstone"},{"floor":18,"key":"Garlic"},{"floor":20,"key":"MutagenicStrength"},{"floor":24,"key":"Bag of Marbles"},{"floor":35,"key":"Eternal Feather"},{"floor":41,"key":"Quantum Egg"},{"floor":43,"key":"Omamori"},{"floor":52,"key":"Replay:Bandana"}],"event_choices":[{"damage_healed":0,"gold_gain":0,"player_choice":"Got Potions","damage_taken":0,"max_hp_gain":0,"max_hp_loss":0,"event_name":"Lab","floor":2,"gold_loss":0}],"is_beta":true,"boss_relics":[{"not_picked":["Replay:Drink Me","Painkiller Herb"],"picked":"ChewingGum"},{"not_picked":["Guardian:StasisSlotReductionRelic","Velvet Choker"],"picked":"Fusion Hammer"}],"items_purged_floors":[31],"is_endless":false,"potions_floor_spawned":[4,8,11,14,16,19,22,25,36,37,43,46,49],"ascension_level":1}}