{"host":"sav7uxregyirlf69","time":1609924937,"event":{"mods":["AchievementEnabler","BaseMod","Colored Map","DeckTracker","Keyboard Shortcuts","Minty Spire (QoL Compilation)","READ ME - Guardian Mod","StSLib","SuperFastMode"],"gold_per_floor":[113,123,123,123,198,198,198,65,113,145,159,159,169,189,189,189,189],"floor_reached":16,"playtime":178,"items_purged":["Strike_R"],"score":250,"play_id":"e4260402-f163-40b2-8598-bc29503ac5b6","local_time":"20210106182217","is_ascension_mode":true,"campfire_choices":[{"data":"Searing Blow","floor":6,"key":"SMITH"},{"data":"Searing Blow+1","floor":12,"key":"SMITH"},{"data":"Armaments","floor":15,"key":"SMITH"}],"circlet_count":0,"master_deck":["AscendersBane","Strike_R","Strike_R","Strike_R","Defend_R","Defend_R","Defend_R","Defend_R","Bash","Searing Blow+2","Hemokinesis","Shrug It Off","Blood for Blood","Armaments+1"],"relics":["Burning Blood","NeowsBlessing","Boot","Smiling Mask","Ancient Tea Set"],"acts_visited":["Exordium"],"potions_floor_usage":[10,16],"damage_taken":[{"damage":0,"enemies":"Small Slimes","floor":1,"turns":1},{"damage":0,"enemies":"Jaw Worm","floor":2,"turns":1},{"damage":0,"enemies":"Gremlin Nob","floor":10,"turns":1},{"damage":0,"enemies":"2 Louse","floor":11,"turns":3},{"damage":21,"enemies":"Gremlin Gang","floor":13,"turns":4},{"damage":22,"enemies":"Large Slime","floor":14,"turns":4},{"damage":41,"enemies":"Slime Boss","floor":16,"turns":8}],"seed_played":"-4408298549814012749","potions_obtained":[{"floor":1,"key":"BloodPotion"},{"floor":2,"key":"Dexterity Potion"},{"floor":10,"key":"Strength Potion"}],"is_trial":false,"path_per_floor":["M","M","?","?","?","R","?","$","T","E","M","R","M","M","R","B"],"character_chosen":"IRONCLAD","items_purchased":["Shrug It Off"],"campfire_rested":0,"item_purchase_floors":[8],"current_hp_per_floor":[74,75,68,73,62,62,44,44,44,66,72,72,57,41,41,0,0],"gold":189,"neow_bonus":"THREE_ENEMY_KILL","is_daily":false,"chose_seed":false,"campfire_upgraded":3,"win_rate":0.0,"timestamp":1609924937,"path_taken":["M","M","?","?","?","R","?","$","T","E","?","R","M","M","R","BOSS"],"items_purchased_type":["Card"],"build_version":"2020-12-22","purchased_purges":1,"victory":false,"max_hp_per_floor":[75,75,75,80,80,80,80,80,80,80,80,80,80,80,80,80,80],"card_choices":[{"not_picked":["Feel No Pain","Anger"],"picked":"Searing Blow","floor":1},{"not_picked":["Flex","Power Through"],"picked":"Hemokinesis","floor":2},{"not_picked":["Sword Boomerang","Sentinel"],"picked":"Blood for Blood","floor":10},{"not_picked":["Searing Blow","Flame Barrier","True Grit"],"picked":"SKIP","floor":11},{"not_picked":["True Grit","Cleave","Pommel Strike"],"picked":"SKIP","floor":13},{"not_picked":["Searing Blow","Bludgeon"],"picked":"Armaments","floor":14}],"player_experience":1156903,"relics_obtained":[{"floor":9,"key":"Smiling Mask"},{"floor":10,"key":"Ancient Tea Set"}],"event_choices":[{"cards_removed":["Strike_R"],"damage_healed":0,"gold_gain":0,"player_choice":"Card Removal","damage_taken":7,"max_hp_gain":0,"max_hp_loss":0,"event_name":"Golden Wing","floor":3,"gold_loss":0},{"damage_healed":0,"gold_gain":0,"player_choice":"Donut","damage_taken":0,"max_hp_gain":5,"max_hp_loss":0,"event_name":"Big Fish","floor":4,"gold_loss":0},{"damage_healed":0,"gold_gain":75,"player_choice":"Gather Gold","damage_taken":11,"max_hp_gain":0,"max_hp_loss":0,"event_name":"World of Goop","floor":5,"gold_loss":0},{"damage_healed":0,"gold_gain":0,"player_choice":"Success","damage_taken":18,"relics_obtained":["Boot"],"max_hp_gain":0,"max_hp_loss":0,"event_name":"Scrap Ooze","floor":7,"gold_loss":0}],"is_beta":false,"boss_relics":[],"items_purged_floors":[8],"is_endless":false,"potions_floor_spawned":[1,2,10],"killed_by":"Slime Boss","ascension_level":20}}