{"host":"wonp23fsqqcu31ie","time":1609922717,"event":{"mods":["2.2 Compatiblity","AchievementEnabler","Aspiration","BaseMod","Bestiary","Better Altar","Better Match","Better Sensory Stone","Better Skull","Better Third Choice","BetterRewards","Block Reminder","Colored Map","Colored Powertips","Conspire","Curses Come First","DeckTracker","Displayed Cursed Tome","Downfall","Evolution","Hermit","Highlight Path","Hubris","Marisa????????","Minty Spire (QoL Compilation)","Permanent Neow","Prisma Mod","Quick Restart","Rare Cards Sparkle","Relic Stats","Replay The Spire","Robot Space Explorer","Shade Mod","Shop Mod","StSLib","SuperFastMode","The Animator","The Bug Knight","The Construct","The Cursed","The Dragon Tamer","The Gatherer","The Marked","The Necromancer","The Runesmith","The Servant 0.9.4"],"gold_per_floor":[114,114,134,134,153,193,193,233,233,256,256,256],"floor_reached":11,"playtime":242,"items_purged":[],"score":95,"play_id":"93c87c9b-e60e-43dc-af10-1d74f28729dd","local_time":"20210106194517","is_ascension_mode":true,"campfire_choices":[],"circlet_count":0,"master_deck":["Strike_R","Strike_R","Strike_R","Strike_R","Strike_R","Defend_R","Defend_R","Defend_R","Defend_R","Bash","Wild Strike","Inflame","Cleave","Reaper","Spot Weakness"],"relics":["Burning Blood","EVO:Axolotl","hubris:BundleOfHerbs","Golden Idol","The Courier","Ancient Tea Set"],"acts_visited":["Exordium"],"potions_floor_usage":[6,6,10],"damage_taken":[{"damage":13,"enemies":"Jaw Worm","floor":1,"turns":4},{"damage":1,"enemies":"Cultist","floor":3,"turns":3},{"damage":7,"enemies":"2 Louse","floor":5,"turns":3},{"damage":4,"enemies":"Gremlin Nob","floor":6,"turns":3},{"damage":30,"enemies":"3 Sentries","floor":8,"turns":8},{"damage":41,"enemies":"Gremlin Gang","floor":10,"turns":4},{"damage":20,"enemies":"Lagavulin","floor":11,"turns":2}],"seed_played":"-1137822686449120044","potions_obtained":[{"floor":3,"key":"SkillPotion"},{"floor":5,"key":"LifebloodPotion"},{"floor":8,"key":"ColorlessPotion"}],"is_trial":false,"path_per_floor":["M","?","M","?","M","E","?","E","T","M","E"],"character_chosen":"IRONCLAD","items_purchased":[],"campfire_rested":0,"item_purchase_floors":[],"current_hp_per_floor":[60,60,65,45,44,46,51,27,27,8,0,0],"gold":256,"neow_bonus":"ONE_RARE_RELIC","is_daily":false,"chose_seed":false,"campfire_upgraded":0,"win_rate":0.0,"timestamp":1609922717,"path_taken":["M","?","M","?","M","E","?","E","T","?","E"],"items_purchased_type":[],"build_version":"2020-12-22","purchased_purges":0,"victory":false,"max_hp_per_floor":[80,80,80,80,80,80,80,80,80,80,80,80],"relic_stats":{"counters":[7,27],"Golden Idol":25,"obtain_stats":[{"Golden Idol":4,"hubris:BundleOfHerbs":0,"The Courier":6,"EVO:Axolotl":0,"Ancient Tea Set":8,"Burning Blood":0},{"Golden Idol":2,"hubris:BundleOfHerbs":0,"The Courier":4,"EVO:Axolotl":0,"Ancient Tea Set":5,"Burning Blood":0},{"Golden Idol":7,"hubris:BundleOfHerbs":0,"The Courier":13,"EVO:Axolotl":0,"Ancient Tea Set":21,"Burning Blood":0}],"Burning Blood":36},"card_choices":[{"not_picked":["Warcry","Second Wind"],"picked":"Wild Strike","floor":1},{"not_picked":["Flex","Twin Strike"],"picked":"Inflame","floor":3},{"not_picked":["Havoc","ReplayTheSpireMod:Limb From Limb"],"picked":"Cleave","floor":5},{"not_picked":["Clothesline","Twin Strike"],"picked":"Flex","floor":6},{"not_picked":["ReplayTheSpireMod:Strike From Hell","Heavy Blade"],"picked":"Reaper","floor":8},{"not_picked":["Havoc","Feel No Pain"],"picked":"Spot Weakness","floor":10}],"player_experience":469693,"relics_obtained":[{"floor":6,"key":"The Courier"},{"floor":8,"key":"Ancient Tea Set"}],"event_choices":[{"damage_healed":0,"gold_gain":0,"player_choice":"Ignored","damage_taken":114,"max_hp_gain":0,"max_hp_loss":0,"event_name":"betterThird:BetterSerpent","floor":2,"gold_loss":0},{"damage_healed":0,"gold_gain":0,"player_choice":"Take Damage","damage_taken":20,"relics_obtained":["Golden Idol"],"max_hp_gain":0,"max_hp_loss":0,"event_name":"Golden Idol","floor":4,"gold_loss":0},{"cards_removed":["Flex"],"damage_healed":5,"gold_gain":0,"player_choice":"Offered Common","damage_taken":0,"max_hp_gain":0,"max_hp_loss":0,"event_name":"Bonfire Elementals","floor":7,"gold_loss":0},{"cards_removed":["Flex"],"damage_healed":5,"gold_gain":0,"player_choice":"Offered Special","damage_taken":0,"max_hp_gain":0,"max_hp_loss":0,"event_name":"Bonfire Elementals","floor":7,"gold_loss":0}],"is_beta":false,"boss_relics":[],"items_purged_floors":[],"is_endless":false,"potions_floor_spawned":[3,5,8],"killed_by":"Lagavulin","ascension_level":3}}