{"host":"t7mx8yfj1no5p62f","time":1609899507,"event":{"mods":["BaseMod","Colored Map","Colored Powertips","Minty Spire (QoL Compilation)","Relic Stats","StSLib"],"gold_per_floor":[13,13,29,45,65,65,98,98,98,130,148,177,177,74,74,147,147,157,173,123,135,151,151,186,186,211,211,230,250,250,35,35,107,107,120,134,134,134,144,144,144,144],"floor_reached":41,"playtime":1660,"items_purged":["Pain"],"score":991,"play_id":"13e91353-930b-4bef-8a04-59a18da1cb00","local_time":"20210105211827","is_ascension_mode":true,"campfire_choices":[{"data":"Apotheosis","floor":6,"key":"SMITH"},{"data":"Feel No Pain","floor":8,"key":"SMITH"},{"data":"Whirlwind","floor":13,"key":"SMITH"},{"data":"Carnage","floor":15,"key":"SMITH"},{"floor":23,"key":"REST"},{"data":"Inflame","floor":30,"key":"SMITH"},{"data":"Inflame","floor":32,"key":"SMITH"},{"data":"Feed","floor":40,"key":"SMITH"}],"circlet_count":0,"master_deck":["AscendersBane","Defend_R","Defend_R","Defend_R","Defend_R","Bash","Apotheosis+1","Feel No Pain+1","Anger","Twin Strike","Reckless Charge","Whirlwind+1","Carnage+1","Sword Boomerang","Shrug It Off","Reaper","Uppercut","Corruption","Bite","Bite","Bite","Bite","Inflame+1","Shrug It Off+1","Inflame+1","Feed+1","Power Through","Flame Barrier","Master of Strategy","Discovery","Shrug It Off"],"relics":["Burning Blood","WarpedTongs","Red Skull","StoneCalendar","Pen Nib","Runic Dome","Self Forming Clay","Dream Catcher","Lee\u0027s Waffle","Cursed Key"],"acts_visited":["Exordium","TheCity","TheBeyond"],"potions_floor_usage":[33,41],"damage_taken":[{"damage":7,"enemies":"2 Louse","floor":1,"turns":3},{"damage":6,"enemies":"Cultist","floor":3,"turns":4},{"damage":4,"enemies":"Jaw Worm","floor":4,"turns":3},{"damage":12,"enemies":"Looter","floor":5,"turns":4},{"damage":16,"enemies":"3 Sentries","floor":7,"turns":9},{"damage":27,"enemies":"Lagavulin","floor":10,"turns":6},{"damage":0,"enemies":"2 Fungi Beasts","floor":11,"turns":2},{"damage":8,"enemies":"Gremlin Nob","floor":12,"turns":3},{"damage":0,"enemies":"Slime Boss","floor":16,"turns":5},{"damage":12,"enemies":"Chosen","floor":18,"turns":3},{"damage":16,"enemies":"3 Byrds","floor":19,"turns":4},{"damage":25,"enemies":"Centurion and Healer","floor":21,"turns":7},{"damage":30,"enemies":"Snecko","floor":22,"turns":5},{"damage":1,"enemies":"Gremlin Leader","floor":24,"turns":7},{"damage":14,"enemies":"Chosen and Byrds","floor":28,"turns":7},{"damage":12,"enemies":"3 Cultists","floor":29,"turns":4},{"damage":88,"enemies":"Champ","floor":33,"turns":11},{"damage":19,"enemies":"3 Shapes","floor":35,"turns":7},{"damage":28,"enemies":"3 Darklings","floor":36,"turns":7},{"damage":20,"enemies":"Sphere and 2 Shapes","floor":39,"turns":8},{"damage":65,"enemies":"Reptomancer","floor":41,"turns":3}],"seed_played":"6365990228967118947","potions_obtained":[{"floor":3,"key":"BlessingOfTheForge"},{"floor":7,"key":"DuplicationPotion"},{"floor":11,"key":"Dexterity Potion"},{"floor":16,"key":"HeartOfIron"},{"floor":35,"key":"HeartOfIron"}],"is_trial":false,"path_per_floor":["M","?","M","M","M","R","E","R","T","E","M","E","R","$","R","B",null,"M","M","?","M","M","R","E","?","T","?","M","M","R","$","R","B",null,"M","M","?","?","M","R","E"],"character_chosen":"IRONCLAD","items_purchased":["Shrug It Off","Lee\u0027s Waffle","Inflame"],"campfire_rested":1,"item_purchase_floors":[14,31,31],"current_hp_per_floor":[67,67,67,69,63,63,53,53,53,32,38,36,36,36,36,42,67,68,67,67,48,32,54,75,52,52,39,51,54,54,64,64,17,52,64,64,54,59,56,56,0,0],"gold":144,"neow_bonus":"RANDOM_COLORLESS_2","is_daily":false,"chose_seed":false,"campfire_upgraded":7,"win_rate":0.0,"timestamp":1609899507,"path_taken":["M","?","M","?","M","R","E","R","T","E","M","E","R","$","R","BOSS","M","M","?","M","?","R","E","?","T","?","M","M","R","$","R","BOSS","M","M","?","?","M","R","E"],"items_purchased_type":["Card","Relic","Card"],"build_version":"2020-12-22","purchased_purges":1,"victory":false,"max_hp_per_floor":[75,75,75,75,75,75,75,75,75,75,75,75,75,75,75,75,75,75,75,75,75,75,75,75,52,52,57,57,57,57,64,64,64,64,64,64,64,64,67,67,67,67],"relic_stats":{"Dream Catcher":0,"Lee\u0027s Waffle":10,"counters":[21,112],"Self Forming Clay":[72],"StoneCalendar":[173],"Pen Nib":[14],"Cursed Key":0,"obtain_stats":[{"Runic Dome":17,"Dream Catcher":26,"Lee\u0027s Waffle":31,"Self Forming Clay":24,"StoneCalendar":10,"Pen Nib":12,"Cursed Key":34,"Burning Blood":0,"Red Skull":7,"WarpedTongs":2},{"Runic Dome":9,"Dream Catcher":14,"Lee\u0027s Waffle":16,"Self Forming Clay":14,"StoneCalendar":6,"Pen Nib":8,"Cursed Key":17,"Burning Blood":0,"Red Skull":5,"WarpedTongs":1},{"Runic Dome":39,"Dream Catcher":65,"Lee\u0027s Waffle":76,"Self Forming Clay":65,"StoneCalendar":29,"Pen Nib":34,"Cursed Key":87,"Burning Blood":0,"Red Skull":23,"WarpedTongs":3}],"Burning Blood":112,"WarpedTongs":[49]},"card_choices":[{"not_picked":["Sadistic Nature","Mayhem"],"picked":"Apotheosis","floor":0},{"not_picked":["Burning Pact","Combust"],"picked":"Feel No Pain","floor":1},{"not_picked":["Sword Boomerang","Reckless Charge"],"picked":"Anger","floor":3},{"not_picked":["Havoc","Second Wind"],"picked":"Twin Strike","floor":4},{"not_picked":["Warcry","Sentinel"],"picked":"Reckless Charge","floor":5},{"not_picked":["Rupture","Perfected Strike"],"picked":"Whirlwind","floor":7},{"not_picked":["Pommel Strike","Iron Wave"],"picked":"Carnage","floor":10},{"not_picked":["Infernal Blade","Iron Wave"],"picked":"Sword Boomerang","floor":11},{"not_picked":["Blood for Blood","Twin Strike","Body Slam"],"picked":"SKIP","floor":12},{"not_picked":["Fiend Fire","Double Tap"],"picked":"Reaper","floor":16},{"not_picked":["Armaments","Heavy Blade","Cleave"],"picked":"SKIP","floor":18},{"not_picked":["Armaments","Twin Strike+1","Rampage"],"picked":"SKIP","floor":19},{"not_picked":["Infernal Blade","Hemokinesis"],"picked":"Uppercut","floor":21},{"not_picked":["Heavy Blade","Anger","Wild Strike"],"picked":"SKIP","floor":22},{"not_picked":["Thunderclap","Perfected Strike"],"picked":"Corruption","floor":24},{"not_picked":["Twin Strike","Blood for Blood"],"picked":"Inflame","floor":28},{"not_picked":["Iron Wave","Armaments"],"picked":"Shrug It Off+1","floor":29},{"not_picked":["Bludgeon","Double Tap"],"picked":"Feed","floor":33},{"not_picked":["Wild Strike","Flex+1"],"picked":"Power Through","floor":35},{"not_picked":["Clash+1","Rage"],"picked":"Flame Barrier","floor":36},{"not_picked":["Purity","Dramatic Entrance"],"picked":"Master of Strategy","floor":37},{"not_picked":["Trip","Transmutation"],"picked":"Discovery","floor":37},{"not_picked":["Inflame","Pommel Strike"],"picked":"Shrug It Off","floor":39}],"player_experience":1661807,"relics_obtained":[{"floor":7,"key":"Red Skull"},{"floor":10,"key":"StoneCalendar"},{"floor":12,"key":"Pen Nib"},{"floor":24,"key":"Self Forming Clay"},{"floor":26,"key":"Dream Catcher"}],"event_choices":[{"damage_healed":0,"gold_gain":0,"player_choice":"Rummage","damage_taken":0,"relics_obtained":["WarpedTongs"],"max_hp_gain":0,"max_hp_loss":0,"event_name":"Accursed Blacksmith","floor":2,"gold_loss":0,"cards_obtained":["Pain"]},{"damage_healed":0,"gold_gain":0,"player_choice":"Bet on Murderer","damage_taken":0,"max_hp_gain":0,"max_hp_loss":0,"event_name":"The Joust","floor":20,"gold_loss":50},{"damage_healed":0,"gold_gain":0,"player_choice":"Became a vampire","damage_taken":0,"max_hp_gain":0,"max_hp_loss":23,"event_name":"Vampires","floor":25,"gold_loss":0,"cards_obtained":["Bite","Bite","Bite","Bite","Bite"]},{"damage_healed":0,"gold_gain":0,"player_choice":"Shed Blood","damage_taken":18,"max_hp_gain":5,"max_hp_loss":0,"event_name":"Forgotten Altar","floor":27,"gold_loss":0},{"damage_healed":0,"gold_gain":0,"player_choice":"Memory 3","damage_taken":10,"max_hp_gain":0,"max_hp_loss":0,"event_name":"SensoryStone","floor":37,"gold_loss":0},{"cards_removed":["Bite"],"damage_healed":5,"gold_gain":0,"player_choice":"Offered Special","damage_taken":0,"max_hp_gain":0,"max_hp_loss":0,"event_name":"Bonfire Elementals","floor":38,"gold_loss":0}],"is_beta":false,"boss_relics":[{"not_picked":["Busted Crown","Astrolabe"],"picked":"Runic Dome"},{"not_picked":["Philosopher\u0027s Stone","SacredBark"],"picked":"Cursed Key"}],"items_purged_floors":[14],"is_endless":false,"potions_floor_spawned":[3,7,10,11,16,19,28,29,35],"killed_by":"Reptomancer","ascension_level":20}}