{"host":"sum4dy402bbv9y4o","time":1609891948,"event":{"mods":["Aspiration","BaseMod","Conspire","Highlight Path","Minty Spire (QoL Compilation)","StSLib"],"gold_per_floor":[117,129,139,50,15,42,42,73,128,162,162,7,26,51,51,128,128,139,55,55,70,89,89,89],"floor_reached":23,"playtime":726,"items_purged":["Strike_B"],"score":438,"play_id":"4c79baba-478c-4b5b-82ba-0f7f2eb4a40a","local_time":"20210106031228","is_ascension_mode":true,"campfire_choices":[{"data":"Dualcast","floor":11,"key":"SMITH"},{"floor":15,"key":"REST"}],"circlet_count":0,"master_deck":["AscendersBane","Strike_B","Defend_B","Defend_B","Defend_B","Zap","Dualcast+1","Gash","Streamline","FTL","Melter","Genetic Algorithm","Electrodynamics","Conserve Battery","Melter","Leap","Buffer","Fission","Coolheaded","Ball Lightning","Cold Snap","Dagger Spray","Eviscerate","Corpse Explosion","Barrage","Conserve Battery"],"relics":["Cracked Core","Boot","Question Card","Art of War","Lantern","aspiration:SeaSaltIceCream","PureWater","Black Star"],"acts_visited":["Exordium","TheCity"],"potions_floor_usage":[6,8,10,21,22,23],"damage_taken":[{"damage":3,"enemies":"Small Slimes","floor":1,"turns":3},{"damage":4,"enemies":"Jaw Worm","floor":2,"turns":4},{"damage":0,"enemies":"2 Louse","floor":3,"turns":2},{"damage":8,"enemies":"Gremlin Nob","floor":6,"turns":3},{"damage":19,"enemies":"3 Sentries","floor":8,"turns":6},{"damage":20,"enemies":"Gremlin Nob","floor":10,"turns":4},{"damage":7,"enemies":"Large Slime","floor":13,"turns":3},{"damage":6,"enemies":"3 Sentries","floor":14,"turns":4},{"damage":24,"enemies":"The Guardian","floor":16,"turns":11},{"damage":27,"enemies":"Shell Parasite","floor":18,"turns":5},{"damage":6,"enemies":"2 Thieves","floor":21,"turns":4},{"damage":11,"enemies":"Chosen and Byrds","floor":22,"turns":5},{"damage":23,"enemies":"Slavers","floor":23,"turns":2}],"seed_played":"4242012296309845613","potions_obtained":[{"floor":2,"key":"Strength Potion"},{"floor":3,"key":"SkillPotion"},{"floor":6,"key":"Dexterity Potion"},{"floor":8,"key":"Block Potion"},{"floor":13,"key":"Energy Potion"},{"floor":18,"key":"AttackPotion"},{"floor":22,"key":"Explosive Potion"}],"is_trial":false,"path_per_floor":["M","M","M","$","?","E","?","E","T","E","R","$","M","E","R","B",null,"M","$","?","M","M","E"],"character_chosen":"DEFECT","items_purchased":["Melter","Melter","Ball Lightning","Cold Snap"],"campfire_rested":1,"item_purchase_floors":[4,12,19,19],"current_hp_per_floor":[68,64,64,64,78,70,70,51,51,31,31,31,24,18,41,17,63,36,36,36,30,19,0,0],"gold":89,"neow_bonus":"TEN_PERCENT_HP_BONUS","is_daily":false,"chose_seed":false,"campfire_upgraded":1,"win_rate":0.0,"timestamp":1609891948,"path_taken":["M","M","M","$","?","E","?","E","T","E","R","$","M","E","R","BOSS","M","$","?","M","M","E"],"items_purchased_type":["Card","Card","Card","Card"],"build_version":"2020-12-22","purchased_purges":1,"victory":false,"max_hp_per_floor":[78,78,78,78,78,78,78,78,78,78,78,78,78,78,78,78,78,78,78,78,78,78,78,78],"card_choices":[{"not_picked":["Hologram","Stack"],"picked":"Gash","floor":1},{"not_picked":["Coolheaded","Rebound"],"picked":"Streamline","floor":2},{"not_picked":["Stack","Turbo"],"picked":"FTL","floor":3},{"not_picked":["Compile Driver","Rip and Tear"],"picked":"Genetic Algorithm","floor":6},{"not_picked":["aspiration:Polymerization","Defragment"],"picked":"Electrodynamics","floor":8},{"not_picked":["Rebound","Compile Driver","Barrage"],"picked":"Conserve Battery","floor":10},{"not_picked":["Turbo","Steam Power","Reprogram"],"picked":"Leap","floor":13},{"not_picked":["Turbo","Loop","Compile Driver"],"picked":"Buffer","floor":14},{"not_picked":["Seek","Rainbow","Hyperbeam"],"picked":"Fission","floor":16},{"not_picked":["Hologram","Turbo","Storm"],"picked":"Coolheaded","floor":18},{"not_picked":["Fusion","Steam","Redo"],"picked":"Barrage","floor":21},{"not_picked":["Heatsinks","Hologram","Streamline"],"picked":"Conserve Battery","floor":22}],"player_experience":2914853,"relics_obtained":[{"floor":6,"key":"Boot"},{"floor":8,"key":"Question Card"},{"floor":9,"key":"Art of War"},{"floor":10,"key":"Lantern"},{"floor":14,"key":"aspiration:SeaSaltIceCream"}],"event_choices":[{"damage_healed":19,"gold_gain":0,"player_choice":"Healed","damage_taken":0,"max_hp_gain":0,"max_hp_loss":0,"event_name":"The Cleric","floor":5,"gold_loss":35}],"is_beta":false,"boss_relics":[{"not_picked":["Runic Pyramid","conspire:RoyalGoblet"],"picked":"Black Star"}],"items_purged_floors":[12],"is_endless":false,"potions_floor_spawned":[2,3,6,8,13,18,22],"killed_by":"Slavers","ascension_level":20}}