{"host":"7c402rm0fqc13zvz","time":1609951081,"event":{"mods":["BaseMod","Marisa（F雨　魔理沙）","Minty Spire (QoL Compilation)","Remilia（蕾米莉亚）","StSLib","The Servant 0.9.4","Youmu（魂魄妖梦）","[功能]功能增强和修复MOD"],"gold_per_floor":[113,133,146,106,119,119,139,139,188,214,214,258,274,269,269,389,389,402,402,418,368,389,389,424,449,449,489,489,523,523,567,567,692,692,711,711,731,755,750,785,803,836,862,862,885,885,926,926,926,926],"floor_reached":51,"playtime":2721,"items_purged":["Defend_YM","SlashOfPresentWorld","Defend_YM","Defend_YM","Strike_YM","Strike_YM","Strike_YM","Strike_YM","Defend_YM","CherryBlossomFlashing"],"score":1306,"play_id":"940c2264-7eae-4692-b781-c0efe5664ac0","local_time":"20210107003801","is_ascension_mode":true,"campfire_choices":[{"data":"HumanGodSword","floor":6.0,"key":"SMITH"},{"data":"HeavenlyHaloSlash","floor":8.0,"key":"SMITH"},{"data":"SlashOfDepartureFromHesitation","floor":15.0,"key":"SMITH"},{"data":"SlashOfTheEternalFuture","floor":23.0,"key":"SMITH"},{"data":"Master of Strategy","floor":30.0,"key":"SMITH"},{"data":"SwordExtraction","floor":32.0,"key":"SMITH"},{"data":"HumanRealmSword","floor":46,"key":"SMITH"},{"data":"DoubleWheelOfPain","floor":49,"key":"SMITH"}],"circlet_count":0,"master_deck":["WheelOfPainOfLivingAndDead+1","SwordExtraction+1","RapidSlash+1","HumanGodSword+1","SlashOfDepartureFromHesitation+1","HeavenlyHaloSlash+1","SwordExtraction+1","SlashOfTheEternalFuture+1","FlashingScatteredFlowers+1","DoubleWheelOfPain+1","HumanGodSword+1","SpiritCuttingSword+1","HumanKnowledgeSword+1","SlashClearingTheSixSenses+1","Master of Strategy+1","SlashOfDelusionalInnerEye+1","CurseOfTheBell","HumanRealmSword+1","EchoesOfTheInclemencyOfAllBeings+1","Writhe","Wraith"],"relics":["HalfPhantom","NeowsBlessing","Nunchaku","Shuriken","Sling","Lantern","Regal Pillow","Golden Idol","MealTicket","Strawberry","Mango","Black Star","Matryoshka","InkBottle","DollysMirror","Ginger","Whetstone","Anchor","Smiling Mask","Happy Flower","War Paint","Vajra","Bronze Scales","Calling Bell","Kunai","Bird Faced Urn","Centennial Puzzle","PreservedInsect","Question Card","TungstenRod","AntiCross","White Beast Statue","Pen Nib","Bag of Marbles","ChestCloth","Mercury Hourglass"],"acts_visited":["Exordium","TheCity","TheBeyond"],"potions_floor_usage":[33,45,50,50,50],"damage_taken":[{"damage":0.0,"enemies":"Cultist","floor":1.0,"turns":1.0},{"damage":0.0,"enemies":"2 Louse","floor":2.0,"turns":1.0},{"damage":0.0,"enemies":"Jaw Worm","floor":3.0,"turns":1.0},{"damage":16.0,"enemies":"Exordium Thugs","floor":5.0,"turns":4.0},{"damage":0.0,"enemies":"Gremlin Gang","floor":7.0,"turns":1.0},{"damage":0.0,"enemies":"3 Sentries","floor":10.0,"turns":1.0},{"damage":0.0,"enemies":"Gremlin Nob","floor":12.0,"turns":2.0},{"damage":0.0,"enemies":"2 Fungi Beasts","floor":13.0,"turns":2.0},{"damage":15.0,"enemies":"The Guardian","floor":16.0,"turns":4.0},{"damage":0.0,"enemies":"2 Thieves","floor":18.0,"turns":2.0},{"damage":0.0,"enemies":"3 Byrds","floor":20.0,"turns":3.0},{"damage":4.0,"enemies":"Cultist and Chosen","floor":22.0,"turns":2.0},{"damage":17.0,"enemies":"Slavers","floor":24.0,"turns":2.0},{"damage":4.0,"enemies":"Centurion and Healer","floor":25.0,"turns":2.0},{"damage":0.0,"enemies":"Book of Stabbing","floor":27.0,"turns":2.0},{"damage":0.0,"enemies":"Slavers","floor":29.0,"turns":2.0},{"damage":0.0,"enemies":"Book of Stabbing","floor":31.0,"turns":2.0},{"damage":0,"enemies":"Automaton","floor":33,"turns":3},{"damage":0,"enemies":"Orb Walker","floor":35,"turns":2},{"damage":0,"enemies":"3 Shapes","floor":37,"turns":2},{"damage":0,"enemies":"Writhing Mass","floor":38,"turns":2},{"damage":0,"enemies":"Giant Head","floor":40,"turns":3},{"damage":2,"enemies":"4 Shapes","floor":41,"turns":2},{"damage":0,"enemies":"Nemesis","floor":42,"turns":3},{"damage":0,"enemies":"Sphere and 2 Shapes","floor":45,"turns":2},{"damage":0,"enemies":"Giant Head","floor":47,"turns":1},{"damage":0,"enemies":"Donu and Deca","floor":50,"turns":2}],"seed_played":"-4007892800844804859","potions_obtained":[{"floor":1.0,"key":"Explosive Potion"},{"floor":3.0,"key":"BlessingOfTheForge"},{"floor":7.0,"key":"Ancient Potion"},{"floor":13.0,"key":"SpeedPotion"},{"floor":16.0,"key":"AttackPotion"},{"floor":20.0,"key":"LiquidMemories"},{"floor":25.0,"key":"ColorlessPotion"},{"floor":27.0,"key":"AttackPotion"},{"floor":31.0,"key":"AttackPotion"},{"floor":33,"key":"Fruit Juice"},{"floor":37,"key":"Dexterity Potion"},{"floor":45,"key":"Fruit Juice"},{"floor":45,"key":"DuplicationPotion"}],"is_trial":false,"path_per_floor":["M","M","M","$","M","R","M","R","T","E","?","E","M","$","R","B",null,"M","$","M","?","M","R","E","M","T","E","$","E","R","E","R","B",null,"M","?","M","M","$","E","M","E","T","?","M","R","E","?","R","B",null],"character_chosen":"YOUMU","items_purchased":["HumanGodSword","SlashOfDepartureFromHesitation","HeavenlyHaloSlash","Nunchaku","Shuriken","Sling","Strawberry","Mango","CausticAgent","Strength Potion","DoubleWheelOfPain","Matryoshka","InkBottle","DollysMirror","War Paint","Master of Strategy","PreservedInsect"],"campfire_rested":0,"item_purchase_floors":[4,4,4,4,4,4,14,14,14,14,19,19,19,19,28,28,39],"current_hp_per_floor":[75,75,75,75,59,59,59,59,59,59,41,41,41,77,77,62,96,96,96,96,96,92,92,75,71,71,71,86,86,86,86,86,91,101,101,101,101,101,101,101,99,101,101,101,106,106,106,106,106,106],"gold":926,"neow_bonus":"THREE_ENEMY_KILL","is_daily":false,"chose_seed":false,"campfire_upgraded":8,"win_rate":0.0,"timestamp":1609951081,"path_taken":["M","M","M","$","?","R","M","R","T","E","?","E","M","$","R","BOSS","BOSS","M","$","M","?","M","R","E","M","T","E","$","E","R","E","R","BOSS","M","?","?","M","$","E","M","E","T","?","M","R","E","?","R","BOSS"],"items_purchased_type":["Card","Card","Card","Relic","Relic","Relic","Relic","Relic","Potion","Potion","Card","Relic","Relic","Relic","Relic","Card","Relic"],"build_version":"2020-12-22","purchased_purges":10,"victory":true,"max_hp_per_floor":[75,75,75,75,75,75,75,75,75,75,75,75,75,96,96,96,96,96,96,96,96,96,96,96,96,96,96,96,96,96,96,96,101,101,101,101,101,101,101,101,101,101,101,101,106,106,106,106,106,106],"card_choices":[{"not_picked":["HiganSword","LotusPostureSlash"],"picked":"SwordExtraction","floor":1.0},{"not_picked":["HesitationCuttingSword","ThreeKonsSevenHakus"],"picked":"RapidSlash","floor":2.0},{"not_picked":["SlashOfAscensionToBuddhahood","SpiritCuttingSword","LowerRealmReflectionSlash"],"picked":"SKIP","floor":3.0},{"not_picked":["DispleasureOfTheSevenHakus","TwoHundredYojanaInOneSlash"],"picked":"SwordExtraction","floor":5.0},{"not_picked":["BizarrenessOfSixRealms","SanzenSekai","KarmicPunishmentOfTheIdleAndUnfocused"],"picked":"SKIP","floor":7.0},{"not_picked":["HumanKnowledgeSword","PhosphoricSlash","ConstancyOfTheConventionalTruth"],"picked":"SKIP","floor":10.0},{"not_picked":["SlashOfAscensionToBuddhahood","RapidSlash","TenKingsRetributionOnThePreta"],"picked":"SKIP","floor":12.0},{"not_picked":["SanzenSekai","ObsessionWithThePresentWorld"],"picked":"CherryBlossomFlashing","floor":13.0},{"not_picked":["WickedSoul","IrresoluteSoul"],"picked":"SlashOfTheEternalFuture","floor":16.0},{"not_picked":["BloodOfAsura","LowerRealmReflectionSlash"],"picked":"FlashingScatteredFlowers+1","floor":18.0},{"not_picked":["ThreeKonsSevenHakus","LowerRealmReflectionSlash","RapidSlash"],"picked":"SKIP","floor":20.0},{"not_picked":["SwordExtraction","LowerRealmReflectionSlash","SlashOfTheEternalFuture"],"picked":"SKIP","floor":22.0},{"not_picked":["SuddenPhantomFormationSlashOfKarmicWind","ConstancyOfTheConventionalTruth+1"],"picked":"SpiritCuttingSword+1","floor":24.0},{"not_picked":["FlashingScatteredFlowers","SlashOfMeditation"],"picked":"HumanKnowledgeSword","floor":25.0},{"not_picked":["SlashOfDelusionalInnerEye","SwordExtraction"],"picked":"SlashClearingTheSixSenses+1","floor":27.0},{"not_picked":["SwordExtraction","PhosphoricSlash"],"picked":"SlashOfDelusionalInnerEye+1","floor":29.0},{"not_picked":["PhosphoricSlash","HeavenlyHaloSlash","GhostSword"],"picked":"SKIP","floor":31.0},{"not_picked":["SlashOfDepartureFromHesitation","DoubleWheelOfPain"],"picked":"HumanRealmSword","floor":35},{"not_picked":["HeavenlyHaloSlash","FlashingScatteredFlowers","CherryBlossomFlashing"],"picked":"SKIP","floor":37},{"not_picked":["TurningAngelCut+1","ConstancyOfTheConventionalTruth","SwordOfBindingDesires+1"],"picked":"SKIP","floor":38},{"not_picked":["PhosphoricSlash+1","CrescentMoonSlash"],"picked":"EchoesOfTheInclemencyOfAllBeings+1","floor":40},{"not_picked":["ThreeKonsSevenHakus","GhostSword","TurningAngelCut","PhosphoricSlash+1"],"picked":"SKIP","floor":41},{"not_picked":["HeartExcerptSlash","SanzenSekai+1","SpiritCuttingSword","SlashOfTheEternalFuture"],"picked":"SKIP","floor":42},{"not_picked":["FlashingScatteredFlowers","RapidSlash+1","ConstancyOfTheConventionalTruth","DispleasureOfTheSevenHakus"],"picked":"SKIP","floor":45},{"not_picked":["ConstancyOfTheConventionalTruth","SwordOfBindingDesires","CrescentMoonSlash","SpiritCuttingSword+1"],"picked":"SKIP","floor":47}],"player_experience":25895,"relics_obtained":[{"floor":9.0,"key":"Lantern"},{"floor":10.0,"key":"Regal Pillow"},{"floor":12.0,"key":"MealTicket"},{"floor":24.0,"key":"Ginger"},{"floor":26.0,"key":"Whetstone"},{"floor":26.0,"key":"Anchor"},{"floor":27.0,"key":"Smiling Mask"},{"floor":27.0,"key":"Happy Flower"},{"floor":29.0,"key":"Vajra"},{"floor":29.0,"key":"Bronze Scales"},{"floor":34,"key":"Kunai"},{"floor":34,"key":"Bird Faced Urn"},{"floor":34,"key":"Centennial Puzzle"},{"floor":40,"key":"Question Card"},{"floor":40,"key":"TungstenRod"},{"floor":42,"key":"AntiCross"},{"floor":42,"key":"White Beast Statue"},{"floor":43,"key":"Pen Nib"},{"floor":43,"key":"Bag of Marbles"},{"floor":47,"key":"ChestCloth"},{"floor":47,"key":"Mercury Hourglass"}],"event_choices":[{"damage_healed":0.0,"max_hp_gain":0.0,"max_hp_loss":0.0,"gold_gain":0.0,"event_name":"Golden Idol","player_choice":"Take Damage","floor":11.0,"gold_loss":0.0,"damage_taken":18.0,"relics_obtained":["Golden Idol"]},{"damage_healed":0.0,"max_hp_gain":0.0,"max_hp_loss":0.0,"gold_gain":0.0,"event_name":"The Joust","player_choice":"Bet on Murderer","floor":21.0,"gold_loss":50.0,"damage_taken":0.0},{"damage_healed":0,"gold_gain":0,"player_choice":"Ignored","damage_taken":0,"max_hp_gain":0,"max_hp_loss":0,"event_name":"SecretPortal","floor":36,"gold_loss":0},{"damage_healed":25,"gold_gain":0,"player_choice":"Writhe","damage_taken":0,"max_hp_gain":0,"max_hp_loss":0,"event_name":"Winding Halls","floor":44,"gold_loss":0,"cards_obtained":["Writhe"]},{"damage_healed":0,"gold_gain":0,"player_choice":"Ignored","damage_taken":0,"max_hp_gain":0,"max_hp_loss":0,"event_name":"OrinTheCat","floor":48,"gold_loss":0}],"is_beta":false,"boss_relics":[{"not_picked":["Sozu","Runic Dome"],"picked":"Black Star"},{"not_picked":["Empty Cage","Velvet Choker"],"picked":"Calling Bell"}],"items_purged_floors":[4,4,4,4,4,4,4,4,14,39],"is_endless":false,"potions_floor_spawned":[1,3,5,5,7,13,16,20,25,27,27,29,31,31,33,35,37,38,41,42,45,45,45,47,47,47,47],"ascension_level":1}}