{"host":"g01l53quoe6lrer0","time":1609962806,"event":{"mods":["2.2 Compatiblity","AchievementEnabler","BaseMod","Colored Map","Highlight Path","Keyboard Shortcuts","Minty Spire (QoL Compilation)","Permanent Neow","StSLib","SuperFastMode","everything is the same but u backflip on backflip"],"gold_per_floor":[110,110,128,128,147,178,203,216,293,293,293],"floor_reached":10,"playtime":237,"items_purged":[],"score":88,"play_id":"f9670241-0630-4bf5-b2b0-34c4ba886afa","local_time":"20210107045326","is_ascension_mode":true,"campfire_choices":[],"circlet_count":0,"master_deck":["Strike_G","Strike_G","Strike_G","Strike_G","Defend_G","Defend_G","Defend_G","Defend_G","Defend_G","Survivor","Neutralize","Dash","Footwork","Tactician","Blur","Quick Slash"],"relics":["Ring of the Snake","CaptainsWheel","Golden Idol","Girya","InkBottle"],"acts_visited":["Exordium"],"potions_floor_usage":[6],"damage_taken":[{"damage":0,"enemies":"2 Louse","floor":1,"turns":3},{"damage":2,"enemies":"Jaw Worm","floor":3,"turns":5},{"damage":0,"enemies":"Small Slimes","floor":5,"turns":5},{"damage":6,"enemies":"Gremlin Nob","floor":6,"turns":5},{"damage":4,"enemies":"Looter","floor":7,"turns":4},{"damage":13,"enemies":"Exordium Wildlife","floor":8,"turns":9},{"damage":0,"enemies":"3 Sentries","floor":10,"turns":1}],"seed_played":"-2064686468211440615","potions_obtained":[{"floor":1,"key":"FearPotion"},{"floor":3,"key":"DuplicationPotion"},{"floor":6,"key":"Block Potion"}],"is_trial":false,"path_per_floor":["M","?","M","?","M","E","M","M","T","E"],"character_chosen":"THE_SILENT","items_purchased":[],"campfire_rested":0,"item_purchase_floors":[],"current_hp_per_floor":[63,56,54,54,54,48,44,31,31,31,31],"gold":293,"neow_bonus":"ONE_RARE_RELIC","is_daily":false,"chose_seed":false,"campfire_upgraded":0,"win_rate":0.0,"timestamp":1609962806,"path_taken":["M","?","M","?","M","E","?","M","T","E"],"items_purchased_type":[],"build_version":"2020-12-22","purchased_purges":0,"victory":false,"max_hp_per_floor":[63,63,63,58,58,58,58,58,58,58,58],"card_choices":[{"not_picked":["Setup","Outmaneuver"],"picked":"Dash","floor":1},{"not_picked":["PiercingWail","All Out Attack"],"picked":"Footwork","floor":3},{"not_picked":["Deflect","Distraction"],"picked":"Tactician","floor":5},{"not_picked":["Sucker Punch","Deadly Poison","Dodge and Roll"],"picked":"SKIP","floor":6},{"not_picked":["Acrobatics","Poisoned Stab"],"picked":"Blur","floor":7},{"not_picked":["Doppelganger","Escape Plan"],"picked":"Quick Slash","floor":8}],"player_experience":43773,"relics_obtained":[{"floor":6,"key":"Girya"},{"floor":9,"key":"InkBottle"}],"event_choices":[{"cards_removed":["Strike_G"],"damage_healed":0,"gold_gain":0,"player_choice":"Card Removal","damage_taken":7,"max_hp_gain":0,"max_hp_loss":0,"event_name":"Golden Wing","floor":2,"gold_loss":0},{"damage_healed":0,"gold_gain":0,"player_choice":"Lose Max HP","damage_taken":0,"relics_obtained":["Golden Idol"],"max_hp_gain":0,"max_hp_loss":5,"event_name":"Golden Idol","floor":4,"gold_loss":0}],"is_beta":false,"boss_relics":[],"items_purged_floors":[],"is_endless":false,"potions_floor_spawned":[1,3,6],"killed_by":"3 Sentries","ascension_level":5}}