{"host":"a5lz0e76zb3fcwkm","time":1609895410,"event":{"mods":["AchievementEnabler","BaseMod","Colored Map","Colored Powertips","Minty Spire (QoL Compilation)","StSLib","SuperFastMode"],"gold_per_floor":[361,436,452,472,2,34,34,51,51,86,106,143,143,162,162,247,306,330,255,282,70,160,193,204,229,253,267,267,286,310,310,310,310,310],"floor_reached":33,"playtime":1162,"items_purged":["Strike_R"],"score":714,"play_id":"ccb59049-a4c1-47a8-b37a-58731f7bb771","local_time":"20210106101010","is_ascension_mode":true,"campfire_choices":[{"data":"Apotheosis","floor":7.0,"key":"SMITH"},{"floor":15.0,"key":"REST"},{"floor":28,"key":"RECALL"},{"floor":32,"key":"REST"}],"circlet_count":0,"master_deck":["AscendersBane","Strike_R","Strike_R+1","Strike_R","Defend_R","Defend_R","Defend_R","Defend_R","Bash","Shrug It Off","Body Slam+1","Apotheosis+1","Offering","Evolve","Corruption","Immolate","Body Slam","Fiend Fire","Warcry","Second Wind","Ghostly","Ghostly","Ghostly","Seeing Red+1"],"relics":["Burning Blood","Membership Card","Bottled Lightning","HornCleat","Ornamental Fan","Matryoshka","CeramicFish","Tiny House","Medical Kit","Potion Belt","Gremlin Horn","InkBottle","Meat on the Bone","Bag of Marbles"],"acts_visited":["Exordium","TheCity"],"potions_floor_usage":[25,25,27],"damage_taken":[{"damage":9.0,"enemies":"Jaw Worm","floor":1.0,"turns":5.0},{"damage":5.0,"enemies":"2 Louse","floor":3.0,"turns":4.0},{"damage":1.0,"enemies":"Cultist","floor":4.0,"turns":4.0},{"damage":19.0,"enemies":"Lagavulin","floor":6.0,"turns":6.0},{"damage":6.0,"enemies":"Exordium Thugs","floor":8.0,"turns":3.0},{"damage":6.0,"enemies":"3 Sentries","floor":10.0,"turns":7.0},{"damage":11.0,"enemies":"Blue Slaver","floor":11.0,"turns":3.0},{"damage":16.0,"enemies":"Gremlin Nob","floor":12.0,"turns":4.0},{"damage":12.0,"enemies":"2 Fungi Beasts","floor":14.0,"turns":2.0},{"damage":19.0,"enemies":"The Guardian","floor":16.0,"turns":7.0},{"damage":6.0,"enemies":"3 Byrds","floor":18.0,"turns":4.0},{"damage":13,"enemies":"Gremlin Leader","floor":23,"turns":8},{"damage":7,"enemies":"Shell Parasite","floor":24,"turns":5},{"damage":0,"enemies":"Slavers","floor":25,"turns":3},{"damage":20,"enemies":"Shelled Parasite and Fungi","floor":27,"turns":4},{"damage":7,"enemies":"Snecko","floor":29,"turns":6},{"damage":0,"enemies":"Cultist and Chosen","floor":30,"turns":4},{"damage":33,"enemies":"Champ","floor":33,"turns":18}],"seed_played":"7234256984305419907","potions_obtained":[{"floor":4.0,"key":"CultistPotion"},{"floor":6.0,"key":"Dexterity Potion"},{"floor":8.0,"key":"FairyPotion"},{"floor":10.0,"key":"ColorlessPotion"},{"floor":11.0,"key":"Weak Potion"},{"floor":17.0,"key":"Block Potion"},{"floor":23,"key":"DistilledChaos"},{"floor":24,"key":"Explosive Potion"},{"floor":30,"key":"Fire Potion"}],"is_trial":false,"path_per_floor":["M","?","M","M","$","E","R","M","T","E","M","E","?","M","R","B",null,"M","?","?","$","?","E","M","E","T","M","R","M","M","?","R","B"],"character_chosen":"IRONCLAD","items_purchased":["Membership Card","Apotheosis","Bottled Lightning","Offering","Medical Kit","Potion Belt"],"campfire_rested":2,"item_purchase_floors":[5,5,5,5,21,21],"current_hp_per_floor":[47,36,37,42,42,29,29,29,29,29,24,14,14,8,30,17,66,66,66,40,40,28,21,20,26,26,24,24,35,40,34,40,7,7],"gold":310,"neow_bonus":"TWO_FIFTY_GOLD","is_daily":false,"chose_seed":false,"campfire_upgraded":1,"win_rate":0.0,"timestamp":1609895410,"path_taken":["M","?","M","M","$","E","R","M","T","E","M","E","?","?","R","BOSS","M","?","?","$","?","E","M","E","T","?","R","M","M","?","R","BOSS"],"items_purchased_type":["Relic","Card","Relic","Card","Relic","Relic"],"build_version":"2020-12-22","purchased_purges":1,"victory":false,"max_hp_per_floor":[75,75,75,75,75,75,75,75,75,75,75,75,75,75,75,75,80,80,80,40,40,40,40,40,40,40,40,40,40,40,40,40,40,40],"card_choices":[{"not_picked":["Infernal Blade","Rampage"],"picked":"Shrug It Off","floor":1.0},{"not_picked":["Clothesline","Twin Strike"],"picked":"Body Slam","floor":3.0},{"not_picked":["Intimidate","Searing Blow","Thunderclap"],"picked":"SKIP","floor":4.0},{"not_picked":["Infernal Blade","Shrug It Off","Thunderclap"],"picked":"SKIP","floor":6.0},{"not_picked":["Fire Breathing","Clash"],"picked":"Evolve","floor":8.0},{"not_picked":["Havoc","Flex"],"picked":"Corruption","floor":10.0},{"not_picked":["Clothesline","Cleave","True Grit"],"picked":"SKIP","floor":11.0},{"not_picked":["Flame Barrier","Pummel"],"picked":"Immolate","floor":12.0},{"not_picked":["Rupture","Clash"],"picked":"Body Slam","floor":14.0},{"not_picked":["Exhume","Brutality"],"picked":"Fiend Fire","floor":16.0},{"not_picked":["Infernal Blade","Rage"],"picked":"Warcry","floor":17.0},{"not_picked":["Wild Strike","Flex"],"picked":"Second Wind","floor":18.0},{"not_picked":["Combust","Thunderclap+1","Inflame"],"picked":"SKIP","floor":23},{"not_picked":["Exhume","Iron Wave+1","Anger"],"picked":"SKIP","floor":24},{"not_picked":["Body Slam","Twin Strike+1","Bloodletting"],"picked":"SKIP","floor":25},{"not_picked":["Spot Weakness","Sword Boomerang","Pommel Strike"],"picked":"SKIP","floor":27},{"not_picked":["Headbutt","Clash","Double Tap"],"picked":"SKIP","floor":29},{"not_picked":["Sword Boomerang","Heavy Blade"],"picked":"Seeing Red+1","floor":30}],"player_experience":1674182,"relics_obtained":[{"floor":6.0,"key":"HornCleat"},{"floor":9.0,"key":"Ornamental Fan"},{"floor":10.0,"key":"Matryoshka"},{"floor":12.0,"key":"CeramicFish"},{"floor":23,"key":"Gremlin Horn"},{"floor":25,"key":"InkBottle"},{"floor":26,"key":"Meat on the Bone"},{"floor":26,"key":"Bag of Marbles"}],"event_choices":[{"damage_healed":0.0,"max_hp_gain":0.0,"max_hp_loss":0.0,"gold_gain":75.0,"event_name":"World of Goop","player_choice":"Gather Gold","floor":2.0,"gold_loss":0.0,"damage_taken":11.0},{"damage_healed":0.0,"max_hp_gain":0.0,"max_hp_loss":0.0,"gold_gain":0.0,"event_name":"Upgrade Shrine","player_choice":"Upgraded","floor":13.0,"gold_loss":0.0,"damage_taken":0.0,"cards_upgraded":["Body Slam"]},{"cards_removed":["Strike_R"],"damage_healed":0.0,"max_hp_gain":0.0,"max_hp_loss":0.0,"gold_gain":0.0,"event_name":"Beggar","player_choice":"Gave Gold","floor":19.0,"gold_loss":75.0,"damage_taken":0.0},{"damage_healed":0.0,"max_hp_gain":0.0,"max_hp_loss":40.0,"gold_gain":0.0,"event_name":"Ghosts","player_choice":"Became a Ghost","floor":20.0,"gold_loss":0.0,"damage_taken":0.0,"cards_obtained":["Ghostly","Ghostly","Ghostly"]},{"damage_healed":0.0,"max_hp_gain":0.0,"max_hp_loss":0.0,"gold_gain":90.0,"event_name":"Knowing Skull","player_choice":"GOLD ","floor":22.0,"potions_obtained":[],"gold_loss":0.0,"damage_taken":12.0,"cards_obtained":[]},{"damage_healed":0,"gold_gain":0,"player_choice":"Damaged","damage_taken":6,"max_hp_gain":0,"max_hp_loss":0,"event_name":"Wheel of Change","floor":31,"gold_loss":0}],"is_beta":false,"boss_relics":[{"not_picked":["Philosopher\u0027s Stone","Velvet Choker"],"picked":"Tiny House"}],"items_purged_floors":[21],"is_endless":false,"potions_floor_spawned":[4,6,8,10,11,14,23,24,30],"killed_by":"Champ","ascension_level":20}}