{"host":"n7mxhpjy89lltbhc","time":1609941823,"event":{"mods":["2.2 Compatiblity","Act Like it!","Bard","BaseMod","Better Match","Better Sensory Stone","Better Synergies","Better Third Choice","Better Vampires","BetterRewards","Challenge The Spire","Colored Map","Colored Powertips","Downfall","Gensokyo","Hubris","Infinite Spire","Jedi Mod","Marisa????????","Marked Mod","Minty Spire (QoL Compilation)","Permanent Neow","Rare Cards Sparkle","Relic Sorter","Relic Stats","Replay The Spire","Shop Mod","Small Relic Pack","Spicy Shops","StSLib","Strawberry Spire","The Blue Laboratory","The Disciple","The Marked","The Servant 0.9.4","Uncapped","Waifu the Spire","Wandering Minibosses","vexMod"],"gold_per_floor":[113,113,113,132,132,165,165,197,197,207,240,260,260,260,260,337,337,354,354,414,173,173,173,250,250,250,250,320,0,27,27,27,101,101,168,168,183,250,268,298,308,308,308,36,52,136,153,247,247,247],"floor_reached":51,"playtime":2729,"items_purged":["Strike_MRS","Strike_MRS"],"score":2107,"play_id":"f81de8aa-2c62-46b0-94b4-fc69175fc9e3","local_time":"25640106210343","is_ascension_mode":true,"campfire_choices":[{"floor":7.0,"key":"REST"},{"data":"DragonMeteor","floor":7.0,"key":"SMITH"},{"floor":15.0,"key":"REST"},{"data":"PropBag","floor":15.0,"key":"SMITH"},{"floor":23,"key":"REST"},{"data":"BinaryStars","floor":23,"key":"SMITH"},{"floor":25,"key":"REST"},{"data":"wanderingMiniBosses:FinaleOfPromise","floor":25,"key":"SMITH"},{"floor":27,"key":"REST"},{"data":"CasketOfStar","floor":27,"key":"SMITH"},{"data":"DarkMatter","floor":32,"key":"SMITH"},{"data":"OrrerysSun","floor":42,"key":"SMITH"},{"floor":49,"key":"REST"},{"data":"DoubleSpark","floor":49,"key":"SMITH"}],"circlet_count":0,"master_deck":["AscendersBane","Defend_MRS","Defend_MRS","Defend_MRS","Defend_MRS","MasterSpark","UpSweep","PropBag+1","DragonMeteor+1","SporeBomb","DoubleSpark+1","BinaryStars+1","ShootingEcho","DarkMatter+1","MeteoricShower","SuperPerseids","AbsoluteMagnitude","CasketOfStar+1","wanderingMiniBosses:FinaleOfPromise+1","OrrerysSun+1"],"relics":["MiniHakkero","relicPack:SpireResearchBook","Juzu Bracelet","hubris:BundleOfHerbs","infinitespire:FocusingShard","infinitespire:Magic Flask","Replay:Ringing Soul","Replay:Bottled Steam","infinitespire:Golems Mask","Gensokyo:MarisaPhilosophersStone","relicPack:KazumaCape","wanderingMiniBosses:Blackblade","strawberrySpire:MawJerky","relicPack:DSword","vexMod:MemoryStick","Bottled Tornado","SimpleLauncher","hubris:PeanutButter","Replay:Mystery Machine","RampagingMagicTools","Omamori","strawberrySpire:Treaders","Mummified Hand","ReplayTheSpireMod:TigerMarble","CeramicFish"],"acts_visited":["Gensokyo:Gensokyo","Gensokyo:Gensokyoer","Gensokyo:Gensokyoest"],"potions_floor_usage":[16,24,50],"damage_taken":[{"damage":3.0,"enemies":"Gensokyo:Python","floor":1.0,"turns":3.0},{"damage":9.0,"enemies":"Gensokyo:Gryphon","floor":4.0,"turns":3.0},{"damage":10.0,"enemies":"Gensokyo:Aya","floor":6.0,"turns":5.0},{"damage":0.0,"enemies":"Gensokyo:Mamizou","floor":8.0,"turns":5.0},{"damage":0.0,"enemies":"Gensokyo:2_Kodama","floor":10.0,"turns":4.0},{"damage":18.0,"enemies":"Gensokyo:Cirno","floor":11.0,"turns":6.0},{"damage":3.0,"enemies":"Gensokyo:Kitsune","floor":12.0,"turns":3.0},{"damage":29.0,"enemies":"Gensokyo:Kitsune","floor":13.0,"turns":6.0},{"damage":29,"enemies":"Gensokyo:Yukari","floor":16,"turns":7},{"damage":43,"enemies":"Gensokyo:3_Dogs","floor":18,"turns":7},{"damage":13,"enemies":"Gensokyo:CosmicMonolith","floor":20,"turns":3},{"damage":32,"enemies":"Gensokyo:Tenshi","floor":24,"turns":3},{"damage":20,"enemies":"Gensokyo:Slime_Group","floor":28,"turns":3},{"damage":0,"enemies":"Gensokyo:Reisen","floor":30,"turns":3},{"damage":16,"enemies":"Gensokyo:Eiki","floor":33,"turns":4},{"damage":0,"enemies":"Gensokyo:3_Boulders","floor":35,"turns":3},{"damage":0,"enemies":"Gensokyo:3_Bats","floor":37,"turns":3},{"damage":0,"enemies":"Gensokyo:Rafflesia","floor":38,"turns":3},{"damage":10,"enemies":"Gensokyo:Dusk_and_Dawn","floor":39,"turns":2},{"damage":0,"enemies":"Gensokyo:Doremy","floor":40,"turns":3},{"damage":18,"enemies":"Gensokyo:Sharpion","floor":41,"turns":3},{"damage":0,"enemies":"Gensokyo:AtlasGolem","floor":45,"turns":3},{"damage":6,"enemies":"Nightmare","floor":46,"turns":4},{"damage":0,"enemies":"Gensokyo:Dusk_and_Dawn","floor":47,"turns":1},{"damage":34,"enemies":"Gensokyo:Kasen","floor":48,"turns":3},{"damage":12,"enemies":"Gensokyo:Yuyuko","floor":50,"turns":3}],"seed_played":"1897387939383434318","potions_obtained":[{"floor":6.0,"key":"blueLaboratory:FruitPunch"},{"floor":11.0,"key":"blueLaboratory:BubblePotion"},{"floor":12.0,"key":"blueLaboratory:BottleOfRum"},{"floor":16,"key":"blueLaboratory:AbyssPotion"},{"floor":28,"key":"blueLaboratory:BubblePotion"},{"floor":37,"key":"blueLaboratory:BottleOfVodka"},{"floor":47,"key":"Block Potion"},{"floor":48,"key":"blueLaboratory:FruitPunch"}],"is_trial":false,"path_per_floor":["M","?","?","M","?","E","R","E","T","M","E","M","?","?","R","B",null,"M","?","M","$","?","R","E","R","T","R","M","?","E","AVR","R","B",null,"M","?","M","M","M","E","M","R","T","$","M","NM","M","E","R","B",null],"character_chosen":"MARISA","items_purchased":["relicPack:SpireResearchBook","Juzu Bracelet","PropBag","infinitespire:FocusingShard","infinitespire:Magic Flask","strawberrySpire:MawJerky","Mummified Hand"],"campfire_rested":6,"item_purchase_floors":[0,0,0,0,0,21,44],"current_hp_per_floor":[60,60,60,51,51,44,65,68,68,71,58,55,29,32,59,33,78,38,38,37,37,2,30,19,49,49,79,59,59,63,63,63,47,90,90,93,93,96,86,90,72,72,72,72,72,70,70,40,76,76],"gold":247,"neow_bonus":"","is_daily":false,"chose_seed":false,"campfire_upgraded":8,"win_rate":0.0,"timestamp":1609941823,"path_taken":["M","?","?","M","?","E","R","E","T","M","E","M","?","?","R","BOSS","M","?","M","?","?","R","E","R","T","R","M","?","E","AVR","R","BOSS","M","?","M","M","M","E","M","R","T","$","M","NM","M","E","R","BOSS"],"items_purchased_type":["Relic","Relic","Card","Relic","Relic","Relic","Relic"],"build_version":"2020-12-22","purchased_purges":2,"victory":true,"max_hp_per_floor":[70,70,70,70,70,73,73,76,76,79,84,84,87,90,90,93,93,96,96,96,96,96,96,100,100,100,100,100,100,104,104,104,104,104,104,107,107,110,110,114,114,114,114,114,114,118,118,122,122,124],"relic_stats":{"counters":[52,205],"Mummified Hand":[16],"CeramicFish":0,"Juzu Bracelet":1,"obtain_stats":[{"vexMod:MemoryStick":24,"Gremlin Horn":8,"CeramicFish":48,"Whetstone":46,"Bottled Tornado":26,"relicPack:SpireResearchBook":0,"Replay:Ringing Soul":6,"strawberrySpire:Treaders":43,"Sundial":1,"infinitespire:Golems Mask":44,"strawberrySpire:MawJerky":21,"Kunai":6,"RampagingMagicTools":34,"Replay:Bottled Steam":9,"Blue Candle":4,"Oddly Smooth Stone":10,"Pen Nib":4,"infinitespire:Magic Flask":0,"Letter Opener":1,"jedi:HeartOfTheCards":26,"OrangePellets":13,"relicPack:KazumaCape":17,"wanderingMiniBosses:Blackblade":18,"Shuriken":6,"Pandora\u0027s Box":34,"hubris:PeanutButter":30,"ReplayTheSpireMod:TigerMarble":46,"MiniHakkero":0,"Meat on the Bone":8,"strawberrySpire:SolarisEssence":17,"AmplifyWand":16,"Lantern":50,"relicPack:DSword":5,"Blue Doll":41,"Juzu Bracelet":0,"Replay:Mystery Machine":31,"Gensokyo:MarisaPhilosophersStone":13,"Mummified Hand":12,"vexMod:RedPlottingStone":48,"wanderingMiniBosses:LockLocket":39,"strawberrySpire:ElefentMask":23,"SimpleLauncher":29,"ReplayTheSpireMod:Ninjato":43,"infinitespire:FocusingShard":0,"Omamori":40,"jedi:crownofsimplicity":13,"hubris:Towel":2,"Mercury Hourglass":24,"vexMod:Dragonfruit":8,"ShroomBag":31,"Anchor":44,"Ornamental Fan":25,"Orrery":44,"hubris:BundleOfHerbs":0,"Membership Card":13,"jedi:command_shop":29},{"vexMod:MemoryStick":38,"Gremlin Horn":30,"CeramicFish":51,"Whetstone":24,"Bottled Tornado":38,"relicPack:SpireResearchBook":26,"Replay:Ringing Soul":29,"strawberrySpire:Treaders":47,"Sundial":27,"infinitespire:Golems Mask":22,"strawberrySpire:MawJerky":37,"Kunai":29,"RampagingMagicTools":41,"Replay:Bottled Steam":4,"Blue Candle":28,"Oddly Smooth Stone":5,"Pen Nib":2,"infinitespire:Magic Flask":26,"Letter Opener":27,"jedi:HeartOfTheCards":13,"OrangePellets":6,"relicPack:KazumaCape":35,"wanderingMiniBosses:Blackblade":36,"Shuriken":29,"Pandora\u0027s Box":16,"hubris:PeanutButter":40,"ReplayTheSpireMod:TigerMarble":49,"MiniHakkero":0,"Meat on the Bone":30,"strawberrySpire:SolarisEssence":7,"AmplifyWand":35,"Lantern":25,"relicPack:DSword":2,"Blue Doll":21,"Juzu Bracelet":26,"Replay:Mystery Machine":40,"Gensokyo:MarisaPhilosophersStone":34,"Mummified Hand":33,"vexMod:RedPlottingStone":25,"wanderingMiniBosses:LockLocket":20,"strawberrySpire:ElefentMask":12,"SimpleLauncher":39,"ReplayTheSpireMod:Ninjato":22,"infinitespire:FocusingShard":26,"Omamori":46,"jedi:crownofsimplicity":6,"hubris:Towel":1,"Mercury Hourglass":38,"vexMod:Dragonfruit":4,"ShroomBag":15,"Anchor":22,"Ornamental Fan":13,"Orrery":22,"hubris:BundleOfHerbs":26,"Membership Card":6,"jedi:command_shop":39},{"vexMod:MemoryStick":165,"Gremlin Horn":124,"CeramicFish":202,"Whetstone":101,"Bottled Tornado":165,"relicPack:SpireResearchBook":110,"Replay:Ringing Soul":121,"strawberrySpire:Treaders":191,"Sundial":112,"infinitespire:Golems Mask":96,"strawberrySpire:MawJerky":162,"Kunai":118,"RampagingMagicTools":175,"Replay:Bottled Steam":13,"Blue Candle":114,"Oddly Smooth Stone":18,"Pen Nib":5,"infinitespire:Magic Flask":110,"Letter Opener":112,"jedi:HeartOfTheCards":52,"OrangePellets":22,"relicPack:KazumaCape":152,"wanderingMiniBosses:Blackblade":159,"Shuriken":118,"Pandora\u0027s Box":68,"hubris:PeanutButter":171,"ReplayTheSpireMod:TigerMarble":198,"MiniHakkero":0,"Meat on the Bone":124,"strawberrySpire:SolarisEssence":28,"AmplifyWand":146,"Lantern":104,"relicPack:DSword":5,"Blue Doll":93,"Juzu Bracelet":110,"Replay:Mystery Machine":171,"Gensokyo:MarisaPhilosophersStone":145,"Mummified Hand":139,"vexMod:RedPlottingStone":104,"wanderingMiniBosses:LockLocket":86,"strawberrySpire:ElefentMask":48,"SimpleLauncher":168,"ReplayTheSpireMod:Ninjato":96,"infinitespire:FocusingShard":110,"Omamori":188,"jedi:crownofsimplicity":22,"hubris:Towel":2,"Mercury Hourglass":163,"vexMod:Dragonfruit":13,"ShroomBag":61,"Anchor":96,"Ornamental Fan":52,"Orrery":96,"hubris:BundleOfHerbs":110,"Membership Card":22,"jedi:command_shop":168}]},"card_choices":[{"not_picked":["GalacticHalo","PowerUp"],"picked":"DragonMeteor","floor":1.0},{"not_picked":["EnergyFlow","MilkyWay"],"picked":"SporeBomb","floor":4.0},{"not_picked":["GasGiant","NonDirectionalLaser"],"picked":"BinaryStars","floor":6.0},{"not_picked":["NonDirectionalLaser","MillisecondPulsars"],"picked":"ShootingEcho","floor":8.0},{"not_picked":["MeteoricShower","BlazeAway"],"picked":"DarkMatter","floor":10.0},{"not_picked":["GrandCross","DragonMeteor"],"picked":"MeteoricShower","floor":11.0},{"not_picked":["ChargingUp","BlazeAway","IllusionStar"],"picked":"SKIP","floor":12.0},{"not_picked":["ManaRampage","SuperNova"],"picked":"CasketOfStar","floor":16},{"not_picked":[],"picked":"wanderingMiniBosses:FinaleOfPromise","floor":18},{"not_picked":["WitchOfGreed","LuminesStrike","GravityBeat"],"picked":"SKIP","floor":18},{"not_picked":["NonDirectionalLaser","PulseMagic","PropBag"],"picked":"SKIP","floor":20},{"not_picked":["PowerUp","Robbery","MachineGunSpark"],"picked":"SKIP","floor":24},{"not_picked":["MysteriousBeam","DarkMatter","IllusionStar"],"picked":"SKIP","floor":28},{"not_picked":["UnstableBomb","WitchLeyline","DC"],"picked":"SKIP","floor":30},{"not_picked":["PropBag","ChargingUp","SporeBomb"],"picked":"SKIP","floor":35},{"not_picked":["SporeBomb","DeepEcoloBomb","IllusionStar+1"],"picked":"SKIP","floor":37},{"not_picked":["6A+1","AsteroidBelt"],"picked":"OrrerysSun","floor":38},{"not_picked":["NonDirectionalLaser+1","UnstableBomb","GravityBeat"],"picked":"SKIP","floor":39},{"not_picked":["LuminesStrike","MilkyWay+1","PulseMagic"],"picked":"SKIP","floor":40},{"not_picked":["ChargingUp","DC","SprinkleStarSeal"],"picked":"SKIP","floor":41},{"not_picked":["ChargingUp","FinalSpark","PowerUp"],"picked":"SKIP","floor":45},{"not_picked":["DarkSpark","EventHorizon","UnstableBomb"],"picked":"SKIP","floor":46},{"not_picked":["SporeBomb","BinaryStars","Acceleration"],"picked":"SKIP","floor":47},{"not_picked":["EscapeVelocity","MilkyWay","ManaRampage"],"picked":"SKIP","floor":48}],"player_experience":1034776,"relics_obtained":[{"floor":6.0,"key":"Replay:Ringing Soul"},{"floor":8.0,"key":"Replay:Bottled Steam"},{"floor":11.0,"key":"infinitespire:Golems Mask"},{"floor":13.0,"key":"Gensokyo:MarisaPhilosophersStone"},{"floor":18,"key":"wanderingMiniBosses:Blackblade"},{"floor":24,"key":"vexMod:MemoryStick"},{"floor":26,"key":"Bottled Tornado"},{"floor":30,"key":"hubris:PeanutButter"},{"floor":40,"key":"Omamori"},{"floor":43,"key":"strawberrySpire:Treaders"},{"floor":46,"key":"ReplayTheSpireMod:TigerMarble"},{"floor":48,"key":"CeramicFish"}],"event_choices":[],"is_beta":false,"boss_relics":[{"not_picked":["Velvet Choker","relicPack:StarArrow"],"picked":"relicPack:KazumaCape"},{"not_picked":["hubris:HollowSoul","Busted Crown"],"picked":"RampagingMagicTools"}],"items_purged_floors":[21,31],"is_endless":false,"potions_floor_spawned":[6,11,12,16,20,28,37,39,46,47],"ascension_level":19}}