{"host":"af4pzp5tm7cfibaw","time":1609907252,"event":{"mods":["AchievementEnabler","BaseMod","BetterRewards","Highlight Path","Minty Spire (QoL Compilation)","StSLib","SuperFastMode"],"gold_per_floor":[118,118,15,35,35,60,74,92,92,106,80,180,180,190,190,290,290,305,58,58,58],"floor_reached":20,"playtime":1073,"items_purged":["Strike_G"],"score":209,"play_id":"d1f19a3a-504d-4de3-bcd8-81e53f852215","local_time":"20210106172732","is_ascension_mode":true,"campfire_choices":[{"floor":13,"key":"REST"},{"floor":15,"key":"REST"}],"circlet_count":0,"master_deck":["Strike_G","Strike_G","Strike_G","Strike_G","Defend_G","Defend_G","Defend_G","Defend_G","Survivor","Neutralize","Venomology","Footwork+1","Acrobatics","Catalyst","Die Die Die","Outmaneuver","Dodge and Roll","Well Laid Plans","Night Terror","Infinite Blades","Acrobatics","Backflip"],"relics":["Ring of the Snake","Bronze Scales","Singing Bowl","Black Star"],"acts_visited":["Exordium","TheCity"],"potions_floor_usage":[6,6,6,10,14,16,16,16,16],"damage_taken":[{"damage":3,"enemies":"Jaw Worm","floor":1,"turns":5},{"damage":2,"enemies":"Small Slimes","floor":4,"turns":3},{"damage":32,"enemies":"Gremlin Nob","floor":6,"turns":5},{"damage":6,"enemies":"Cultist","floor":7,"turns":4},{"damage":9,"enemies":"Lots of Slimes","floor":8,"turns":2},{"damage":0,"enemies":"2 Fungi Beasts","floor":10,"turns":3},{"damage":4,"enemies":"Gremlin Gang","floor":14,"turns":4},{"damage":44,"enemies":"Hexaghost","floor":16,"turns":10},{"damage":0,"enemies":"3 Byrds","floor":18,"turns":4},{"damage":57,"enemies":"Shell Parasite","floor":20,"turns":8}],"seed_played":"-8521288801971122262","potions_obtained":[{"floor":1,"key":"Swift Potion"},{"floor":7,"key":"EssenceOfSteel"},{"floor":14,"key":"Energy Potion"}],"is_trial":false,"path_per_floor":["M","?","$","M","?","E","M","M","T","M","?","?","R","M","R","B",null,"M","$","M"],"character_chosen":"THE_SILENT","items_purchased":["Footwork","Acrobatics","Infinite Blades","Acrobatics","Backflip"],"campfire_rested":2,"item_purchase_floors":[3,3,19,19,19],"current_hp_per_floor":[67,60,60,58,58,26,20,11,11,11,11,11,32,28,49,5,70,72,72,15,15],"gold":58,"neow_bonus":"ONE_RANDOM_RARE_CARD","is_daily":false,"chose_seed":false,"campfire_upgraded":0,"win_rate":0.0,"timestamp":1609907252,"path_taken":["M","?","$","M","?","E","?","M","T","?","?","?","R","M","R","BOSS","M","$","?"],"items_purchased_type":["Card","Card","Card","Card","Card"],"build_version":"2020-12-22","purchased_purges":1,"victory":false,"max_hp_per_floor":[70,70,70,70,70,70,70,70,70,70,70,70,70,70,70,70,70,72,72,72,72],"card_choices":[{"not_picked":["Riddle With Holes","Flechettes","Endless Agony"],"picked":"SKIP","floor":1},{"not_picked":["Deadly Poison","Heel Hook"],"picked":"Catalyst","floor":4},{"not_picked":["Quick Slash","Dagger Spray"],"picked":"Die Die Die","floor":6},{"not_picked":["Poisoned Stab","Predator","Deflect"],"picked":"SKIP","floor":7},{"not_picked":["Sucker Punch","Poisoned Stab"],"picked":"Outmaneuver","floor":8},{"not_picked":["Cloak And Dagger","Blur"],"picked":"Dodge and Roll","floor":10},{"not_picked":["Terror","Underhanded Strike"],"picked":"Well Laid Plans","floor":14},{"not_picked":["Grand Finale","Bullet Time"],"picked":"Night Terror","floor":16},{"not_picked":["Quick Slash","Bane","Sucker Punch"],"picked":"Singing Bowl","floor":18}],"player_experience":290328,"relics_obtained":[{"floor":6,"key":"Bronze Scales"},{"floor":9,"key":"Singing Bowl"}],"event_choices":[{"cards_removed":["Defend_G"],"damage_healed":0,"gold_gain":0,"player_choice":"Card Removal","damage_taken":7,"max_hp_gain":0,"max_hp_loss":0,"event_name":"Golden Wing","floor":2,"gold_loss":0},{"damage_healed":0,"gold_gain":0,"player_choice":"Upgraded","damage_taken":0,"max_hp_gain":0,"max_hp_loss":0,"event_name":"Upgrade Shrine","floor":5,"gold_loss":0,"cards_upgraded":["Footwork"]},{"damage_healed":0,"gold_gain":0,"player_choice":"Left Gold","damage_taken":0,"max_hp_gain":0,"max_hp_loss":0,"event_name":"World of Goop","floor":11,"gold_loss":26},{"damage_healed":0,"gold_gain":100,"player_choice":"Gold","damage_taken":0,"max_hp_gain":0,"max_hp_loss":0,"event_name":"Wheel of Change","floor":12,"gold_loss":0}],"is_beta":false,"boss_relics":[{"not_picked":["SlaversCollar","HoveringKite"],"picked":"Black Star"}],"items_purged_floors":[19],"is_endless":false,"potions_floor_spawned":[1,4,7,14],"killed_by":"Shell Parasite","ascension_level":4}}