{"host":"p9t7qd83igtcp2bh","time":1609918498,"event":{"mods":["2.2 Compatiblity","AchievementEnabler","BaseMod","Colored Map","Colored Powertips","Custom Start","DeckTracker","Keyboard Shortcuts","Minty Spire (QoL Compilation)","Permanent Neow","Spicy Shops","StSLib","SuperFastMode","everything is the same but u backflip on backflip"],"gold_per_floor":[116,135,153,171,171,171,183,183,183,258,291,306,306,183,183,255,255,275,286,286,298,87,87,87,87],"floor_reached":24,"playtime":449,"items_purged":["Decay","Strike_B"],"score":356,"play_id":"a01101b8-e2bf-48e7-9715-bcdf4cffb7c2","local_time":"20210106163458","is_ascension_mode":true,"campfire_choices":[{"data":"Apotheosis","floor":6.0,"key":"SMITH"},{"floor":8.0,"key":"REST"},{"floor":15.0,"key":"REST"},{"data":"Go for the Eyes","floor":23,"key":"SMITH"}],"circlet_count":0,"master_deck":["AscendersBane","Strike_B","Strike_B","Strike_B","Defend_B","Defend_B","Defend_B","Defend_B","Zap","Dualcast","Apotheosis+1","Gash","Beam Cell","Scrape","Gash","Hologram","All For One","Auto Shields","All For One","Go for the Eyes+1"],"relics":["Cracked Core","DataDisk","Lantern","Membership Card","Coffee Dripper","OrangePellets","Sling"],"acts_visited":["Exordium","TheCity"],"potions_floor_usage":[],"damage_taken":[{"damage":0.0,"enemies":"2 Louse","floor":1.0,"turns":3.0},{"damage":5.0,"enemies":"Small Slimes","floor":2.0,"turns":3.0},{"damage":12.0,"enemies":"Jaw Worm","floor":3.0,"turns":3.0},{"damage":3.0,"enemies":"Looter","floor":4.0,"turns":3.0},{"damage":0.0,"enemies":"Large Slime","floor":7.0,"turns":5.0},{"damage":25.0,"enemies":"Gremlin Nob","floor":11.0,"turns":4.0},{"damage":0.0,"enemies":"2 Fungi Beasts","floor":12.0,"turns":2.0},{"damage":18.0,"enemies":"The Guardian","floor":16.0,"turns":7.0},{"damage":9.0,"enemies":"3 Byrds","floor":18.0,"turns":3.0},{"damage":21.0,"enemies":"Shell Parasite","floor":19.0,"turns":3.0},{"damage":3.0,"enemies":"Sentry and Sphere","floor":21.0,"turns":3.0},{"damage":0,"enemies":"Chosen and Byrds","floor":24,"turns":1}],"seed_played":"-2453844410829506708","potions_obtained":[{"floor":2.0,"key":"AttackPotion"},{"floor":4.0,"key":"Weak Potion"},{"floor":7.0,"key":"PowerPotion"},{"floor":16.0,"key":"Regen Potion"},{"floor":19.0,"key":"Fire Potion"}],"is_trial":false,"path_per_floor":["M","M","M","M","?","R","M","R","T","?","E","M","?","$","R","B",null,"M","M","?","M","$","R","M"],"character_chosen":"DEFECT","items_purchased":["Membership Card","Auto Shields","OrangePellets","Sling"],"campfire_rested":2,"item_purchase_floors":[14,14,22,22],"current_hp_per_floor":[46,41,29,26,26,26,26,47,47,36,11,11,11,11,32,14,57,48,32,12,9,9,9,9,9],"gold":87,"neow_bonus":"RANDOM_COLORLESS_2","is_daily":false,"chose_seed":false,"campfire_upgraded":2,"win_rate":0.0,"timestamp":1609918498,"path_taken":["M","M","M","M","?","R","M","R","T","?","E","M","?","$","R","BOSS","M","M","?","M","$","R","M"],"items_purchased_type":["Relic","Card","Relic","Relic"],"build_version":"2020-12-22","purchased_purges":2,"victory":false,"max_hp_per_floor":[71,71,71,71,71,71,71,71,71,71,71,71,71,71,71,71,71,71,71,76,76,76,76,76,76],"card_choices":[{"not_picked":["Secret Weapon","Secret Technique"],"picked":"Apotheosis","floor":0.0},{"not_picked":["FTL","Leap"],"picked":"Gash","floor":1.0},{"not_picked":["Ball Lightning","Gash"],"picked":"Beam Cell","floor":2.0},{"not_picked":["Sweeping Beam","Stack","Recycle"],"picked":"SKIP","floor":3.0},{"not_picked":["White Noise","Capacitor"],"picked":"Scrape","floor":4.0},{"not_picked":["Redo","Creative AI"],"picked":"Gash","floor":7.0},{"not_picked":["Leap","Fusion"],"picked":"Hologram","floor":11.0},{"not_picked":["Coolheaded","Beam Cell"],"picked":"All For One","floor":12.0},{"not_picked":["Buffer","Electrodynamics"],"picked":"All For One","floor":16.0},{"not_picked":["Chaos","BootSequence"],"picked":"Go for the Eyes","floor":18.0},{"not_picked":["Lockon","Go for the Eyes","Rebound"],"picked":"SKIP","floor":19.0},{"not_picked":["Lockon","Coolheaded","Hologram"],"picked":"SKIP","floor":21.0}],"player_experience":600830,"relics_obtained":[{"floor":9.0,"key":"DataDisk"},{"floor":11.0,"key":"Lantern"}],"event_choices":[{"damage_healed":0.0,"max_hp_gain":0.0,"max_hp_loss":0.0,"gold_gain":0.0,"event_name":"Golden Wing","player_choice":"Ignored","floor":5.0,"gold_loss":0.0,"damage_taken":0.0},{"damage_healed":0.0,"max_hp_gain":0.0,"max_hp_loss":0.0,"gold_gain":75.0,"event_name":"World of Goop","player_choice":"Gather Gold","floor":10.0,"gold_loss":0.0,"damage_taken":11.0},{"damage_healed":0.0,"max_hp_gain":0.0,"max_hp_loss":0.0,"gold_gain":0.0,"event_name":"Shining Light","player_choice":"Ignored","floor":13.0,"gold_loss":0.0,"damage_taken":0.0},{"damage_healed":0.0,"max_hp_gain":5.0,"max_hp_loss":0.0,"gold_gain":0.0,"event_name":"Forgotten Altar","player_choice":"Shed Blood","floor":20.0,"gold_loss":0.0,"damage_taken":25.0}],"is_beta":false,"boss_relics":[{"not_picked":["Inserter","Velvet Choker"],"picked":"Coffee Dripper"}],"items_purged_floors":[14,22],"is_endless":false,"potions_floor_spawned":[2,4,7,16,19],"killed_by":"Chosen and Byrds","ascension_level":16}}