{"host":"q4axc00jr2bozlh9","time":1609965273,"event":{"mods":["AchievementEnabler","BaseMod","Bestiary","Colored Map","Colored Powertips","Curses Come First","Minty Spire (QoL Compilation)","Relic Stats","StSLib","SuperFastMode"],"gold_per_floor":[112,112,124,139,156,45,45,45,45,100,120,120,138,138,138,236,236,253,253,253,264,289,289,322,337,337,337,368,387,387,387,387,489,489,504,504,3,3,48,48,98,98,98],"floor_reached":42,"playtime":2003,"items_purged":["Pain","Strike_R"],"score":447,"play_id":"4bbf1c0e-723a-4b17-88d4-a876e405f7a4","local_time":"20210106213433","is_ascension_mode":false,"campfire_choices":[{"floor":15,"key":"REST"},{"floor":23,"key":"REST"},{"floor":27,"key":"REST"},{"data":"Armaments","floor":30,"key":"SMITH"},{"floor":32,"key":"REST"},{"data":"Barricade","floor":40,"key":"SMITH"}],"circlet_count":0,"master_deck":["Strike_R","Defend_R","Defend_R","Defend_R","Defend_R","Bash","Limit Break","Berserk","Clothesline","Thunderclap+1","Immolate","Fire Breathing","Flame Barrier","Bloodletting","Warcry","Jack Of All Trades","Dropkick","Evolve+1","Barricade+1","Armaments+1","Fiend Fire","Intimidate+1","RitualDagger","Impervious","Rage+1","Armaments+1","Madness","Madness","Rage"],"relics":["Burning Blood","WarpedTongs","TungstenRod","Bottled Flame","Sozu","Enchiridion","PreservedInsect","MealTicket","Mummified Hand","Bottled Tornado","Coffee Dripper","DollysMirror","Pear","StoneCalendar","Peace Pipe"],"acts_visited":["Exordium","TheCity","TheBeyond"],"potions_floor_usage":[16,16],"damage_taken":[{"damage":8,"enemies":"2 Louse","floor":1,"turns":4},{"damage":9,"enemies":"Cultist","floor":3,"turns":4},{"damage":7,"enemies":"Jaw Worm","floor":4,"turns":4},{"damage":0,"enemies":"3 Louse","floor":5,"turns":1},{"damage":11,"enemies":"3 Sentries","floor":10,"turns":4},{"damage":1,"enemies":"Red Slaver","floor":11,"turns":5},{"damage":0,"enemies":"2 Fungi Beasts","floor":13,"turns":1},{"damage":25,"enemies":"Hexaghost","floor":16,"turns":7},{"damage":55,"enemies":"3 Byrds","floor":18,"turns":5},{"damage":6,"enemies":"2 Thieves","floor":21,"turns":2},{"damage":18,"enemies":"Slavers","floor":24,"turns":3},{"damage":27,"enemies":"Sentry and Sphere","floor":25,"turns":6},{"damage":10,"enemies":"Gremlin Leader","floor":28,"turns":7},{"damage":4,"enemies":"Chosen and Byrds","floor":29,"turns":5},{"damage":46,"enemies":"Automaton","floor":33,"turns":9},{"damage":9,"enemies":"3 Shapes","floor":35,"turns":3},{"damage":83,"enemies":"2 Orb Walkers","floor":39,"turns":6},{"damage":0,"enemies":"Mind Bloom Boss Battle","floor":41,"turns":9},{"damage":42,"enemies":"Reptomancer","floor":42,"turns":5}],"seed_played":"8621330331757937203","potions_obtained":[{"floor":5,"key":"FairyPotion"},{"floor":11,"key":"AttackPotion"},{"floor":13,"key":"LiquidBronze"}],"is_trial":false,"path_per_floor":["M","?","M","M","M","$","?","$","T","?","M","?","M","?","R","B",null,"M","?","?","M","T","R","E","M","T","R","E","M","R","?","R","B",null,"M","?","$","?","?","R","?","E"],"character_chosen":"IRONCLAD","items_purchased":["Flame Barrier","DollysMirror","Pear"],"campfire_rested":4,"item_purchase_floors":[6,37,37],"current_hp_per_floor":[54,54,51,50,56,56,49,49,49,44,49,49,55,40,64,45,80,31,19,19,19,19,43,31,10,10,34,30,32,32,27,51,11,80,77,77,90,80,33,33,39,0,0],"gold":98,"neow_bonus":"TRANSFORM_TWO_CARDS","is_daily":false,"chose_seed":false,"campfire_upgraded":2,"win_rate":0.0,"timestamp":1609965273,"path_taken":["M","?","M","?","?","$","?","$","T","?","M","?","?","?","R","BOSS","M","?","?","M","?","R","E","M","T","R","E","M","R","?","R","BOSS","M","?","$","?","?","R","?","E"],"items_purchased_type":["Card","Relic","Relic"],"build_version":"2020-12-22","purchased_purges":2,"victory":false,"max_hp_per_floor":[80,80,80,80,80,80,80,80,80,80,80,80,80,80,80,80,80,80,80,80,80,80,80,80,80,80,80,80,80,80,80,80,80,80,80,80,90,90,90,90,90,90,90],"relic_stats":{"Sozu":4,"Peace Pipe":0,"counters":[19,90],"Mummified Hand":[39],"MealTicket":3,"StoneCalendar":[52],"PreservedInsect":140,"obtain_stats":[{"Pear":37,"Enchiridion":19,"StoneCalendar":39,"PreservedInsect":22,"Bottled Tornado":28,"Burning Blood":0,"WarpedTongs":2,"Sozu":17,"Peace Pipe":41,"Bottled Flame":10,"Mummified Hand":26,"DollysMirror":37,"MealTicket":24,"Coffee Dripper":34,"TungstenRod":9},{"Pear":16,"Enchiridion":9,"StoneCalendar":17,"PreservedInsect":10,"Bottled Tornado":13,"Burning Blood":0,"WarpedTongs":1,"Sozu":8,"Peace Pipe":18,"Bottled Flame":5,"Mummified Hand":12,"DollysMirror":16,"MealTicket":11,"Coffee Dripper":15,"TungstenRod":4},{"Pear":70,"Enchiridion":35,"StoneCalendar":76,"PreservedInsect":37,"Bottled Tornado":53,"Burning Blood":0,"WarpedTongs":4,"Sozu":30,"Peace Pipe":85,"Bottled Flame":17,"Mummified Hand":46,"DollysMirror":70,"MealTicket":40,"Coffee Dripper":67,"TungstenRod":13}],"Burning Blood":108,"TungstenRod":70,"WarpedTongs":[86]},"card_choices":[{"not_picked":["Flex","Wild Strike"],"picked":"Clothesline","floor":1},{"not_picked":["Body Slam","Reckless Charge"],"picked":"Thunderclap","floor":3},{"not_picked":["Searing Blow","Cleave"],"picked":"Immolate","floor":4},{"not_picked":["Combust","Twin Strike"],"picked":"Fire Breathing","floor":5},{"not_picked":["Pommel Strike","Flex"],"picked":"Bloodletting","floor":10},{"not_picked":["Flex","Cleave"],"picked":"Warcry","floor":11},{"not_picked":["Second Wind","Thunderclap"],"picked":"Evolve","floor":13},{"not_picked":["Reaper","Juggernaut"],"picked":"Barricade","floor":16},{"not_picked":["Body Slam+1","Hemokinesis","Feel No Pain"],"picked":"SKIP","floor":18},{"not_picked":["Flex","Dark Embrace","True Grit"],"picked":"SKIP","floor":21},{"not_picked":["Pommel Strike","Body Slam"],"picked":"Fiend Fire","floor":24},{"not_picked":["Warcry","Clothesline"],"picked":"Intimidate+1","floor":25},{"not_picked":["Perfected Strike","Warcry","Clash"],"picked":"SKIP","floor":28},{"not_picked":["Heavy Blade","Clothesline+1","Reckless Charge+1"],"picked":"SKIP","floor":29},{"not_picked":["Limit Break","Brutality"],"picked":"Impervious","floor":33},{"not_picked":["Fire Breathing","Bloodletting"],"picked":"Rage+1","floor":35},{"not_picked":["Dual Wield+1","Uppercut+1"],"picked":"Rage","floor":39}],"player_experience":200853,"relics_obtained":[{"floor":9,"key":"TungstenRod"},{"floor":10,"key":"Bottled Flame"},{"floor":19,"key":"Enchiridion"},{"floor":22,"key":"PreservedInsect"},{"floor":24,"key":"MealTicket"},{"floor":26,"key":"Mummified Hand"},{"floor":28,"key":"Bottled Tornado"},{"floor":39,"key":"StoneCalendar"},{"floor":41,"key":"Peace Pipe"}],"event_choices":[{"damage_healed":0,"gold_gain":0,"player_choice":"Rummage","damage_taken":0,"relics_obtained":["WarpedTongs"],"max_hp_gain":0,"max_hp_loss":0,"event_name":"Accursed Blacksmith","floor":2,"gold_loss":0,"cards_obtained":["Pain"]},{"cards_removed":["Strike_R"],"damage_healed":0,"gold_gain":0,"player_choice":"Card Removal","damage_taken":7,"max_hp_gain":0,"max_hp_loss":0,"event_name":"Golden Wing","floor":7,"gold_loss":0},{"damage_healed":0,"gold_gain":0,"player_choice":"Searched \u00271\u0027 times","damage_taken":0,"max_hp_gain":0,"max_hp_loss":0,"event_name":"Dead Adventurer","floor":10,"gold_loss":0},{"damage_healed":0,"gold_gain":0,"player_choice":"2 cards matched","damage_taken":0,"max_hp_gain":0,"max_hp_loss":0,"event_name":"Match and Keep!","floor":12,"gold_loss":0,"cards_obtained":["Jack Of All Trades","Dropkick"]},{"damage_healed":0,"gold_gain":0,"player_choice":"Entered Light","damage_taken":16,"max_hp_gain":0,"max_hp_loss":0,"event_name":"Shining Light","floor":14,"gold_loss":0,"cards_upgraded":["Evolve","Thunderclap"]},{"damage_healed":0,"gold_gain":0,"player_choice":"Obtained Book","damage_taken":16,"max_hp_gain":0,"max_hp_loss":0,"event_name":"Cursed Tome","floor":19,"gold_loss":0},{"damage_healed":0,"gold_gain":0,"player_choice":"Read","damage_taken":0,"max_hp_gain":0,"max_hp_loss":0,"event_name":"The Library","floor":20,"gold_loss":0,"cards_obtained":["Armaments"]},{"damage_healed":0,"gold_gain":0,"player_choice":"Joined the Cult","damage_taken":6,"max_hp_gain":0,"max_hp_loss":0,"event_name":"Nest","floor":31,"gold_loss":0,"cards_obtained":["RitualDagger"]},{"damage_healed":0,"gold_gain":0,"player_choice":"Ignored","damage_taken":0,"max_hp_gain":0,"max_hp_loss":0,"event_name":"Tomb of Lord Red Mask","floor":36,"gold_loss":0},{"damage_healed":0,"gold_gain":0,"player_choice":"Embrace Madness","damage_taken":11,"max_hp_gain":0,"max_hp_loss":0,"event_name":"Winding Halls","floor":38,"gold_loss":0,"cards_obtained":["Madness","Madness"]},{"damage_healed":0,"gold_gain":0,"player_choice":"Fight","damage_taken":0,"max_hp_gain":0,"max_hp_loss":0,"event_name":"Mysterious Sphere","floor":39,"gold_loss":0},{"damage_healed":0,"gold_gain":0,"player_choice":"Fight","damage_taken":0,"max_hp_gain":0,"max_hp_loss":0,"event_name":"MindBloom","floor":41,"gold_loss":0}],"is_beta":false,"boss_relics":[{"not_picked":["Tiny House","Black Blood"],"picked":"Sozu"},{"not_picked":["Runic Dome","Empty Cage"],"picked":"Coffee Dripper"}],"items_purged_floors":[6,37],"is_endless":false,"potions_floor_spawned":[5,11,13,24,25,29,35],"killed_by":"Reptomancer","ascension_level":0}}