{"host":"gg","time":1609956070,"event":{"mods":["BaseMod","Colored Map","Googly Eyes","Minty Spire (QoL Compilation)","Permanent Neow","Relic Stats","The IronCluck"],"gold_per_floor":[119,269,111,123,123,123,157,170,170,200,211,211,240,253,253,253,253],"floor_reached":16,"playtime":758,"items_purged":["Doubt"],"score":240,"play_id":"e54d87e0-6a51-491e-98ad-0ae6d8b05c4f","local_time":"20210106100110","is_ascension_mode":true,"campfire_choices":[{"data":"Eruption","floor":6.0,"key":"SMITH"},{"data":"Defend_P","floor":12,"key":"PURGE"},{"data":"Eruption","floor":15,"key":"SMITH"}],"circlet_count":0,"master_deck":["AscendersBane","Strike_P","Strike_P","Strike_P","Defend_P","Eruption+1","Vigilance","Vengeance+1","Consecrate+1","Wireheading+1","FearNoEvil","WheelKick","SashWhip","Eruption+1","CrushJoints","CutThroughFate","MentalFortress","CutThroughFate","Halt"],"relics":["Astrolabe","Peace Pipe","Eternal Feather","Regal Pillow","Centennial Puzzle"],"acts_visited":["Exordium"],"potions_floor_usage":[14,16],"damage_taken":[{"damage":5.0,"enemies":"Small Slimes","floor":1.0,"turns":3.0},{"damage":4.0,"enemies":"2 Louse","floor":4.0,"turns":3.0},{"damage":17.0,"enemies":"3 Sentries","floor":7.0,"turns":5.0},{"damage":0.0,"enemies":"Cultist","floor":8.0,"turns":2.0},{"damage":8.0,"enemies":"Gremlin Nob","floor":10.0,"turns":3.0},{"damage":26,"enemies":"Lots of Slimes","floor":11,"turns":4},{"damage":9,"enemies":"3 Sentries","floor":13,"turns":3},{"damage":0,"enemies":"3 Louse","floor":14,"turns":2},{"damage":12,"enemies":"Hexaghost","floor":16,"turns":4}],"seed_played":"6958971631572566736","potions_obtained":[{"floor":11,"key":"Fire Potion"},{"floor":13,"key":"BottledMiracle"},{"floor":14,"key":"Dexterity Potion"}],"is_trial":false,"path_per_floor":["M","?","$","M","?","R","E","M","T","E","M","R","E","M","R","B"],"character_chosen":"WATCHER","items_purchased":["WheelKick"],"campfire_rested":0,"item_purchase_floors":[3],"current_hp_per_floor":[56,56,56,52,52,52,35,35,35,27,1,10,1,1,10,0,0],"gold":253,"neow_bonus":"BOSS_RELIC","is_daily":false,"chose_seed":false,"campfire_upgraded":2,"win_rate":0.0,"timestamp":1609956070,"path_taken":["M","?","$","M","?","R","E","M","T","E","M","R","E","?","R","BOSS"],"items_purchased_type":["Card"],"build_version":"2020-12-18","purchased_purges":1,"victory":false,"max_hp_per_floor":[68,68,68,68,68,68,68,68,68,68,68,68,68,68,68,68,68],"relic_stats":{"Peace Pipe":1,"Regal Pillow":0,"Centennial Puzzle":[3],"counters":[9,29],"Astrolabe":["Vengeance","Consecrate","Wireheading"],"Eternal Feather":18,"obtain_stats":[{"Peace Pipe":7,"Regal Pillow":10,"Centennial Puzzle":13,"Astrolabe":0,"Eternal Feather":9,"PureWater":0},{"Peace Pipe":3,"Regal Pillow":5,"Centennial Puzzle":7,"Astrolabe":0,"Eternal Feather":4,"PureWater":0},{"Peace Pipe":11,"Regal Pillow":16,"Centennial Puzzle":23,"Astrolabe":0,"Eternal Feather":13,"PureWater":0}]},"card_choices":[{"not_picked":["FlurryOfBlows","EmptyFist"],"picked":"FearNoEvil","floor":1.0},{"not_picked":["Consecrate","Halt"],"picked":"SashWhip","floor":4.0},{"not_picked":["ClearTheMind","InnerPeace"],"picked":"CrushJoints","floor":7.0},{"not_picked":["FollowUp","Weave"],"picked":"CutThroughFate","floor":8.0},{"not_picked":["LikeWater","DeceiveReality"],"picked":"MentalFortress","floor":10.0},{"not_picked":["SandsOfTime","ForeignInfluence"],"picked":"CutThroughFate","floor":11},{"not_picked":["WreathOfFlame","Crescendo"],"picked":"Halt","floor":13},{"not_picked":["Prostrate","Sanctity","Protect"],"picked":"SKIP","floor":14}],"player_experience":1074027,"relics_obtained":[{"floor":7.0,"key":"Peace Pipe"},{"floor":9.0,"key":"Eternal Feather"},{"floor":10.0,"key":"Regal Pillow"},{"floor":13,"key":"Centennial Puzzle"}],"event_choices":[{"damage_healed":0.0,"max_hp_gain":0.0,"max_hp_loss":0.0,"gold_gain":150.0,"event_name":"Liars Game","player_choice":"AGREE","floor":2.0,"gold_loss":0.0,"damage_taken":0.0,"cards_obtained":["Doubt"]},{"damage_healed":0.0,"max_hp_gain":0.0,"max_hp_loss":0.0,"gold_gain":0.0,"event_name":"Match and Keep!","player_choice":"1 cards matched","floor":5.0,"gold_loss":0.0,"damage_taken":0.0,"cards_obtained":["Eruption"]}],"is_beta":true,"boss_relics":[],"items_purged_floors":[3],"is_endless":false,"potions_floor_spawned":[11,13,14],"killed_by":"Hexaghost","ascension_level":20}}