{"host":"fflyk188z5ncxlup","time":1609934371,"event":{"mods":["AchievementEnabler","BaseMod","Bestiary","Better Third Choice","Block Reminder","Colored Map","Colored Powertips","DeckTracker","Googly Eyes","Minty Spire (QoL Compilation)","StSLib","SuperFastMode"],"gold_per_floor":[116,166,180,192,207,207,241,96,96,96,96,110,110,110,110,110,181,181,194,194,115,128,178,178,211,211,236,236,51,51,51,66,82,82,82,159,159,177,137,162,177,477,477,511,526,222,222,239,239,256,268,287,287,287,287],"floor_reached":54,"playtime":2996,"items_purged":[],"score":984,"play_id":"2fef4647-5dc9-4276-a551-81843cfe5468","local_time":"20210106205931","is_ascension_mode":true,"campfire_choices":[{"floor":6.0,"key":"REST"},{"floor":11.0,"key":"REST"},{"data":"Defragment","floor":13.0,"key":"SMITH"},{"data":"Defragment","floor":16.0,"key":"SMITH"},{"data":"Capacitor","floor":24.0,"key":"SMITH"},{"data":"White Noise","floor":31.0,"key":"SMITH"},{"floor":34.0,"key":"REST"},{"floor":35.0,"key":"REST"},{"floor":49,"key":"REST"},{"floor":53,"key":"RECALL"}],"circlet_count":0,"master_deck":["AscendersBane","Defend_B","Defend_B","Defend_B","Defend_B","Zap","Dualcast","Electrodynamics+1","Coolheaded","Leap","Defragment+1","Defragment+1","Echo Form","Rainbow+1","Amplify+1","Glacier+1","Capacitor+1","White Noise+1","Echo Form","Thunder Strike+1","Ball Lightning+1","Necronomicurse","Cold Snap+1","Reboot","Blizzard+1","Buffer","Lockon+1","White Noise"],"relics":["Cracked Core","PreservedInsect","DollysMirror","Juzu Bracelet","Bottled Tornado","Bag of Marbles","Astrolabe","Whetstone","Art of War","Molten Egg 2","Necronomicon","Snecko Eye","Peace Pipe","Kunai","Strange Spoon"],"acts_visited":["Exordium","TheCity","TheBeyond"],"potions_floor_usage":[45,54],"damage_taken":[{"damage":1.0,"enemies":"Cultist","floor":1.0,"turns":3.0},{"damage":0.0,"enemies":"Small Slimes","floor":3.0,"turns":3.0},{"damage":15.0,"enemies":"2 Louse","floor":4.0,"turns":2.0},{"damage":25.0,"enemies":"Exordium Thugs","floor":5.0,"turns":5.0},{"damage":12.0,"enemies":"3 Sentries","floor":7.0,"turns":5.0},{"damage":3.0,"enemies":"2 Fungi Beasts","floor":12.0,"turns":2.0},{"damage":21.0,"enemies":"The Guardian","floor":17.0,"turns":12.0},{"damage":8.0,"enemies":"Shell Parasite","floor":19.0,"turns":5.0},{"damage":0.0,"enemies":"Chosen","floor":22.0,"turns":5.0},{"damage":0.0,"enemies":"Gremlin Leader","floor":25.0,"turns":5.0},{"damage":27.0,"enemies":"Snecko","floor":32.0,"turns":5.0},{"damage":15.0,"enemies":"Snake Plant","floor":33.0,"turns":3.0},{"damage":13.0,"enemies":"Collector","floor":36.0,"turns":10.0},{"damage":16.0,"enemies":"3 Darklings","floor":38.0,"turns":3.0},{"damage":0.0,"enemies":"Mind Bloom Boss Battle","floor":40.0,"turns":3.0},{"damage":2.0,"enemies":"3 Shapes","floor":41.0,"turns":2.0},{"damage":0.0,"enemies":"Giant Head","floor":44.0,"turns":4.0},{"damage":31,"enemies":"3 Darklings","floor":45,"turns":3},{"damage":0,"enemies":"Transient","floor":48,"turns":5},{"damage":4,"enemies":"Sphere and 2 Shapes","floor":50,"turns":5},{"damage":12,"enemies":"4 Shapes","floor":51,"turns":6},{"damage":0,"enemies":"Maw","floor":52,"turns":5},{"damage":15,"enemies":"Awakened One","floor":54,"turns":1}],"seed_played":"1006514059669656250","potions_obtained":[{"floor":1.0,"key":"Strength Potion"},{"floor":4.0,"key":"LiquidMemories"},{"floor":12.0,"key":"SneckoOil"},{"floor":22.0,"key":"EssenceOfDarkness"},{"floor":33.0,"key":"Strength Potion"},{"floor":41.0,"key":"PowerPotion"},{"floor":48,"key":"LiquidMemories"},{"floor":50,"key":"LiquidBronze"},{"floor":52,"key":"Regen Potion"}],"is_trial":false,"path_per_floor":["M","?","M","M","M","R","E","$","T","T","R","M","R","?","?","R","B",null,"M","?","$","M","?","R","E","?","T","T","$","?","R","M","M","R","R","B",null,"M","$","?","M","?","?","E","M","$","T","M","R","M","M","M","R","B"],"character_chosen":"DEFECT","items_purchased":["DollysMirror","Capacitor","Thunder Strike+1","Ball Lightning+1","Blizzard+1","Lockon+1","White Noise","Strange Spoon"],"campfire_rested":5,"item_purchase_floors":[8,21,29,29,39,46,46,46],"current_hp_per_floor":[63,57,57,42,17,36,24,24,24,24,43,40,40,29,50,50,29,55,47,64,64,64,64,64,64,64,64,64,64,43,43,16,1,20,39,26,55,39,39,39,37,37,37,37,6,6,6,6,25,21,9,9,9,0,0],"gold":287,"neow_bonus":"THREE_RARE_CARDS","is_daily":false,"chose_seed":false,"campfire_upgraded":4,"win_rate":0.0,"timestamp":1609934371,"path_taken":["M","?","M","?","M","R","E","$","T","T","R","M","R","?","?","R","BOSS","M","?","?","M","?","R","E","?","T","T","$","?","R","M","M","R","R","BOSS","M","$","?","M","?","?","E","M","?","T","M","R","M","M","M","R","BOSS"],"items_purchased_type":["Relic","Card","Card","Card","Card","Card","Card","Relic"],"build_version":"2020-12-22","purchased_purges":0,"victory":false,"max_hp_per_floor":[64,64,64,64,64,64,64,64,64,64,64,64,64,64,64,64,64,64,64,64,64,64,64,64,64,64,64,64,64,64,64,64,64,64,64,64,64,64,64,64,64,64,64,64,64,64,64,64,64,64,64,64,64,64,64],"card_choices":[{"not_picked":["Hyperbeam","Echo Form"],"picked":"Electrodynamics","floor":0.0},{"not_picked":["BootSequence","Redo","Gash"],"picked":"SKIP","floor":1.0},{"not_picked":["Darkness","Leap","Streamline"],"picked":"SKIP","floor":3.0},{"not_picked":["Steam","Recycle"],"picked":"Coolheaded","floor":4.0},{"not_picked":["Static Discharge","Hello World"],"picked":"Leap","floor":5.0},{"not_picked":["Doom and Gloom","Capacitor"],"picked":"Defragment","floor":7.0},{"not_picked":["Gash","Coolheaded","Force Field"],"picked":"SKIP","floor":12.0},{"not_picked":["Thunder Strike","Amplify"],"picked":"Echo Form","floor":17.0},{"not_picked":["Redo","Compile Driver","Blizzard"],"picked":"SKIP","floor":19.0},{"not_picked":["Turbo","Streamline","Stack"],"picked":"SKIP","floor":22.0},{"not_picked":["Static Discharge","Conserve Battery"],"picked":"White Noise","floor":25.0},{"not_picked":["Heatsinks+1","Cold Snap+1","Beam Cell+1"],"picked":"SKIP","floor":32.0},{"not_picked":["Heatsinks+1","Beam Cell+1"],"picked":"Cold Snap+1","floor":32.0},{"not_picked":["Genetic Algorithm","Undo","BootSequence"],"picked":"SKIP","floor":33.0},{"not_picked":["Hyperbeam+1","All For One+1"],"picked":"Reboot","floor":36.0},{"not_picked":["Barrage+1","Turbo","Heatsinks+1"],"picked":"SKIP","floor":38.0},{"not_picked":["Ball Lightning+1","Darkness","Stack"],"picked":"SKIP","floor":41.0},{"not_picked":["Loop","Beam Cell+1"],"picked":"Buffer","floor":44.0},{"not_picked":["Ball Lightning+1","Steam","Auto Shields+1"],"picked":"SKIP","floor":45},{"not_picked":["Compile Driver+1","Steam","Beam Cell+1"],"picked":"SKIP","floor":48},{"not_picked":["Gash+1","Consume","Sweeping Beam+1"],"picked":"SKIP","floor":50},{"not_picked":["Gash+1","Compile Driver+1","Steam"],"picked":"SKIP","floor":51},{"not_picked":["Rainbow","Go for the Eyes+1","Conserve Battery+1"],"picked":"SKIP","floor":52}],"player_experience":385524,"relics_obtained":[{"floor":7.0,"key":"PreservedInsect"},{"floor":9.0,"key":"Juzu Bracelet"},{"floor":10.0,"key":"Bottled Tornado"},{"floor":25.0,"key":"Whetstone"},{"floor":27.0,"key":"Art of War"},{"floor":28.0,"key":"Molten Egg 2"},{"floor":30.0,"key":"Necronomicon"},{"floor":40.0,"key":"Peace Pipe"},{"floor":44.0,"key":"Kunai"}],"event_choices":[{"damage_healed":0.0,"max_hp_gain":0.0,"max_hp_loss":0.0,"gold_gain":50.0,"event_name":"FaceTrader","player_choice":"Touch","floor":2.0,"gold_loss":0.0,"damage_taken":6.0},{"damage_healed":0.0,"max_hp_gain":0.0,"max_hp_loss":0.0,"gold_gain":0.0,"event_name":"betterThird:BetterScrap","player_choice":"Relic ","floor":14.0,"gold_loss":0.0,"damage_taken":11.0,"cards_obtained":["Noxious Fumes"]},{"damage_healed":21.0,"max_hp_gain":0.0,"max_hp_loss":0.0,"gold_gain":0.0,"event_name":"Big Fish","player_choice":"Banana","floor":15.0,"gold_loss":0.0,"damage_taken":0.0},{"damage_healed":17.0,"max_hp_gain":0.0,"max_hp_loss":0.0,"gold_gain":0.0,"event_name":"Wheel of Change","player_choice":"Full Heal","floor":20.0,"gold_loss":0.0,"damage_taken":0.0},{"damage_healed":0.0,"max_hp_gain":0.0,"max_hp_loss":0.0,"gold_gain":50.0,"event_name":"betterThird:BetterNest","player_choice":"Steal","floor":23.0,"gold_loss":0.0,"damage_taken":0.0},{"damage_healed":0.0,"max_hp_gain":0.0,"max_hp_loss":0.0,"gold_gain":0.0,"cards_transformed":["Strike_B"],"event_name":"Transmorgrifier","player_choice":"Transformed","floor":26.0,"gold_loss":0.0,"damage_taken":0.0,"cards_obtained":["Echo Form"]},{"damage_healed":0.0,"max_hp_gain":0.0,"max_hp_loss":0.0,"gold_gain":0.0,"event_name":"Cursed Tome","player_choice":"Obtained Book","floor":30.0,"gold_loss":0.0,"damage_taken":21.0},{"damage_healed":0.0,"max_hp_gain":0.0,"max_hp_loss":0.0,"gold_gain":0.0,"event_name":"MindBloom","player_choice":"Fight","floor":40.0,"gold_loss":0.0,"damage_taken":0.0},{"damage_healed":0.0,"max_hp_gain":0.0,"max_hp_loss":0.0,"gold_gain":300.0,"event_name":"Wheel of Change","player_choice":"Gold","floor":42.0,"gold_loss":0.0,"damage_taken":0.0},{"damage_healed":0.0,"max_hp_gain":0.0,"max_hp_loss":0.0,"gold_gain":0.0,"event_name":"Accursed Blacksmith","player_choice":"Forge","floor":43.0,"gold_loss":0.0,"damage_taken":0.0,"cards_upgraded":["Electrodynamics"]}],"is_beta":false,"boss_relics":[{"not_picked":["SacredBark","Tiny House"],"picked":"Astrolabe"},{"not_picked":["Inserter","Sozu"],"picked":"Snecko Eye"}],"items_purged_floors":[],"is_endless":false,"potions_floor_spawned":[1,4,12,17,22,25,33,41,48,50,51,52],"killed_by":"Awakened One","ascension_level":15}}