{"host":"0t11pkp2julks910","time":1609892791,"event":{"mods":["Astrologer","Bard","BaseMod","BetterRewards","Colored Map","Curses Come First","Downfall","Friendly Minions","GungeonMod","Hermit","Hubris","Infinite Spire","Minty Spire (QoL Compilation)","Replay The Spire","Robot Space Explorer","Shop Mod","Somnambulant","StSLib","The Blackbeard","The Bug Knight","The Construct","The Cursed","The Disciple","The Forsaken","The Hierophant","The Jungle","The Marked","The Mystic","The Necromancer","The Poker Player","The Problem Sleuth","The Runesmith","[IsaacMod]????"],"gold_per_floor":[109,109,109,159,2,2,2,18,98,98,108,108,125,125,125,223,223,236,236,316,89,4,4,19,45,94,133,133,163,163,178,178,279,329,370,250,262,293,312,312,68,88,112,112,334,334,392,414,414,424],"floor_reached":51,"playtime":1719,"items_purged":[],"score":749,"play_id":"b76f9952-15ba-4e5e-850a-6d5946b4bfee","local_time":"20210105162631","is_ascension_mode":false,"campfire_choices":[{"floor":6,"key":"REST"},{"data":"DemoMod:PotionOfGunFriendShip","floor":10,"key":"SMITH"},{"data":"DemoMod:CombinedRifle","floor":15,"key":"SMITH"},{"data":"Pot Of Greed","floor":23,"key":"SMITH"},{"data":"Pot Of Greed","floor":28,"key":"SMITH"},{"data":"DemoMod:Elimentaler","floor":30,"key":"SMITH"},{"data":"DemoMod:ManualReload","floor":32,"key":"SMITH"},{"data":"Pot Of Greed","floor":40,"key":"SMITH"},{"floor":44,"key":"REST"},{"data":"DemoMod:SniperShot","floor":49,"key":"SMITH"}],"circlet_count":0,"master_deck":["DemoMod:Strike_Huntress","DemoMod:Strike_Huntress","DemoMod:Strike_Huntress+1","DemoMod:Defend_Huntress+1","DemoMod:Defend_Huntress","DemoMod:Defend_Huntress","DemoMod:Defend_Huntress","DemoMod:Roll","DemoMod:ManualReload+1","DemoMod:RustySidearm+1","DemoMod:MachoBrace","Pot Of Greed+1","DemoMod:PotionOfGunFriendShip+1","Pot Of Greed+1","DemoMod:ThirdPartyController+1","DemoMod:Casey+1","DemoMod:CombinedRifle+1","DemoMod:Elimentaler+1","DemoMod:Casey+1","DemoMod:TableSutra+1","DemoMod:DirectionalPad+1","DemoMod:PracticeMakesPerfect","DemoMod:Casey+1","DemoMod:FinishedGun+1","DemoMod:CombinedRifle+1","DemoMod:HuntsMan+1","Pot Of Greed+1","DemoMod:HungryBullets+1","DemoMod:AC15+1","DemoMod:HardPowerCard+1","DemoMod:Unity+1","DemoMod:HuntsMan+1","DemoMod:Casey+1","DemoMod:Casey+1","DemoMod:SniperShot+1"],"relics":["DemoMod:Dog","HushsDoor","DeathBook","Meat on the Bone","Grinning Jar","Replay:Mystery Machine","DemoMod:PinkGuonStone","Frozen Egg 2","ChewingGum","Sling","hubris:FunFungus","DemoMod:WhiteGuonStone","Molten Egg 2","Red Mask","Tiny House","Calipers","Replay:Bottled Eggs","hubris:TenFootPole","DemoMod:GundromedaStrain","DemoMod:HoleyGrail"],"acts_visited":["Exordium","TheCity","TheBeyond"],"potions_floor_usage":[16,16,31,33,33,35,35,42,50,50,50],"damage_taken":[{"damage":0,"enemies":"Small Slimes","floor":1,"turns":3},{"damage":44,"enemies":"Hiden Room Battle","floor":4,"turns":5},{"damage":0,"enemies":"2 Louse","floor":8,"turns":2},{"damage":0,"enemies":"Cultist","floor":11,"turns":2},{"damage":10,"enemies":"3 Louse","floor":13,"turns":2},{"damage":37,"enemies":"Fading Forest","floor":16,"turns":11},{"damage":0,"enemies":"Chosen","floor":18,"turns":3},{"damage":8,"enemies":"3 Byrds","floor":24,"turns":3},{"damage":6,"enemies":"Slavers","floor":25,"turns":2},{"damage":0,"enemies":"Cultist and Chosen","floor":27,"turns":4},{"damage":0,"enemies":"Masked Bandits","floor":29,"turns":2},{"damage":0,"enemies":"Cultist and Chosen","floor":31,"turns":2},{"damage":2,"enemies":"Automaton","floor":33,"turns":9},{"damage":35,"enemies":"3 Shapes","floor":35,"turns":4},{"damage":0,"enemies":"Orb Walker","floor":37,"turns":2},{"damage":0,"enemies":"Sphere and 2 Shapes","floor":38,"turns":6},{"damage":0,"enemies":"Sphere and 2 Shapes","floor":39,"turns":3},{"damage":0,"enemies":"Transient","floor":42,"turns":5},{"damage":6,"enemies":"Maw","floor":48,"turns":6},{"damage":45,"enemies":"Donu and Deca","floor":50,"turns":8}],"seed_played":"6296980903507992643","potions_obtained":[{"floor":8,"key":"Guardian:BlockOnCardUsePotion"},{"floor":13,"key":"Block Potion"},{"floor":25,"key":"FearPotion"},{"floor":31,"key":"DemoMod:LeadSkinPotion"},{"floor":34,"key":"Energy Potion"},{"floor":35,"key":"Adrenaline Potion"},{"floor":42,"key":"LifebloodPotion"},{"floor":47,"key":"DemoMod:LeadSkinPotion"},{"floor":48,"key":"Elixir"}],"is_trial":false,"path_per_floor":["M","?","?","?","$","R","?","M","T","R","M","?","M","T","R","B",null,"M","?","?","$","?","R","M","E","T","?","R","?","R","M","R","B",null,"M","?","M","?","M","R","$","M","T","R","?","T","?","M","R","B",null],"character_chosen":"HUNTRESS","items_purchased":["Replay:Mystery Machine","Sling","DemoMod:TableSutra+1","Replay:Bottled Eggs"],"campfire_rested":2,"item_purchase_floors":[5,21,21,41],"current_hp_per_floor":[70,56,56,12,12,33,33,45,52,52,52,52,42,42,42,17,77,77,77,62,62,62,62,54,48,48,51,51,51,51,51,51,49,82,47,47,47,48,48,48,48,48,48,72,72,72,72,66,66,33],"gold":424,"neow_bonus":"UPGRADE_CARD","is_daily":false,"chose_seed":false,"campfire_upgraded":8,"win_rate":0.0,"timestamp":1609892791,"path_taken":["M","?","?","?","$","R","?","M","T","R","?","?","?","?","R","BOSS","M","?","?","$","?","R","?","E","T","?","R","?","R","M","R","BOSS","M","?","M","?","M","R","$","M","T","R","?","?","?","?","R","BOSS"],"items_purchased_type":["Relic","Relic","Card","Relic"],"build_version":"2020-12-22","purchased_purges":0,"victory":true,"max_hp_per_floor":[70,70,70,70,70,70,70,70,77,77,77,77,77,77,77,77,77,77,77,77,77,77,77,77,77,77,77,77,77,77,77,77,77,82,82,82,82,82,82,82,82,82,82,82,82,82,82,82,82,82],"card_choices":[{"not_picked":[],"picked":"Bomb","floor":0},{"not_picked":["DemoMod:SpreadAmmo","DemoMod:BoxingGlove"],"picked":"DemoMod:MachoBrace","floor":1},{"not_picked":["DemoMod:Purify","DemoMod:TeaPot"],"picked":"DemoMod:PotionOfGunFriendShip","floor":4},{"not_picked":["DemoMod:ChanceBullets","DemoMod:FortunesFavor"],"picked":"DemoMod:ThirdPartyController","floor":8},{"not_picked":["DemoMod:TableSutra","DemoMod:CursedBullets"],"picked":"DemoMod:Casey","floor":11},{"not_picked":["DemoMod:JK47","DemoMod:SAA"],"picked":"DemoMod:CombinedRifle","floor":13},{"not_picked":["DemoMod:DoubleVision","DemoMod:FightSabre"],"picked":"DemoMod:Elimentaler","floor":16},{"not_picked":["DemoMod:SAA+1","DemoMod:BattleInHaste","DemoMod:HighKaliber+1"],"picked":"SKIP","floor":18},{"not_picked":["DemoMod:Ejector","DemoMod:BlackHoleGun"],"picked":"DemoMod:DirectionalPad+1","floor":24},{"not_picked":["DemoMod:Replace","DemoMod:PotionOfGunFriendShip","DemoMod:TeaPot"],"picked":"SKIP","floor":25},{"not_picked":["DemoMod:Replace","DemoMod:PotionOfGunFriendShip","DemoMod:TeaPot"],"picked":"SKIP","floor":25},{"not_picked":["DemoMod:PotionOfGunFriendShip","DemoMod:DoubleSwitch+1"],"picked":"DemoMod:PracticeMakesPerfect","floor":27},{"not_picked":["DemoMod:Unmoved","DemoMod:AWP+1"],"picked":"DemoMod:Casey+1","floor":29},{"not_picked":["DemoMod:Unmoved","DemoMod:DoubleSwitch","DemoMod:Rummage"],"picked":"SKIP","floor":31},{"not_picked":["DemoMod:Slinger+1","DemoMod:BSG+1"],"picked":"DemoMod:FinishedGun+1","floor":33},{"not_picked":["DemoMod:CursedBullets+1","DemoMod:SAA+1"],"picked":"DemoMod:CombinedRifle+1","floor":34},{"not_picked":["DemoMod:Unmoved","DemoMod:SAA+1"],"picked":"DemoMod:HuntsMan+1","floor":35},{"not_picked":["DemoMod:DoubleSwitch","DemoMod:JK47+1"],"picked":"DemoMod:HungryBullets+1","floor":37},{"not_picked":["DemoMod:DoubleSwitch+1","DemoMod:PotionOfGunFriendShip+1"],"picked":"DemoMod:AC15+1","floor":38},{"not_picked":["DemoMod:MachoBrace","DemoMod:PotionOfGunFriendShip+1"],"picked":"DemoMod:HardPowerCard+1","floor":39},{"not_picked":["DemoMod:EasyReloadBullets+1","DemoMod:JK47+1"],"picked":"DemoMod:Unity+1","floor":39},{"not_picked":["DemoMod:MachoBrace","DemoMod:Unmoved"],"picked":"DemoMod:HuntsMan+1","floor":42},{"not_picked":["DemoMod:SAA+1","DemoMod:TeaPot+1"],"picked":"DemoMod:Casey+1","floor":47},{"not_picked":["DemoMod:TripleGun+1","DemoMod:GunShield+1"],"picked":"DemoMod:Casey+1","floor":47},{"not_picked":["DemoMod:SpreadAmmo","DemoMod:DoubleSwitch"],"picked":"DemoMod:SniperShot","floor":48}],"player_experience":318194,"relics_obtained":[{"floor":4,"key":"Meat on the Bone"},{"floor":4,"key":"Grinning Jar"},{"floor":9,"key":"DemoMod:PinkGuonStone"},{"floor":14,"key":"Frozen Egg 2"},{"floor":25,"key":"DemoMod:WhiteGuonStone"},{"floor":27,"key":"Molten Egg 2"},{"floor":29,"key":"Red Mask"},{"floor":38,"key":"Calipers"},{"floor":43,"key":"hubris:TenFootPole"},{"floor":46,"key":"DemoMod:GundromedaStrain"},{"floor":47,"key":"DemoMod:HoleyGrail"}],"event_choices":[{"damage_healed":0,"gold_gain":0,"player_choice":"Entered Light","damage_taken":14,"max_hp_gain":0,"max_hp_loss":0,"event_name":"Shining Light","floor":2,"gold_loss":0,"cards_upgraded":["DemoMod:Defend_Huntress","DemoMod:Strike_Huntress"]},{"damage_healed":0,"gold_gain":0,"player_choice":"Fight","damage_taken":0,"max_hp_gain":0,"max_hp_loss":0,"event_name":"HidenRoomEvent","floor":4,"gold_loss":0},{"damage_healed":0,"gold_gain":0,"player_choice":"Ignored","damage_taken":0,"max_hp_gain":0,"max_hp_loss":0,"event_name":"Golden Wing","floor":7,"gold_loss":0},{"damage_healed":0,"gold_gain":0,"player_choice":"Grow","damage_taken":0,"max_hp_gain":0,"max_hp_loss":0,"event_name":"Living Wall","floor":12,"gold_loss":0,"cards_upgraded":["DemoMod:Casey"]},{"damage_healed":0,"gold_gain":0,"player_choice":"Copied","damage_taken":0,"max_hp_gain":0,"max_hp_loss":0,"event_name":"Duplicator","floor":19,"gold_loss":0,"cards_obtained":["DemoMod:Casey"]},{"damage_healed":0,"gold_gain":0,"player_choice":"Obtained Relic","damage_taken":0,"relics_obtained":["hubris:FunFungus"],"max_hp_gain":0,"max_hp_loss":0,"event_name":"Addict","floor":22,"gold_loss":85},{"damage_healed":0,"gold_gain":0,"player_choice":"Fought Bandits","damage_taken":0,"max_hp_gain":0,"max_hp_loss":0,"event_name":"Masked Bandits","floor":29,"gold_loss":0},{"damage_healed":0,"gold_gain":222,"player_choice":"Wore Mask","damage_taken":0,"max_hp_gain":0,"max_hp_loss":0,"event_name":"Tomb of Lord Red Mask","floor":45,"gold_loss":0}],"is_beta":false,"boss_relics":[{"not_picked":["Runic Pyramid","Ring of Chaos"],"picked":"ChewingGum"},{"not_picked":[]},{"not_picked":["Replay:Wanted Poster","hubris:TerracottaHorce"],"picked":"Tiny House"},{"not_picked":[]}],"items_purged_floors":[],"is_endless":false,"potions_floor_spawned":[8,13,25,31,35,42,48],"ascension_level":0}}