{"host":"a0paspe0zwqgzttz","time":1609897389,"event":{"mods":["AchievementEnabler","Act Like it!","BaseMod","BetterRewards","Colored Powertips","Conspire","Downfall","GifTheSpireLib","Hermit","Highlight Path","Lobotomy","Marisa????????","Minty Spire (QoL Compilation)","Quick Restart","Replay The Spire","Robot Space Explorer","Shop Mod","StSLib","SuperFastMode","The Bug Knight","The Construct","The Cursed","The Hierophant","The Jungle","The Mystic","The Necromancer","The Runesmith","The Senshi","The Servant 0.9.4"],"gold_per_floor":[360,372,372,372,372,372,386,386,411,427,445,245,261,56,56,223,223,299,299,337,76,76,76,76,76,102,136,194,194],"floor_reached":28,"playtime":755,"items_purged":[],"score":233,"play_id":"64a09bc2-b694-4d76-a783-6cb83f9fa9b5","local_time":"20210105204309","is_ascension_mode":false,"campfire_choices":[{"data":"hermit:Showdown","floor":6,"key":"SMITH"},{"data":"hermit:HighCaliber","floor":8,"key":"SMITH"},{"data":"conspire:SpireCoStock","floor":15,"key":"SMITH"},{"floor":23,"key":"REST"},{"floor":25,"key":"REST"}],"circlet_count":0,"master_deck":["hermit:Strike_Hermit","hermit:Strike_Hermit+1","hermit:Strike_Hermit","hermit:Strike_Hermit","hermit:Defend_Hermit","hermit:Defend_Hermit","hermit:Defend_Hermit","hermit:Defend_Hermit","hermit:Snapshot","hermit:Covet","hermit:Showdown+1","hermit:CalledShot","Voices","Pain","hermit:HighCaliber+1","hermit:Scavenge","hermit:GoldenBullet","conspire:SpireCoStock+1","conspire:SpireCoStock","conspire:SpireCoStock","conspire:SpireCoStock","hermit:Midnight","hermit:FinalCanter","hermit:BodyArmor","hermit:Grudge","hermit:HeroicBravado+1","RitualDagger","hermit:Manifest"],"relics":["hermit:Momento","ReplayTheSpireMod:Ring of Addiction","Chameleon Ring","White Beast Statue","Ring of Searing","WarpedTongs","theSenshi:SailorFukuRelic","Medical Kit","conspire:SpecialSausage","Enchiridion","Strange Spoon"],"acts_visited":["Exordium","TheCity"],"potions_floor_usage":[7,7,10,11,13,16,16,16,18,20,27,28],"damage_taken":[{"damage":0,"enemies":"Small Slimes","floor":1,"turns":3},{"damage":1,"enemies":"2 Louse","floor":2,"turns":2},{"damage":5,"enemies":"Cultist","floor":7,"turns":2},{"damage":5,"enemies":"2 Fungi Beasts","floor":10,"turns":2},{"damage":10,"enemies":"Looter","floor":11,"turns":2},{"damage":0,"enemies":"Large Slime","floor":13,"turns":3},{"damage":17,"enemies":"Slime Boss","floor":16,"turns":9},{"damage":36,"enemies":"Chosen","floor":18,"turns":7},{"damage":0,"enemies":"2 Thieves","floor":20,"turns":2},{"damage":15,"enemies":"Snake Plant","floor":27,"turns":4},{"damage":25,"enemies":"Gremlin Leader","floor":28,"turns":2}],"seed_played":"5030637115196542814","potions_obtained":[{"floor":2,"key":"PowerPotion"},{"floor":4,"key":"LiquidBronze"},{"floor":4,"key":"DistilledChaos"},{"floor":7,"key":"sneckomod:MuddlingPotion"},{"floor":10,"key":"Dexterity Potion"},{"floor":11,"key":"Toxic Potion"},{"floor":13,"key":"LifebloodPotion"},{"floor":16,"key":"Explosive Potion"},{"floor":18,"key":"Fire Potion"},{"floor":20,"key":"Guardian:BlockOnCardUsePotion"},{"floor":27,"key":"AttackPotion"}],"is_trial":false,"path_per_floor":["M","M","?","?","?","R","M","R","T","M","M","?","M","$","R","B",null,"M","?","M","$","?","R","?","R","T","M","E"],"character_chosen":"HERMIT","items_purchased":["Medical Kit","AttackPotion","Strange Spoon","hermit:HeroicBravado+1"],"campfire_rested":2,"item_purchase_floors":[14,14,21,21],"current_hp_per_floor":[68,67,67,67,67,67,62,62,62,57,47,47,47,47,47,30,68,32,16,16,16,4,25,19,40,40,25,0,0],"gold":194,"neow_bonus":"TWO_FIFTY_GOLD","is_daily":false,"chose_seed":false,"campfire_upgraded":3,"win_rate":0.0,"timestamp":1609897389,"path_taken":["M","M","?","?","?","R","M","R","T","M","?","?","M","$","R","BOSS","M","?","M","$","?","R","?","R","T","M","E"],"items_purchased_type":["Relic","Potion","Relic","Card"],"build_version":"2020-12-22","purchased_purges":0,"victory":false,"max_hp_per_floor":[68,68,68,68,68,68,68,68,68,68,68,68,68,68,68,68,68,68,68,68,68,73,73,71,71,71,69,69,69],"card_choices":[{"not_picked":["hermit:TrackingShot","hermit:TakeCover"],"picked":"hermit:Showdown","floor":1},{"not_picked":["hermit:Enervate","hermit:Manifest"],"picked":"hermit:CalledShot","floor":2},{"not_picked":["hermit:Vantage","hermit:TakeCover"],"picked":"hermit:HighCaliber","floor":7},{"not_picked":["hermit:CalledShot","hermit:WideOpen"],"picked":"hermit:Scavenge","floor":10},{"not_picked":["hermit:Quickdraw","hermit:Misfire"],"picked":"hermit:GoldenBullet","floor":11},{"not_picked":["hermit:Misfire","hermit:BodyArmor"],"picked":"hermit:Midnight","floor":13},{"not_picked":["hermit:Magnum","hermit:OverwhelmingPower"],"picked":"hermit:FinalCanter","floor":16},{"not_picked":["hermit:Coalescence","hermit:SprayPray+1"],"picked":"hermit:BodyArmor","floor":18},{"not_picked":["hermit:Desperado","hermit:SprayPray+1"],"picked":"hermit:Grudge","floor":20},{"not_picked":["hermit:SprayPray+1","hermit:Glare"],"picked":"hermit:Manifest","floor":27}],"player_experience":388298,"relics_obtained":[{"floor":4,"key":"ReplayTheSpireMod:Ring of Addiction"},{"floor":4,"key":"Chameleon Ring"},{"floor":4,"key":"White Beast Statue"},{"floor":4,"key":"Ring of Searing"},{"floor":9,"key":"theSenshi:SailorFukuRelic"},{"floor":19,"key":"Enchiridion"}],"event_choices":[{"damage_healed":0,"gold_gain":0,"player_choice":"Rummage","damage_taken":0,"relics_obtained":["WarpedTongs"],"max_hp_gain":0,"max_hp_loss":0,"event_name":"Accursed Blacksmith","floor":5,"gold_loss":0,"cards_obtained":["Pain"]},{"damage_healed":0,"gold_gain":0,"player_choice":"Invest 4","damage_taken":0,"max_hp_gain":0,"max_hp_loss":0,"event_name":"conspire:Investor","floor":12,"gold_loss":0},{"damage_healed":0,"gold_gain":0,"player_choice":"Obtained Book","damage_taken":16,"max_hp_gain":0,"max_hp_loss":0,"event_name":"Cursed Tome","floor":19,"gold_loss":0},{"damage_healed":0,"gold_gain":0,"player_choice":"Shed Blood","damage_taken":17,"max_hp_gain":5,"max_hp_loss":0,"event_name":"Forgotten Altar","floor":22,"gold_loss":0},{"damage_healed":0,"gold_gain":0,"player_choice":"Joined the Cult","damage_taken":6,"max_hp_gain":0,"max_hp_loss":0,"event_name":"Nest","floor":24,"gold_loss":0,"cards_obtained":["RitualDagger"]}],"is_beta":false,"boss_relics":[{"not_picked":["Snecko Eye","Runesmith:UraniumAnvil"],"picked":"conspire:SpecialSausage"}],"items_purged_floors":[],"is_endless":false,"potions_floor_spawned":[2,7,10,11,13,16,18,20,27],"killed_by":"Gremlin Leader","ascension_level":0}}