{"host":"38maufg2dcy7va3m","time":1609918958,"event":{"mods":["Act Like it!","BaseMod","Downfall","Duelist Mod","GifTheSpireLib","Hubris","Infinite Spire","Minty Spire (QoL Compilation)","Replay The Spire","StSLib","The Bug Knight","The Construct","The Cursed","The Hierophant","The Necromancer","The Poker Player","The Runesmith","everything is the same but u backflip on backflip"],"gold_per_floor":[91,91,94,55,38,38,38,38,61,61,61,61,74,87,87,87,87],"floor_reached":16,"playtime":806,"items_purged":[],"score":90,"play_id":"1ef2c372-2e97-4430-9212-a021cba370bd","local_time":"20210105234238","is_ascension_mode":false,"campfire_choices":[{"data":"hierophant:Punish","floor":6,"key":"SMITH"},{"data":"hierophant:Repentance","floor":10,"key":"SMITH"},{"data":"hierophant:PassingBell","floor":12,"key":"SMITH"},{"floor":15,"key":"REST"}],"circlet_count":0,"master_deck":["hierophant:Strike_Hierophant","hierophant:Strike_Hierophant","hierophant:Strike_Hierophant","hierophant:Strike_Hierophant","hierophant:Punish+1","hierophant:Defend_Hierophant","hierophant:Defend_Hierophant","hierophant:Defend_Hierophant","hierophant:Defend_Hierophant","hierophant:ChurchCoffers+1","hierophant:PassingBell+1","hierophant:Repentance+1","hierophant:Community","hierophant:PassingBell","hierophant:HolyVerse","hierophant:HolyVerse"],"relics":["hierophant:PropheticMaskRelic","hubris:Icosahedron","Du-Vu Doll","Happy Flower"],"acts_visited":["Exordium"],"potions_floor_usage":[14,16],"damage_taken":[{"damage":3,"enemies":"Jaw Worm","floor":1,"turns":5},{"damage":0,"enemies":"2 Louse","floor":3,"turns":2},{"damage":4,"enemies":"Cultist","floor":5,"turns":4},{"damage":0,"enemies":"Lots of Slimes","floor":13,"turns":1},{"damage":11,"enemies":"Red Slaver","floor":14,"turns":3},{"damage":90,"enemies":"The Guardian","floor":16,"turns":16}],"seed_played":"5520798440499494479","potions_obtained":[{"floor":13,"key":"Explosive Potion"},{"floor":14,"key":"Block Potion"}],"is_trial":false,"path_per_floor":["M","?","M","$","M","R","$","?","T","R","?","R","M","M","R","B"],"character_chosen":"HIEROPHANT","items_purchased":["hierophant:Community"],"campfire_rested":1,"item_purchase_floors":[4],"current_hp_per_floor":[79,79,79,79,75,75,75,75,75,75,75,75,75,64,82,0,0],"gold":87,"neow_bonus":"TEN_PERCENT_HP_BONUS","is_daily":false,"chose_seed":false,"campfire_upgraded":3,"win_rate":0.0,"timestamp":1609918958,"path_taken":["M","?","M","$","M","R","$","?","T","R","?","R","?","M","R","BOSS"],"items_purchased_type":["Card"],"build_version":"2020-12-22","purchased_purges":0,"victory":false,"max_hp_per_floor":[82,82,82,82,82,82,82,82,82,82,82,82,82,82,82,82,82],"card_choices":[{"not_picked":["hierophant:FlamingChariot","hierophant:AuricBeam"],"picked":"hierophant:PassingBell","floor":1},{"not_picked":["hierophant:Upheaval","hierophant:Purify"],"picked":"hierophant:Repentance","floor":3},{"not_picked":["hierophant:Purify","hierophant:Shelter"],"picked":"hierophant:PassingBell","floor":5},{"not_picked":["hierophant:RustyCrate","hierophant:Smite"],"picked":"hierophant:HolyVerse","floor":13},{"not_picked":["hierophant:Prophecy","hierophant:DeathKnell"],"picked":"hierophant:HolyVerse","floor":14}],"player_experience":234499,"relics_obtained":[{"floor":9,"key":"Happy Flower"}],"event_choices":[{"damage_healed":0,"gold_gain":0,"player_choice":"Searched \u00271\u0027 times","damage_taken":0,"relics_obtained":["Du-Vu Doll"],"max_hp_gain":0,"max_hp_loss":0,"event_name":"Dead Adventurer","floor":8,"gold_loss":0},{"damage_healed":0,"gold_gain":0,"player_choice":"Upgraded","damage_taken":0,"max_hp_gain":0,"max_hp_loss":0,"event_name":"Upgrade Shrine","floor":11,"gold_loss":0,"cards_upgraded":["hierophant:ChurchCoffers"]}],"is_beta":false,"boss_relics":[],"items_purged_floors":[],"is_endless":false,"potions_floor_spawned":[13,14],"killed_by":"The Guardian","ascension_level":0}}