{"host":"z59j9eghykmqrz8g","time":1609920357,"event":{"mods":["Aspiration","BaseMod","Conspire","Infinite Spire","Minty Spire (QoL Compilation)","Replay The Spire","StSLib","vexMod"],"gold_per_floor":[114,131,131,142,194,223,223,242,242,253,253,265,265,265,265,361,361,380,380,380,398,398,398,425,425,425,458,458,493,507,524,524,626,626,642,655,670,184,184,184,184],"floor_reached":40,"playtime":2409,"items_purged":[],"score":501,"play_id":"2c7c86c2-224c-46d9-9a78-13ce120d9679","local_time":"20210106190557","daily_mods":["SealedDeck","Vintage","Heirloom","Time Dilation"],"is_ascension_mode":false,"campfire_choices":[{"floor":7,"key":"REST"},{"floor":11,"key":"REST"},{"data":"Noxious Fumes","floor":15,"key":"SMITH"},{"floor":23,"key":"REST"},{"floor":32,"key":"REST"}],"circlet_count":0,"master_deck":["Toxin Wave","Poisoned Stab","Hidden Blade+1","Deadly Poison+1","Deadly Poison","Dagger Spray","Backflip","Backflip+1","Flying Knee","Backstab","Noxious Fumes+1","ReplayTheSpireMod:Necrosis","Blade Dance+1","Replay:Fractal Strike+1","conspire:DoublingDagger+1","Envenom","Outmaneuver+1"],"relics":["Ring of the Snake","Art of War","Molten Egg 2","Tiny Chest","Blood Vial","infinitespire:BottledMercury","aspiration:StickyExplosives_weak","Akabeko","Replay:WaspNest","Chameleon Ring","conspire:DecoderRing","HoveringKite","Replay:Ringing Soul","MealTicket","Toy Ornithopter","War Paint","Nloth\u0027s Gift","Toxic Egg 2","Kunai","vexMod:HeadHunter","Turnip","Replay:Bottled Eggs","aspiration:HiddenCompartment","Philosopher\u0027s Stone","Pen Nib","Mercury Hourglass","vexMod:PlasmaPancake","ReplayTheSpireMod:Lightbulb","infinitespire:FocusingShard"],"acts_visited":["Exordium","TheCity","TheBeyond"],"potions_floor_usage":[16,31,33,33,33,40,40],"damage_taken":[{"damage":4,"enemies":"conspire:RoseBush","floor":1,"turns":1},{"damage":11,"enemies":"Jaw Worm","floor":2,"turns":2},{"damage":13,"enemies":"infinitespire:Voidling","floor":4,"turns":2},{"damage":18,"enemies":"3 Sentries","floor":6,"turns":4},{"damage":0,"enemies":"2 Fungi Beasts","floor":8,"turns":2},{"damage":1,"enemies":"Large Slime","floor":10,"turns":3},{"damage":0,"enemies":"Looter","floor":12,"turns":2},{"damage":32,"enemies":"The Guardian","floor":16,"turns":5},{"damage":10,"enemies":"Spheric Guardian","floor":18,"turns":3},{"damage":30,"enemies":"conspire:FuzzyDice","floor":21,"turns":3},{"damage":38,"enemies":"conspire:Head Lice","floor":27,"turns":4},{"damage":20,"enemies":"Slavers","floor":29,"turns":4},{"damage":15,"enemies":"Snecko","floor":30,"turns":3},{"damage":0,"enemies":"Chosen and Byrds","floor":31,"turns":3},{"damage":12,"enemies":"conspire:MysteriousRune","floor":33,"turns":5},{"damage":38,"enemies":"3 Darklings","floor":35,"turns":3},{"damage":11,"enemies":"3 Shapes","floor":36,"turns":3},{"damage":11,"enemies":"Jaw Worm Horde","floor":37,"turns":2},{"damage":72,"enemies":"Donu and Deca","floor":40,"turns":4}],"seed_played":"4855170556963098888","potions_obtained":[{"floor":1,"key":"Weak Potion"},{"floor":4,"key":"Fire Potion"},{"floor":8,"key":"DistilledChaos"},{"floor":18,"key":"Strength Potion"},{"floor":29,"key":"ColorlessPotion"},{"floor":31,"key":"Fire Potion"},{"floor":33,"key":"SpeedPotion"},{"floor":36,"key":"Reflective Coating"}],"is_trial":true,"path_per_floor":["M","M","?","M","T","E","R","M","T","M","R","M","?","T","R","B",null,"M","?","?","M","?","R","T","?","T","E","AVR","E","M","M","R","B",null,"M","M","M","$","?","B"],"character_chosen":"THE_SILENT","items_purchased":["ReplayTheSpireMod:Lightbulb","infinitespire:FocusingShard","Outmaneuver+1"],"campfire_rested":4,"item_purchase_floors":[38,38,38],"current_hp_per_floor":[66,55,55,42,42,26,47,49,49,50,70,70,70,70,70,38,70,60,60,70,40,40,61,61,61,61,28,31,16,3,10,33,41,82,44,35,32,50,50,0,0],"gold":184,"neow_bonus":"","is_daily":false,"chose_seed":false,"campfire_upgraded":1,"win_rate":0.0,"timestamp":1609920357,"path_taken":["M","M","?","M","?","E","R","M","T","?","R","M","?","?","R","BOSS","M","?","?","M","?","R","?","?","T","E","AVR","E","M","M","R","BOSS","M","M","?","$","?","BOSS"],"items_purchased_type":["Relic","Relic","Card"],"build_version":"2020-12-22","purchased_purges":0,"victory":false,"max_hp_per_floor":[70,70,70,70,70,70,70,70,70,70,70,70,70,70,70,70,70,70,70,70,70,70,70,70,70,70,73,76,79,79,79,79,82,82,82,82,88,91,91,91,91],"card_choices":[{"not_picked":["Prepared","Storm of Steel"],"picked":"Noxious Fumes","floor":6},{"not_picked":["Storm of Steel","Grand Finale+1"],"picked":"ReplayTheSpireMod:Necrosis","floor":16},{"not_picked":["Bouncing Flask+1","Leg Sweep+1"],"picked":"Blade Dance+1","floor":27},{"not_picked":["Fluid Movement+1","Acrobatics+1"],"picked":"conspire:DoublingDagger+1","floor":29},{"not_picked":["Grand Finale","Venomology","ReplayTheSpireMod:Necrosis"],"picked":"SKIP","floor":29},{"not_picked":["Tools of the Trade","Grand Finale+1"],"picked":"Envenom","floor":33}],"player_experience":1508797,"relics_obtained":[{"floor":1,"key":"Art of War"},{"floor":2,"key":"Molten Egg 2"},{"floor":4,"key":"Tiny Chest"},{"floor":5,"key":"Blood Vial"},{"floor":6,"key":"infinitespire:BottledMercury"},{"floor":8,"key":"aspiration:StickyExplosives_weak"},{"floor":9,"key":"Akabeko"},{"floor":10,"key":"Replay:WaspNest"},{"floor":12,"key":"Chameleon Ring"},{"floor":14,"key":"conspire:DecoderRing"},{"floor":18,"key":"Replay:Ringing Soul"},{"floor":21,"key":"MealTicket"},{"floor":24,"key":"War Paint"},{"floor":26,"key":"Toxic Egg 2"},{"floor":27,"key":"Kunai"},{"floor":29,"key":"Turnip"},{"floor":30,"key":"Replay:Bottled Eggs"},{"floor":31,"key":"aspiration:HiddenCompartment"},{"floor":35,"key":"Pen Nib"},{"floor":36,"key":"Mercury Hourglass"},{"floor":37,"key":"vexMod:PlasmaPancake"}],"event_choices":[{"damage_healed":0,"gold_gain":0,"player_choice":"Leave","damage_taken":0,"max_hp_gain":0,"max_hp_loss":0,"event_name":"conspire:Investor","floor":13,"gold_loss":0},{"damage_healed":0,"gold_gain":0,"player_choice":"Ignored","damage_taken":0,"max_hp_gain":0,"max_hp_loss":0,"event_name":"Ghosts","floor":19,"gold_loss":0},{"damage_healed":23,"gold_gain":0,"player_choice":"Heal","damage_taken":0,"max_hp_gain":0,"max_hp_loss":0,"event_name":"The Library","floor":20,"gold_loss":0},{"damage_healed":0,"gold_gain":0,"player_choice":"Opened","damage_taken":0,"relics_obtained":["Toy Ornithopter"],"max_hp_gain":0,"max_hp_loss":0,"event_name":"The Mausoleum","floor":22,"gold_loss":0},{"damage_healed":0,"gold_gain":0,"player_choice":"Traded Relic","damage_taken":0,"relics_obtained":["Nloth\u0027s Gift"],"max_hp_gain":0,"max_hp_loss":0,"event_name":"N\u0027loth","floor":25,"relics_lost":["Replay:Kaleidoscope"],"gold_loss":0},{"damage_healed":0,"gold_gain":0,"player_choice":"Took Portal","damage_taken":0,"max_hp_gain":0,"max_hp_loss":0,"event_name":"SecretPortal","floor":39,"gold_loss":0}],"is_beta":false,"boss_relics":[{"not_picked":["Kintsugi","Snecko Heart"],"picked":"HoveringKite"},{"not_picked":["Runic Dome","SacredBark"],"picked":"Philosopher\u0027s Stone"}],"items_purged_floors":[],"is_endless":false,"potions_floor_spawned":[1,4,8,18,29,31,33,36],"killed_by":"Donu and Deca","ascension_level":0}}