{"host":"tg03ipq50zwyd5lj","time":1609943930,"event":{"mods":["2.2 Compatiblity","Act Like it!","BaseMod","Better Third Choice","BetterRewards","Block Reminder","Conspire","Defuse TimeMaze Blight","Downfall","Ekko","Evolution","Gold Saver","Hubris","Kratos Character Expansion","Minty Spire (QoL Compilation)","Relic Stats","Replay The Spire","Robot Space Explorer","Shedinja","StSLib","The Alterego","The Construct","The Exalted","The Marked","TheSwordswoman","WarShipGirlsR/????R mod","vexMod"],"gold_per_floor":[109,127,137,153,170,170,170,182,182,199,212,135,154,167,167,270,270,282,302,40,51,63,63,79,95,95,95,95,107,124,138,138,240,240,256,276,289,307,319,319,331,350,350,162,12,12,25,40,40,40,40,40],"floor_reached":50,"playtime":1851,"items_purged":[],"score":531,"play_id":"ff78587b-73c4-43b9-856f-8dab6bfab4b3","local_time":"20210107003850","daily_mods":["Vintage","Heirloom","Time Dilation","Flight","downfall:Lament"],"is_ascension_mode":false,"campfire_choices":[{"data":"champ:Taunt","floor":6,"key":"SMITH"},{"data":"champ:Execute","floor":7,"key":"SMITH"},{"data":"champ:IronFortress","floor":15,"key":"SMITH"},{"data":"champ:CalledShot","floor":23,"key":"SMITH"},{"data":"champ:LastStand","floor":27,"key":"SMITH"},{"floor":28,"key":"REST"},{"floor":32,"key":"DIG"},{"data":"champ:MurderStrike","floor":40,"key":"SMITH"},{"data":"champ:EndlessRage","floor":46,"key":"SMITH"},{"floor":49,"key":"REST"}],"circlet_count":0,"master_deck":["champ:Strike","champ:Strike","champ:Strike","champ:Strike+1","champ:Defend","champ:Defend","champ:Defend","champ:Defend","champ:Execute+1","champ:Taunt+1","champ:IronFortress+1","champ:LastStand+1","champ:CalledShot+1","champ:MurderStrike+1","champ:EndlessRage+1"],"relics":["champ:ChampionCrown","EVO:Axolotl","NeowsBlessing","conspire:GlowingRock","hexamod:BolsterEngine","Singing Bowl","StrikeDummy","ReplayTheSpireMod:TigerMarble","Turnip","Gremlin Horn","HornCleat","conspire:DecoderRing","Strawberry","ReplayTheSpireMod:Ninjato","sneckomod:SneckoTalon","vexMod:PlasmaPancake","Membership Card","sneckomod:BlankCard","Shuriken","conspire:Boomerang","Tiny Chest","conspire:Dentures","Bromod:ArcaneTrickery","vexMod:MemoryStick","Anchor","Art of War","vexMod:Dragonfruit","Onion Ring","Iron Hammer","Happy Flower","Molten Egg 2","Pantograph","Nunchaku","hubris:CuriousFeather","conspire:BottledYoYo","Bronze Scales","Gremlin Food","Bromod:ArcaneMomentum","Centennial Puzzle","Juzu Bracelet","vexMod:FocusSash"],"acts_visited":["Exordium","TheCity","TheBeyond"],"potions_floor_usage":[33,33,33,50,50,50],"damage_taken":[{"damage":0,"enemies":"Cultist","floor":1,"turns":1},{"damage":0,"enemies":"Jaw Worm","floor":2,"turns":1},{"damage":5,"enemies":"2 Louse","floor":3,"turns":1},{"damage":14,"enemies":"Looter","floor":4,"turns":5},{"damage":17,"enemies":"Exordium Wildlife","floor":5,"turns":6},{"damage":15,"enemies":"conspire:2 RoseBushes","floor":8,"turns":5},{"damage":7,"enemies":"3 Louse","floor":10,"turns":3},{"damage":5,"enemies":"Exordium Thugs","floor":11,"turns":2},{"damage":5,"enemies":"Blue Slaver","floor":13,"turns":3},{"damage":20,"enemies":"Large Slime","floor":14,"turns":5},{"damage":44,"enemies":"Fading Forest","floor":16,"turns":11},{"damage":23,"enemies":"conspire:FuzzyDice","floor":18,"turns":5},{"damage":14,"enemies":"2 Thieves","floor":19,"turns":2},{"damage":20,"enemies":"Shelled Parasite and Fungi","floor":21,"turns":4},{"damage":21,"enemies":"Snake Plant","floor":22,"turns":4},{"damage":5,"enemies":"Cultist and Chosen","floor":24,"turns":3},{"damage":20,"enemies":"Centurion and Healer","floor":25,"turns":2},{"damage":22,"enemies":"Snecko","floor":29,"turns":4},{"damage":5,"enemies":"Snake Plant","floor":30,"turns":2},{"damage":5,"enemies":"Centurion and Healer","floor":31,"turns":3},{"damage":48,"enemies":"Collector","floor":33,"turns":10},{"damage":5,"enemies":"Orb Walker","floor":35,"turns":3},{"damage":45,"enemies":"3 Darklings","floor":36,"turns":6},{"damage":67,"enemies":"Maw","floor":37,"turns":8},{"damage":6,"enemies":"4 Shapes","floor":38,"turns":1},{"damage":5,"enemies":"3 Darklings","floor":39,"turns":3},{"damage":15,"enemies":"Spire Growth","floor":41,"turns":3},{"damage":0,"enemies":"4 Shapes","floor":42,"turns":1},{"damage":5,"enemies":"Writhing Mass","floor":47,"turns":1},{"damage":5,"enemies":"Sphere and 2 Shapes","floor":48,"turns":1},{"damage":126,"enemies":"Time Eater","floor":50,"turns":11}],"seed_played":"-6555630041991985681","potions_obtained":[{"floor":3,"key":"Regen Potion"},{"floor":4,"key":"champ:TechniquePotion"},{"floor":5,"key":"Energy Potion"},{"floor":37,"key":"Weak Potion"},{"floor":39,"key":"AttackPotion"},{"floor":42,"key":"DistilledChaos"}],"is_trial":true,"path_per_floor":["M","M","M","M","M","R","R","M","T","M","M","$","M","M","R","B",null,"M","M","$","M","M","R","M","M","T","R","R","M","M","M","R","B",null,"M","M","M","M","M","R","M","M","T","$","$","R","M","M","R","B"],"character_chosen":"THE_CHAMP","items_purchased":["champ:IronFortress","Membership Card","sneckomod:BlankCard","champ:CalledShot","Bronze Scales","Gremlin Food","champ:EndlessRage","Bromod:ArcaneMomentum","Centennial Puzzle"],"campfire_rested":2,"item_purchase_floors":[12,20,20,20,44,44,44,45,45],"current_hp_per_floor":[90,90,90,84,82,82,82,77,77,75,75,75,82,72,72,63,97,88,74,74,64,48,48,48,48,48,48,78,61,61,61,66,82,108,108,84,35,39,39,39,29,29,29,29,29,29,29,29,61,0,0,0],"gold":40,"neow_bonus":"","is_daily":false,"chose_seed":false,"campfire_upgraded":7,"win_rate":0.0,"timestamp":1609943930,"path_taken":["M","M","M","M","M","R","R","M","T","M","M","$","M","M","R","BOSS","M","M","$","M","M","R","M","M","T","R","R","M","M","M","R","BOSS","M","M","M","M","M","R","M","M","T","$","$","R","M","M","R","BOSS"],"items_purchased_type":["Card","Relic","Relic","Card","Relic","Relic","Card","Relic","Relic"],"build_version":"2020-12-22","purchased_purges":0,"victory":false,"max_hp_per_floor":[90,90,90,90,90,90,90,90,90,90,90,90,97,97,97,97,97,103,103,103,103,103,103,103,103,103,103,103,103,103,103,108,108,108,108,108,108,108,108,108,108,108,108,108,108,108,108,108,108,108,108,108],"relic_stats":{"Singing Bowl":0,"Gremlin Horn":[32,32],"Happy Flower":[7],"counters":[31,120],"Juzu Bracelet":0,"Nunchaku":[2],"Centennial Puzzle":[9],"Shuriken":[26],"Pantograph":25,"Bronze Scales":[42],"Tiny Chest":0,"Turnip":[12],"Art of War":[2],"obtain_stats":[{"vexMod:PlasmaPancake":18,"vexMod:MemoryStick":29,"Singing Bowl":2,"Gremlin Horn":9,"sneckomod:BlankCard":20,"champ:ChampionCrown":0,"Juzu Bracelet":47,"EVO:Axolotl":0,"conspire:GlowingRock":0,"Nunchaku":41,"Centennial Puzzle":45,"HornCleat":10,"Bromod:ArcaneTrickery":26,"conspire:DecoderRing":11,"Strawberry":13,"Pantograph":39,"Tiny Chest":24,"Iron Hammer":36,"hubris:CuriousFeather":42,"conspire:Dentures":25,"Gremlin Food":44,"ReplayTheSpireMod:Ninjato":14,"NeowsBlessing":0,"Happy Flower":37,"conspire:Boomerang":22,"vexMod:FocusSash":48,"sneckomod:SneckoTalon":17,"Bromod:ArcaneMomentum":45,"vexMod:Dragonfruit":32,"Anchor":30,"Shuriken":21,"Bronze Scales":44,"Onion Ring":35,"Molten Egg 2":38,"Turnip":8,"ReplayTheSpireMod:TigerMarble":5,"Art of War":31,"conspire:BottledYoYo":43,"Membership Card":20,"hexamod:BolsterEngine":1,"StrikeDummy":3},{"vexMod:PlasmaPancake":12,"vexMod:MemoryStick":18,"Singing Bowl":2,"Gremlin Horn":6,"sneckomod:BlankCard":13,"champ:ChampionCrown":0,"Juzu Bracelet":29,"EVO:Axolotl":0,"conspire:GlowingRock":0,"Nunchaku":27,"Centennial Puzzle":28,"HornCleat":7,"Bromod:ArcaneTrickery":17,"conspire:DecoderRing":8,"Strawberry":9,"Pantograph":26,"Tiny Chest":16,"Iron Hammer":23,"hubris:CuriousFeather":28,"conspire:Dentures":17,"Gremlin Food":28,"ReplayTheSpireMod:Ninjato":10,"NeowsBlessing":0,"Happy Flower":24,"conspire:Boomerang":15,"vexMod:FocusSash":30,"sneckomod:SneckoTalon":11,"Bromod:ArcaneMomentum":28,"vexMod:Dragonfruit":20,"Anchor":19,"Shuriken":14,"Bronze Scales":28,"Onion Ring":22,"Molten Egg 2":25,"Turnip":6,"ReplayTheSpireMod:TigerMarble":5,"Art of War":20,"conspire:BottledYoYo":28,"Membership Card":13,"hexamod:BolsterEngine":1,"StrikeDummy":3},{"vexMod:PlasmaPancake":48,"vexMod:MemoryStick":67,"Singing Bowl":2,"Gremlin Horn":19,"sneckomod:BlankCard":50,"champ:ChampionCrown":0,"Juzu Bracelet":108,"EVO:Axolotl":0,"conspire:GlowingRock":0,"Nunchaku":106,"Centennial Puzzle":107,"HornCleat":22,"Bromod:ArcaneTrickery":63,"conspire:DecoderRing":24,"Strawberry":27,"Pantograph":103,"Tiny Chest":61,"Iron Hammer":91,"hubris:CuriousFeather":107,"conspire:Dentures":63,"Gremlin Food":107,"ReplayTheSpireMod:Ninjato":32,"NeowsBlessing":0,"Happy Flower":99,"conspire:Boomerang":58,"vexMod:FocusSash":109,"sneckomod:SneckoTalon":43,"Bromod:ArcaneMomentum":107,"vexMod:Dragonfruit":72,"Anchor":69,"Shuriken":54,"Bronze Scales":107,"Onion Ring":85,"Molten Egg 2":100,"Turnip":19,"ReplayTheSpireMod:TigerMarble":14,"Art of War":72,"conspire:BottledYoYo":107,"Membership Card":50,"hexamod:BolsterEngine":1,"StrikeDummy":3}]},"card_choices":[{"not_picked":["champ:ShieldSlam","champ:HeavySlash"],"picked":"champ:LastStand","floor":16},{"not_picked":["champ:SteelEdge","champ:LastStand"],"picked":"champ:MurderStrike","floor":33}],"player_experience":418388,"relics_obtained":[{"floor":1,"key":"hexamod:BolsterEngine"},{"floor":2,"key":"Singing Bowl"},{"floor":3,"key":"StrikeDummy"},{"floor":5,"key":"ReplayTheSpireMod:TigerMarble"},{"floor":8,"key":"Turnip"},{"floor":9,"key":"Gremlin Horn"},{"floor":10,"key":"HornCleat"},{"floor":11,"key":"conspire:DecoderRing"},{"floor":13,"key":"Strawberry"},{"floor":14,"key":"ReplayTheSpireMod:Ninjato"},{"floor":18,"key":"vexMod:PlasmaPancake"},{"floor":21,"key":"Shuriken"},{"floor":22,"key":"conspire:Boomerang"},{"floor":24,"key":"Tiny Chest"},{"floor":25,"key":"conspire:Dentures"},{"floor":26,"key":"Bromod:ArcaneTrickery"},{"floor":29,"key":"vexMod:MemoryStick"},{"floor":30,"key":"Anchor"},{"floor":31,"key":"Art of War"},{"floor":32,"key":"vexMod:Dragonfruit"},{"floor":35,"key":"Onion Ring"},{"floor":36,"key":"Iron Hammer"},{"floor":37,"key":"Happy Flower"},{"floor":38,"key":"Molten Egg 2"},{"floor":39,"key":"Pantograph"},{"floor":41,"key":"Nunchaku"},{"floor":42,"key":"hubris:CuriousFeather"},{"floor":43,"key":"conspire:BottledYoYo"},{"floor":47,"key":"Juzu Bracelet"},{"floor":48,"key":"vexMod:FocusSash"}],"event_choices":[],"is_beta":false,"boss_relics":[{"not_picked":["Ring of Chaos","Astrolabe"],"picked":"sneckomod:SneckoTalon"},{"not_picked":["Runic Pyramid","conspire:SeveredTorchhead","Replay:Ancient Bell"]}],"items_purged_floors":[],"is_endless":true,"potions_floor_spawned":[3,4,5,13,16,18,21,25,31,36,37,39,42,47],"killed_by":"Time Eater","ascension_level":0}}