{"host":"9n6i2vl93jt4o42q","time":1609977149,"event":{"mods":["BaseMod","Downfall","Minty Spire (QoL Compilation)","Relic Stats","StSLib"],"gold_per_floor":[99,99,99,99,99,99,99,99,99,99,99,99,99,99,99,99,99,99,99,99,9,9,9,9,9,9,9,9,9,9,9,9,9,9,9,9,9,9,9,9,9,9,9,9,9,9,9,9,9,9],"floor_reached":51,"playtime":4385,"items_purged":["Slimebound:Icky"],"score":1050,"play_id":"55649665-77c7-4657-ba3a-731a6d6373d4","local_time":"20210107005229","is_ascension_mode":true,"campfire_choices":[{"data":"Guardian:CurlUp","floor":1,"key":"SMITH"},{"data":"Guardian:DonusPower","floor":9,"key":"SMITH"},{"floor":18,"key":"RECALL"},{"data":"Guardian:BronzeArmor","floor":23,"key":"SMITH"},{"data":"Guardian:Harden","floor":25,"key":"SMITH"},{"data":"Guardian:DecasProtection","floor":28,"key":"SMITH"},{"data":"Guardian:PolyBeam","floor":30,"key":"SMITH"},{"data":"Guardian:SentryBeam","floor":35,"key":"SMITH"}],"circlet_count":0,"master_deck":["Guardian:Strike_Guardian+1","Guardian:Defend_Guardian","Guardian:Defend_Guardian","Guardian:CurlUp+1","Guardian:TwinSlam","Guardian:DonusPower+1","Guardian:Recover","Guardian:ChargeUp","Guardian:Harden+1","Guardian:ChargeCore+1","Guardian:BronzeArmor+1","Guardian:Preprogram","Guardian:PiercingHide","Guardian:SentryBeam+1","Guardian:WalkerClaw+1","Guardian:FloatingOrbs+1","Guardian:SentryBeam+1","Guardian:Planning","J.A.X.","Guardian:DecasProtection+1","Guardian:PolyBeam+1","Guardian:TemporalShield","Guardian:TemporalShield","Guardian:Gem_White","Guardian:BronzeArmor+1","Guardian:Incinerate","Guardian:DonusPower+1","Guardian:Gem_Red","Guardian:RevengeProtocol","Guardian:MultiBeam+1"],"relics":["downfall:Hecktoplasm","Sundial","downfall:HeartBlessingBlue","Gremlin Horn","Odd Mushroom","Astrolabe","downfall:HeartBlessingGreen","Nloth\u0027s Gift","downfall:HeartBlessingRed","MutagenicStrength","Bronze Scales","Coffee Dripper","Dead Branch","Torii","Mango","Strawberry"],"acts_visited":["Exordium","TheCity","TheBeyond"],"potions_floor_usage":[36,40],"damage_taken":[{"damage":0,"enemies":"Small Slimes","floor":2,"turns":3},{"damage":0,"enemies":"2 Louse","floor":3,"turns":3},{"damage":0,"enemies":"Jaw Worm","floor":4,"turns":3},{"damage":1,"enemies":"Exordium Thugs","floor":5,"turns":4},{"damage":4,"enemies":"3 Sentries","floor":8,"turns":4},{"damage":27,"enemies":"Gremlin Nob","floor":10,"turns":5},{"damage":4,"enemies":"Large Slime","floor":11,"turns":3},{"damage":14,"enemies":"3 Sentries","floor":12,"turns":8},{"damage":0,"enemies":"3 Louse","floor":13,"turns":4},{"damage":10,"enemies":"The Mushroom Lair","floor":14,"turns":5},{"damage":1,"enemies":"Exordium Wildlife","floor":15,"turns":2},{"damage":4,"enemies":"downfall:Watcher","floor":16,"turns":11},{"damage":0,"enemies":"Spheric Guardian","floor":19,"turns":4},{"damage":0,"enemies":"downfall:FleeingMerchant","floor":21,"turns":4},{"damage":2,"enemies":"downfall:Augmenter","floor":26,"turns":4},{"damage":0,"enemies":"Gremlin Leader","floor":27,"turns":5},{"damage":0,"enemies":"3 Byrds","floor":29,"turns":2},{"damage":4,"enemies":"Snake Plant","floor":32,"turns":3},{"damage":0,"enemies":"downfall:Defect","floor":33,"turns":6},{"damage":0,"enemies":"3 Darklings","floor":36,"turns":3},{"damage":0,"enemies":"3 Shapes","floor":38,"turns":3},{"damage":9,"enemies":"Jaw Worm Horde","floor":39,"turns":4},{"damage":4,"enemies":"Transient","floor":40,"turns":5},{"damage":0,"enemies":"Mind Bloom Boss Battle","floor":42,"turns":4},{"damage":0,"enemies":"Writhing Mass","floor":45,"turns":3},{"damage":9,"enemies":"2 Orb Walkers","floor":46,"turns":3},{"damage":1,"enemies":"Jaw Worm Horde","floor":47,"turns":3},{"damage":0,"enemies":"Giant Head","floor":48,"turns":6},{"damage":0,"enemies":"Spire Growth","floor":49,"turns":3},{"damage":4,"enemies":"downfall:Ironclad","floor":50,"turns":8}],"seed_played":"8128999039445931742","potions_obtained":[{"floor":3,"key":"sneckomod:MuddlingPotion"},{"floor":4,"key":"Fire Potion"},{"floor":8,"key":"Strength Potion"},{"floor":11,"key":"Weak Potion"},{"floor":37,"key":"Guardian:AcceleratePotion"},{"floor":40,"key":"DistilledChaos"}],"is_trial":false,"path_per_floor":["R","M","M","M","M","?","T","E","R","E","M","E","M","?","M","B",null,"R","M","?","$","?","R","T","R","?","E","R","M","R","?","M","B",null,"R","M","?","M","M","M","T","?","?","?","M","?","M","E","M","B",null],"character_chosen":"GUARDIAN","items_purchased":[],"campfire_rested":0,"item_purchase_floors":[],"current_hp_per_floor":[72,72,72,72,71,71,71,67,77,50,46,32,32,22,21,17,72,72,72,72,72,72,72,72,72,70,70,70,70,70,70,66,66,84,84,84,84,84,75,71,71,71,71,71,71,76,75,82,82,78],"gold":9,"neow_bonus":"BOSS_RELIC","is_daily":false,"chose_seed":false,"campfire_upgraded":7,"win_rate":0.0,"timestamp":1609977149,"path_taken":["R","M","M","M","M","?","T","E","R","E","M","E","M","?","M","BOSS","R","M","?","?","?","R","T","R","?","E","R","M","R","?","M","BOSS","R","M","?","M","?","M","T","?","?","?","?","?","M","E","M","BOSS"],"items_purchased_type":[],"build_version":"2020-12-22","purchased_purges":1,"victory":true,"max_hp_per_floor":[80,80,80,80,80,80,80,80,90,90,90,90,90,90,90,90,90,90,90,90,90,90,90,90,90,90,90,90,90,90,90,90,90,90,90,90,90,90,90,90,90,90,90,90,90,104,104,111,111,111],"relic_stats":{"Gremlin Horn":[22,22],"Torii":4,"counters":[30,128],"Sundial":[14],"Astrolabe":["Guardian:SentryBeam","Guardian:WalkerClaw","Guardian:FloatingOrbs"],"Bronze Scales":[161],"Dead Branch":[81],"Nloth\u0027s Gift":4,"obtain_stats":[{"Darkstone Periapt":12,"Gremlin Horn":10,"downfall:HeartBlessingRed":23,"Torii":42,"Astrolabe":17,"Dead Branch":41,"Guardian:ModeShifter":0,"downfall:HeartBlessingGreen":18,"Mango":46,"Whetstone":24,"Odd Mushroom":14,"Sundial":8,"downfall:HeartBlessingBlue":9,"MutagenicStrength":26,"Bronze Scales":27,"Strawberry":48,"downfall:Hecktoplasm":0,"Nloth\u0027s Gift":20,"Coffee Dripper":34},{"Darkstone Periapt":8,"Gremlin Horn":6,"downfall:HeartBlessingRed":14,"Torii":24,"Astrolabe":12,"Dead Branch":23,"Guardian:ModeShifter":0,"downfall:HeartBlessingGreen":12,"Mango":26,"Whetstone":14,"Odd Mushroom":10,"Sundial":5,"downfall:HeartBlessingBlue":5,"MutagenicStrength":15,"Bronze Scales":16,"Strawberry":28,"downfall:Hecktoplasm":0,"Nloth\u0027s Gift":13,"Coffee Dripper":19},{"Darkstone Periapt":33,"Gremlin Horn":22,"downfall:HeartBlessingRed":63,"Torii":102,"Astrolabe":55,"Dead Branch":98,"Guardian:ModeShifter":0,"downfall:HeartBlessingGreen":55,"Mango":108,"Whetstone":63,"Odd Mushroom":42,"Sundial":17,"downfall:HeartBlessingBlue":17,"MutagenicStrength":67,"Bronze Scales":72,"Strawberry":117,"downfall:Hecktoplasm":0,"Nloth\u0027s Gift":59,"Coffee Dripper":83}]},"card_choices":[{"not_picked":["Guardian:Planning","Guardian:MultiBeam"],"picked":"Guardian:Gem_Blue","floor":2},{"not_picked":["Guardian:ArmoredProtocol","Guardian:Harden"],"picked":"Guardian:DonusPower","floor":3},{"not_picked":["Guardian:TemporalStrike","Guardian:Gem_Lightblue"],"picked":"Guardian:Recover","floor":4},{"not_picked":["Guardian:Recover","Guardian:DonusPower"],"picked":"Guardian:ChargeUp","floor":5},{"not_picked":["Guardian:TemporalStrike","Guardian:TimeBomb"],"picked":"Guardian:Harden","floor":8},{"not_picked":["Guardian:Planning","Guardian:Gem_Blue"],"picked":"Guardian:ChargeCore","floor":10},{"not_picked":["Guardian:BronzeOrb","Guardian:Gem_Green"],"picked":"Guardian:BronzeArmor","floor":11},{"not_picked":["Guardian:PrimingBeam","Guardian:ChargeCore"],"picked":"Guardian:Preprogram","floor":12},{"not_picked":["Guardian:Emergency","Guardian:Gem_Lightblue"],"picked":"Guardian:PiercingHide","floor":13},{"not_picked":["Guardian:Emergency","Guardian:Repulse"],"picked":"Guardian:Gem_Red","floor":15},{"not_picked":["Guardian:FastForward","Guardian:TimeSifter"],"picked":"Guardian:Gem_Orange","floor":16},{"not_picked":["Guardian:Reroute","Guardian:Gem_Lightblue","Guardian:VentSteam"],"picked":"SKIP","floor":19},{"not_picked":["Guardian:Preprogram","Guardian:VentSteam","Guardian:WalkerClaw"],"picked":"SKIP","floor":21},{"not_picked":["Guardian:PrimingBeam","Guardian:ShieldSpikes"],"picked":"Guardian:ArmoredProtocol","floor":26},{"not_picked":[],"picked":"J.A.X.","floor":26},{"not_picked":["Guardian:BronzeArmor","Guardian:RollAttack+1"],"picked":"Guardian:DecasProtection","floor":27},{"not_picked":["Guardian:TimeCapacitor+1","Guardian:CrystalBeam"],"picked":"Guardian:PolyBeam","floor":29},{"not_picked":["Guardian:Gem_Cyan","Guardian:PolyBeam"],"picked":"Guardian:Gem_Yellow","floor":32},{"not_picked":["Guardian:ConstructionForm","Guardian:FierceBash"],"picked":"Guardian:Gem_Synthetic","floor":33},{"not_picked":["Guardian:Planning","Guardian:Gem_Green"],"picked":"Guardian:TemporalShield","floor":36},{"not_picked":["Guardian:RollAttack+1","Guardian:BronzeOrb"],"picked":"Guardian:TemporalShield","floor":38},{"not_picked":["Guardian:Reroute+1","Guardian:Gem_Lightblue"],"picked":"Guardian:Gem_White","floor":39},{"not_picked":["Guardian:VentSteam","Guardian:Preprogram+1"],"picked":"Guardian:BronzeArmor+1","floor":40},{"not_picked":["Guardian:StasisField","Guardian:BronzeOrb"],"picked":"Guardian:Incinerate","floor":42},{"not_picked":["Guardian:Incinerate+1","Guardian:Harden"],"picked":"Guardian:DonusPower+1","floor":45},{"not_picked":["Guardian:CompilePackage","Guardian:Harden+1"],"picked":"Guardian:Gem_Red","floor":46},{"not_picked":["Guardian:Gem_Blue","Guardian:Gem_Cyan","Guardian:WalkerClaw+1"],"picked":"SKIP","floor":47},{"not_picked":["Guardian:StasisStrike","Guardian:Gem_Red"],"picked":"Guardian:RevengeProtocol","floor":48},{"not_picked":["Guardian:Reroute","Guardian:HyperBeam_Guardian"],"picked":"Guardian:MultiBeam+1","floor":49}],"player_experience":2185691,"relics_obtained":[{"floor":8,"key":"Sundial"},{"floor":10,"key":"Gremlin Horn"},{"floor":12,"key":"Darkstone Periapt"},{"floor":14,"key":"Odd Mushroom"},{"floor":24,"key":"Whetstone"},{"floor":26,"key":"MutagenicStrength"},{"floor":27,"key":"Bronze Scales"},{"floor":41,"key":"Dead Branch"},{"floor":42,"key":"Torii"},{"floor":46,"key":"Mango"},{"floor":48,"key":"Strawberry"}],"event_choices":[{"damage_healed":0,"gold_gain":0,"player_choice":"Fought Mushrooms","damage_taken":0,"max_hp_gain":0,"max_hp_loss":0,"event_name":"Mushrooms","floor":14,"gold_loss":0},{"damage_healed":0,"gold_gain":0,"player_choice":"Ignored","damage_taken":0,"max_hp_gain":0,"max_hp_loss":0,"event_name":"Vampires","floor":31,"gold_loss":0},{"cards_removed":["Guardian:ArmoredProtocol"],"damage_healed":0,"gold_gain":0,"player_choice":"Removed Power","damage_taken":0,"max_hp_gain":0,"max_hp_loss":0,"event_name":"Falling","floor":43,"gold_loss":0},{"damage_healed":0,"gold_gain":0,"player_choice":"Fight","damage_taken":0,"max_hp_gain":0,"max_hp_loss":0,"event_name":"Mysterious Sphere","floor":46,"gold_loss":0}],"is_beta":false,"boss_relics":[{"not_picked":["Philosopher\u0027s Stone","Snecko Eye"],"picked":"Astrolabe"},{"not_picked":["SlaversCollar","Busted Crown"],"picked":"Coffee Dripper"}],"items_purged_floors":[21],"is_endless":false,"potions_floor_spawned":[3,4,8,11,12,19,32,33,40,45,48],"ascension_level":6}}