{"host":"g5fmetnswx4f9rhi","time":1609910562,"event":{"mods":["Act Like it!","BaseMod","Conspire","Downfall","Gensokyo","GifTheSpireLib","Halation","Hallownest","Hubris","Koishi","LagranYue(???·?)","Mari Mod (Legacy)","Mari\u0027s V1 Patch","Marisa????????","Mimic Mod","Minty Spire (QoL Compilation)","Railgun Mod","Remilia??????","Replay The Spire","StSLib","The Administrix","The Alterego","The Animator","The Bladedancer","The Bug Knight","The Cursed","The Jungle","The Senshi","The Servant 0.9.4","TheFirefly"],"gold_per_floor":[118,43,43,58,71,71,102,112,135,135,60,75,93,118,118,118,118],"floor_reached":16,"playtime":2853,"items_purged":["TheRailgun:Strike"],"score":112,"play_id":"32a237a3-d4c5-4e5c-8d1d-c88bbfe332dc","local_time":"20210105232242","is_ascension_mode":false,"campfire_choices":[{"data":"TheRailgun:Zip","floor":6,"key":"SMITH"},{"data":"TheRailgun:Positive_Field","floor":10,"key":"SMITH"},{"floor":15,"key":"REST"}],"circlet_count":0,"master_deck":["TheRailgun:Strike","TheRailgun:Strike","TheRailgun:Strike","TheRailgun:Defend","TheRailgun:Defend","TheRailgun:Defend","TheRailgun:Defend","TheRailgun:Discharge","TheRailgun:Static","TheRailgun:Zip+1","TheRailgun:Sister_Network","TheRailgun:Crackle","TheRailgun:Positive_Field+1","TheRailgun:Railgun","TheRailgun:Coin_Flip","TheRailgun:Aerial_Shot","TheRailgun:Lightning_Speed","TheRailgun:Crack","TheRailgun:Stun_Shock"],"relics":["TheRailgun:CoinRelic","LagranYue:RandomDrawCardRelic","Hallownest:DreamNailRelic","halation:LettersToHer","Vajra","halation:BlackBeret"],"acts_visited":["Hallownest:Greenpath"],"potions_floor_usage":[13,16],"damage_taken":[{"damage":2,"enemies":"Hallownest:monsterHuskGuard","floor":1,"turns":4},{"damage":6,"enemies":"2_ Uuma","floor":4,"turns":6},{"damage":1,"enemies":"Hallownest:monsterHuskWarrior","floor":5,"turns":4},{"damage":23,"enemies":"Hallownest:eliteMossKnight","floor":7,"turns":15},{"damage":1,"enemies":"Hallownest:Wandering_and_Horned","floor":8,"turns":4},{"damage":0,"enemies":"Hallownest:monsterAspidMother","floor":12,"turns":3},{"damage":0,"enemies":"Hallownest:MossCreep_and_Mosskin","floor":13,"turns":4},{"damage":14,"enemies":"Hallownest:eliteCrystalGuardian","floor":14,"turns":5},{"damage":70,"enemies":"Hallownest:BossHornet","floor":16,"turns":4}],"seed_played":"-1884582436922587914","potions_obtained":[{"floor":8,"key":"SkillPotion"},{"floor":13,"key":"Swift Potion"},{"floor":14,"key":"AttackPotion"}],"is_trial":false,"path_per_floor":["M","$","?","M","M","R","E","M","T","R","$","M","M","E","R","B"],"character_chosen":"THE_DEFAULT","items_purchased":["TheRailgun:Aerial_Shot"],"campfire_rested":1,"item_purchase_floors":[11],"current_hp_per_floor":[75,75,75,69,68,68,45,44,44,44,44,44,44,30,53,0,0],"gold":118,"neow_bonus":"TEN_PERCENT_HP_BONUS","is_daily":false,"chose_seed":false,"campfire_upgraded":2,"win_rate":0.0,"timestamp":1609910562,"path_taken":["M","$","?","M","M","R","E","?","T","R","$","M","M","E","R","BOSS"],"items_purchased_type":["Card"],"build_version":"2020-12-22","purchased_purges":1,"victory":false,"max_hp_per_floor":[77,77,77,77,77,77,77,77,77,77,77,77,77,77,77,77,77],"card_choices":[{"not_picked":["TheRailgun:Thunderjolt","TheRailgun:Iron_Dust_Sword"],"picked":"TheRailgun:Sister_Network","floor":1},{"not_picked":["TheRailgun:Aerial_Shot","TheRailgun:Electric_Fence"],"picked":"TheRailgun:Crackle","floor":4},{"not_picked":["TheRailgun:Electric_Fence","TheRailgun:Crackle"],"picked":"TheRailgun:Positive_Field","floor":5},{"not_picked":["TheRailgun:Gekota_Phone","TheRailgun:Iron_Dust_Field"],"picked":"TheRailgun:Railgun","floor":7},{"not_picked":["TheRailgun:Lightningbolt","TheRailgun:Iron_Dust_Field"],"picked":"TheRailgun:Coin_Flip","floor":8},{"not_picked":["TheRailgun:Iron_Dust_Shield","TheRailgun:Taser"],"picked":"TheRailgun:Lightning_Speed","floor":12},{"not_picked":["TheRailgun:Stun_Shock","TheRailgun:Static"],"picked":"TheRailgun:Crack","floor":13},{"not_picked":["TheRailgun:Hypercharge","TheRailgun:Taser"],"picked":"TheRailgun:Stun_Shock","floor":14}],"player_experience":7995,"relics_obtained":[{"floor":7,"key":"halation:LettersToHer"},{"floor":9,"key":"halation:LettersToHer"},{"floor":9,"key":"Vajra"},{"floor":14,"key":"halation:BlackBeret"}],"event_choices":[],"is_beta":false,"boss_relics":[],"items_purged_floors":[2],"is_endless":false,"potions_floor_spawned":[1,8,13,14],"killed_by":"Hallownest:BossHornet","ascension_level":0}}