{"host":"kh6fvhxn285ncg0o","time":1609956663,"event":{"mods":["Act Like it!","BaseMod","Colored Map","Friendly Minions","Keyboard Shortcuts","Minty Spire (QoL Compilation)","Quick Restart","Relic Stats","StSLib","SuperFastMode"],"gold_per_floor":[119,119,142,142,142,142,177,177,177,208,232,232,273,287,287,287,287],"floor_reached":16,"playtime":318,"items_purged":[],"score":286,"play_id":"59e13d5e-25c7-4c75-b2e5-39e665f5cdc7","local_time":"20210107031103","is_ascension_mode":true,"campfire_choices":[{"data":"Uppercut","floor":6.0,"key":"SMITH"},{"floor":8.0,"key":"REST"},{"data":"Disarm","floor":15,"key":"SMITH"}],"circlet_count":0,"master_deck":["AscendersBane","Strike_R","Strike_R","Strike_R","Strike_R","Defend_R","Defend_R","Defend_R","Defend_R","Bash","Uppercut+1","Feed","Dark Embrace","Disarm+1"],"relics":["Burning Blood","NeowsBlessing","Golden Idol","Gambling Chip","InkBottle","Magic Flower","Blue Candle","Singing Bowl","Anchor"],"acts_visited":["Exordium"],"potions_floor_usage":[16],"damage_taken":[{"damage":0.0,"enemies":"Small Slimes","floor":1.0,"turns":1.0},{"damage":0.0,"enemies":"2 Louse","floor":3.0,"turns":1.0},{"damage":0.0,"enemies":"Gremlin Nob","floor":7.0,"turns":1.0},{"damage":45.0,"enemies":"3 Sentries","floor":10.0,"turns":11.0},{"damage":5.0,"enemies":"Jaw Worm","floor":11.0,"turns":4.0},{"damage":42,"enemies":"Lagavulin","floor":13,"turns":8},{"damage":0,"enemies":"Looter","floor":14,"turns":3},{"damage":60,"enemies":"The Guardian","floor":16,"turns":13}],"seed_played":"-623973133825861850","potions_obtained":[{"floor":3.0,"key":"SneckoOil"},{"floor":13,"key":"FearPotion"},{"floor":14,"key":"BloodPotion"}],"is_trial":false,"path_per_floor":["M","?","M","?","?","R","E","R","T","E","M","T","E","M","R","B"],"character_chosen":"IRONCLAD","items_purchased":[],"campfire_rested":1,"item_purchase_floors":[],"current_hp_per_floor":[74,48,54,54,43,43,49,71,71,35,44,44,11,27,27,0,0],"gold":287,"neow_bonus":"THREE_ENEMY_KILL","is_daily":false,"chose_seed":false,"campfire_upgraded":2,"win_rate":0.0,"timestamp":1609956663,"path_taken":["M","?","M","?","?","R","E","R","T","E","M","?","E","M","R","BOSS"],"items_purchased_type":[],"build_version":"2020-12-22","purchased_purges":0,"victory":false,"max_hp_per_floor":[75,75,75,75,75,75,75,75,75,75,78,78,78,83,83,83,83],"relic_stats":{"Singing Bowl":2,"counters":[8,42],"Golden Idol":34,"Gambling Chip":[13],"Blue Candle":[0],"Magic Flower":[24],"obtain_stats":[{"Anchor":13,"NeowsBlessing":0,"Singing Bowl":12,"Golden Idol":2,"Gambling Chip":5,"Blue Candle":10,"Magic Flower":9,"Burning Blood":0,"InkBottle":7},{"Anchor":6,"NeowsBlessing":0,"Singing Bowl":5,"Golden Idol":1,"Gambling Chip":2,"Blue Candle":4,"Magic Flower":3,"Burning Blood":0,"InkBottle":3},{"Anchor":26,"NeowsBlessing":0,"Singing Bowl":18,"Golden Idol":1,"Gambling Chip":2,"Blue Candle":14,"Magic Flower":3,"Burning Blood":0,"InkBottle":3}],"Burning Blood":54,"InkBottle":[8]},"card_choices":[{"not_picked":["Headbutt","Clothesline"],"picked":"Uppercut","floor":3.0},{"not_picked":["Entrench","Bloodletting"],"picked":"Feed","floor":10.0},{"not_picked":["Headbutt","Flex"],"picked":"Dark Embrace","floor":11.0},{"not_picked":["Perfected Strike","Clothesline"],"picked":"Disarm","floor":13},{"not_picked":["Dual Wield","Pommel Strike","Headbutt"],"picked":"Singing Bowl","floor":14}],"player_experience":3379320,"relics_obtained":[{"floor":7.0,"key":"InkBottle"},{"floor":9.0,"key":"Magic Flower"},{"floor":10.0,"key":"Blue Candle"},{"floor":12.0,"key":"Singing Bowl"},{"floor":13,"key":"Anchor"}],"event_choices":[{"damage_healed":0.0,"max_hp_gain":0.0,"max_hp_loss":0.0,"gold_gain":0.0,"event_name":"Golden Idol","player_choice":"Take Damage","floor":2.0,"gold_loss":0.0,"damage_taken":26.0,"relics_obtained":["Golden Idol"]},{"cards_removed":["Strike_R"],"damage_healed":0.0,"max_hp_gain":0.0,"max_hp_loss":0.0,"gold_gain":0.0,"event_name":"Living Wall","player_choice":"Forget","floor":4.0,"gold_loss":0.0,"damage_taken":0.0},{"damage_healed":0.0,"max_hp_gain":0.0,"max_hp_loss":0.0,"gold_gain":0.0,"event_name":"Scrap Ooze","player_choice":"Success","floor":5.0,"gold_loss":0.0,"damage_taken":11.0,"relics_obtained":["Gambling Chip"]}],"is_beta":false,"boss_relics":[],"items_purged_floors":[],"is_endless":false,"potions_floor_spawned":[3,13,14],"killed_by":"The Guardian","ascension_level":20}}