{"host":"ln38befi3ugo1bsw","time":1609911181,"event":{"mods":["BaseMod","BetterRewards","Colored Map","Colored Powertips","Downfall","Hermit","Jorbs\u0027s Wanderer Trilogy","Lobotomy","Minty Spire (QoL Compilation)","READ ME - Guardian Mod","READ ME - Snecko Mod","StSLib","SuperFastMode","The Cursed","The Disciple","The Hierophant","The Servant 0.9.4"],"gold_per_floor":[109,71,82,92,103,103,114,84,84,84,84,101,115,130,130,225,225,238,253,253,253],"floor_reached":20,"playtime":2529,"items_purged":[],"score":170,"play_id":"d3b82401-336c-443f-81d1-1fc7eaf5d2e7","local_time":"20210106003301","is_ascension_mode":false,"campfire_choices":[{"data":"Caltrops","floor":6,"key":"SMITH"},{"floor":11,"key":"REST"},{"data":"Distraction","floor":15,"key":"SMITH"}],"circlet_count":0,"master_deck":["Strike_G","Strike_G","Strike_G","Strike_G","Strike_G","Defend_G","Defend_G","Defend_G","Defend_G","Defend_G","Survivor","Neutralize","Leg Sweep","Caltrops+1","Dodge and Roll","Backflip","Deadly Poison","Deflect","Backflip","Dagger Spray","Catalyst","Distraction+1","Burst","Dagger Spray","Outmaneuver"],"relics":["Ring of the Snake","TungstenRod","Question Card","Bottled Lightning","HoveringKite"],"acts_visited":["Exordium","TheCity"],"potions_floor_usage":[18,18,20],"damage_taken":[{"damage":0,"enemies":"Cultist","floor":1,"turns":4},{"damage":0,"enemies":"2 Louse","floor":3,"turns":3},{"damage":0,"enemies":"Small Slimes","floor":4,"turns":4},{"damage":20,"enemies":"Gremlin Gang","floor":5,"turns":7},{"damage":1,"enemies":"Exordium Wildlife","floor":7,"turns":6},{"damage":1,"enemies":"Looter","floor":8,"turns":4},{"damage":1,"enemies":"Blue Slaver","floor":12,"turns":5},{"damage":12,"enemies":"Exordium Thugs","floor":13,"turns":5},{"damage":6,"enemies":"3 Louse","floor":14,"turns":5},{"damage":2,"enemies":"Hexaghost","floor":16,"turns":11},{"damage":6,"enemies":"2 Thieves","floor":18,"turns":3},{"damage":28,"enemies":"Spheric Guardian","floor":19,"turns":8},{"damage":33,"enemies":"Centurion and Healer","floor":20,"turns":9}],"seed_played":"-4797617290371515579","potions_obtained":[{"floor":3,"key":"SpeedPotion"},{"floor":4,"key":"SkillPotion"},{"floor":5,"key":"GhostInAJar"},{"floor":19,"key":"LiquidBronze"}],"is_trial":false,"path_per_floor":["M","$","M","M","M","R","M","M","T","T","R","M","M","M","R","B",null,"M","M","M"],"character_chosen":"THE_SILENT","items_purchased":["Caltrops"],"campfire_rested":1,"item_purchase_floors":[2],"current_hp_per_floor":[63,63,63,63,43,43,42,41,41,41,59,58,46,40,40,38,63,57,29,0,0],"gold":253,"neow_bonus":"ONE_RARE_RELIC","is_daily":false,"chose_seed":false,"campfire_upgraded":2,"win_rate":0.0,"timestamp":1609911181,"path_taken":["M","$","?","M","M","R","M","M","T","?","R","M","M","M","R","BOSS","M","M","M"],"items_purchased_type":["Card"],"build_version":"2020-12-22","purchased_purges":0,"victory":false,"max_hp_per_floor":[63,63,63,63,63,63,63,63,63,63,63,63,63,63,63,63,63,63,63,63,63],"card_choices":[{"not_picked":["Dagger Spray","Bane"],"picked":"Leg Sweep","floor":1},{"not_picked":["Blade Dance","Reflex"],"picked":"Dodge and Roll","floor":3},{"not_picked":["PiercingWail","Deflect"],"picked":"Backflip","floor":4},{"not_picked":["Sucker Punch","Flechettes"],"picked":"Deadly Poison","floor":5},{"not_picked":["Glass Knife","Deadly Poison"],"picked":"Deflect","floor":7},{"not_picked":["Predator","Infinite Blades"],"picked":"Backflip","floor":8},{"not_picked":["Prepared","Blur","PiercingWail"],"picked":"Dagger Spray","floor":12},{"not_picked":["All Out Attack","Dagger Throw","Cloak And Dagger"],"picked":"Catalyst","floor":13},{"not_picked":["Deflect","Backflip","Cloak And Dagger"],"picked":"Distraction","floor":14},{"not_picked":["Unload","Die Die Die","Venomology"],"picked":"Burst","floor":16},{"not_picked":["Reflex","Terror","Bane"],"picked":"Dagger Spray","floor":18},{"not_picked":["Poisoned Stab","Backflip","Underhanded Strike"],"picked":"Outmaneuver","floor":19}],"player_experience":68767,"relics_obtained":[{"floor":9,"key":"Question Card"},{"floor":10,"key":"Bottled Lightning"}],"event_choices":[],"is_beta":false,"boss_relics":[{"not_picked":["Runic Dome","Empty Cage"],"picked":"HoveringKite"}],"items_purged_floors":[],"is_endless":false,"potions_floor_spawned":[3,4,5,12,13,19],"killed_by":"Centurion and Healer","ascension_level":0}}