{"host":"x3q4ieql2tr7v8o6","time":1609967195,"event":{"mods":["BaseMod","Better Altar","Better Note","Better Sensory Stone","Better Skull","Better Third Choice","Colored Map","Minty Spire (QoL Compilation)","StSLib"],"gold_per_floor":[211,223,223,34,34,62,62,89,89,89,89,89,16,29,29,106,106,124,138,22,22,35,35,69,69,142,142,177,16,16,16],"floor_reached":30,"playtime":694,"items_purged":["Strike_R"],"score":520,"play_id":"a125a210-3f3e-482e-9bb9-2c09146bb7ff","local_time":"20210106210635","is_ascension_mode":true,"campfire_choices":[{"floor":7,"key":"REST"},{"floor":10,"key":"REST"},{"data":"Clothesline","floor":12,"key":"SMITH"},{"floor":15,"key":"REST"},{"floor":23,"key":"REST"},{"floor":27,"key":"REST"}],"circlet_count":0,"master_deck":["AscendersBane","Strike_R+1","Strike_R+1","Defend_R","Defend_R","Defend_R","Defend_R","Bash","Rage","Heavy Blade","Rampage+1","Clothesline+1","Carnage","Metallicize","Combust","Sword Boomerang","Whirlwind","Limit Break","Whirlwind","Headbutt","Burning Pact","Carnage+1","Anger","Armaments","Iron Wave","Battle Trance","Pummel","RitualDagger","Shrug It Off+1","Flame Barrier","Fire Breathing","Enlightenment"],"relics":["Burning Blood","Membership Card","Dream Catcher","Pocketwatch","Whetstone","Blue Candle","Brimstone","SlaversCollar","Orrery","Question Card","White Beast Statue","MawBank","Bag of Marbles"],"acts_visited":["Exordium","TheCity"],"potions_floor_usage":[8,19,24,28,28,30],"damage_taken":[{"damage":12,"enemies":"Jaw Worm","floor":1,"turns":3},{"damage":8,"enemies":"Cultist","floor":2,"turns":5},{"damage":51,"enemies":"Lagavulin","floor":6,"turns":7},{"damage":20,"enemies":"Gremlin Nob","floor":8,"turns":4},{"damage":2,"enemies":"2 Louse","floor":14,"turns":2},{"damage":28,"enemies":"The Guardian","floor":16,"turns":7},{"damage":14,"enemies":"Chosen","floor":18,"turns":4},{"damage":44,"enemies":"Shell Parasite","floor":19,"turns":4},{"damage":22,"enemies":"Snecko","floor":22,"turns":4},{"damage":0,"enemies":"Gremlin Leader","floor":24,"turns":3},{"damage":61,"enemies":"Slavers","floor":28,"turns":4},{"damage":17,"enemies":"Shelled Parasite and Fungi","floor":30,"turns":2}],"seed_played":"-244373734565245682","potions_obtained":[{"floor":6,"key":"HeartOfIron"},{"floor":8,"key":"BloodPotion"},{"floor":19,"key":"Explosive Potion"},{"floor":24,"key":"Block Potion"},{"floor":28,"key":"Energy Potion"}],"is_trial":false,"path_per_floor":["M","M","?","$","T","E","R","E","T","R","?","R","$","M","R","B",null,"M","M","$","?","M","R","E","?","T","R","E","$","M"],"character_chosen":"IRONCLAD","items_purchased":["Membership Card","Rampage","Brimstone","Headbutt","SkillPotion","Orrery","Bag of Marbles","Fire Breathing","Enlightenment"],"campfire_rested":5,"item_purchase_floors":[4,4,13,20,20,20,29,29,29],"current_hp_per_floor":[62,60,60,60,60,15,37,23,23,45,45,45,45,49,71,49,69,61,38,38,38,22,44,50,44,44,66,11,11,0,0],"gold":16,"neow_bonus":"HUNDRED_GOLD","is_daily":false,"chose_seed":false,"campfire_upgraded":1,"win_rate":0.0,"timestamp":1609967195,"path_taken":["M","M","?","$","?","E","R","E","T","R","?","R","$","?","R","BOSS","M","M","$","?","?","R","E","?","T","R","E","$","M"],"items_purchased_type":["Relic","Card","Relic","Card","Potion","Relic","Relic","Card","Card"],"build_version":"2020-12-22","purchased_purges":1,"victory":false,"max_hp_per_floor":[75,75,75,75,75,75,75,75,75,75,75,75,75,75,75,75,75,75,75,75,75,75,75,75,75,75,75,75,75,75,75],"card_choices":[{"not_picked":["Havoc","Thunderclap"],"picked":"Rage","floor":1},{"not_picked":["Combust","Warcry"],"picked":"Heavy Blade","floor":2},{"not_picked":["Impervious","Iron Wave"],"picked":"Clothesline","floor":6},{"not_picked":["Havoc","Metallicize"],"picked":"Carnage","floor":7},{"not_picked":["Rupture","Wild Strike"],"picked":"Metallicize","floor":8},{"not_picked":["Clothesline","Sentinel"],"picked":"Combust","floor":10},{"not_picked":["Flex","Flame Barrier"],"picked":"Sword Boomerang","floor":14},{"not_picked":["Clothesline","True Grit"],"picked":"Whirlwind","floor":15},{"not_picked":["Corruption","Bludgeon"],"picked":"Limit Break","floor":16},{"not_picked":["True Grit","Flex"],"picked":"Whirlwind","floor":18},{"not_picked":["Sword Boomerang+1","Rampage+1","Body Slam"],"picked":"SKIP","floor":19},{"not_picked":["Cleave+1","Body Slam"],"picked":"Burning Pact","floor":20},{"not_picked":["Flex","Clothesline"],"picked":"Carnage+1","floor":20},{"not_picked":["Whirlwind","Heavy Blade"],"picked":"Anger","floor":20},{"not_picked":["Wild Strike","Warcry"],"picked":"Armaments","floor":20},{"not_picked":["Cleave","Clash"],"picked":"Iron Wave","floor":20},{"not_picked":["Infernal Blade","Exhume"],"picked":"Battle Trance","floor":22},{"not_picked":["Blood for Blood+1","Havoc"],"picked":"Pummel","floor":24},{"not_picked":["Pummel","Hemokinesis","Warcry"],"picked":"Shrug It Off+1","floor":27},{"not_picked":["Bloodletting","Entrench","Whirlwind"],"picked":"Flame Barrier","floor":28}],"player_experience":703753,"relics_obtained":[{"floor":5,"key":"Dream Catcher"},{"floor":6,"key":"Pocketwatch"},{"floor":8,"key":"Whetstone"},{"floor":9,"key":"Blue Candle"},{"floor":24,"key":"Question Card"},{"floor":26,"key":"White Beast Statue"},{"floor":28,"key":"MawBank"}],"event_choices":[{"cards_removed":["Strike_R"],"damage_healed":0,"gold_gain":0,"player_choice":"Purged","damage_taken":0,"max_hp_gain":0,"max_hp_loss":0,"event_name":"Purifier","floor":3,"gold_loss":0},{"damage_healed":0,"gold_gain":0,"player_choice":"Grow","damage_taken":0,"max_hp_gain":0,"max_hp_loss":0,"event_name":"Living Wall","floor":11,"gold_loss":0,"cards_upgraded":["Rampage"]},{"cards_removed":["Strike_R"],"damage_healed":0,"gold_gain":0,"player_choice":"Purged","damage_taken":0,"max_hp_gain":0,"max_hp_loss":0,"event_name":"Purifier","floor":21,"gold_loss":0},{"damage_healed":0,"gold_gain":0,"player_choice":"Dagger","damage_taken":6,"max_hp_gain":0,"max_hp_loss":0,"event_name":"betterThird:BetterNest","floor":25,"gold_loss":0,"cards_obtained":["RitualDagger"]}],"is_beta":false,"boss_relics":[{"not_picked":["Tiny House","SacredBark"],"picked":"SlaversCollar"}],"items_purged_floors":[29],"is_endless":false,"potions_floor_spawned":[6,8,19,22,24,28],"killed_by":"Shelled Parasite and Fungi","ascension_level":15}}