{"host":"19oeygk4edom25m1","time":1609963816,"event":{"mods":["2.2 Compatiblity","BaseMod","Better Note","Better Third Choice","Colored Map","Colored Powertips","Curses Come First","Downfall","Hermit","Highlight Path","Hubris","Infinite Spire","Minty Spire (QoL Compilation)","Rare Cards Sparkle","Replay The Spire","Shop Mod","StSLib","The Jungle","The Marked","The Mystic"],"gold_per_floor":[99,115,127,127,138,149,149,149,11,11,0,0,0,14,30,132,132,132,148,148,148,162,162,162],"floor_reached":23,"playtime":1198,"items_purged":[],"score":181,"play_id":"c1e10543-f81a-4e35-acde-a61876dd9972","local_time":"20210106181016","is_ascension_mode":false,"campfire_choices":[{"floor":1,"key":"RECALL"},{"data":"BootSequence","floor":8,"key":"SMITH"},{"floor":12,"key":"REST"},{"data":"Cold Snap","floor":18,"key":"SMITH"}],"circlet_count":0,"master_deck":["Strike_B","Strike_B","Strike_B","Strike_B","Defend_B","Defend_B","Defend_B","Defend_B","Zap","Dualcast","BootSequence+1","Conserve Battery","Ball Lightning","FTL","Double Energy","Self Repair+1","Rebound","Conserve Battery","Cold Snap+1","ReplayGash","Compile Driver","hubris:DoWhile","Reinforced Body","Gash"],"relics":["Cracked Core","hubris:ScarierMask","Nilry\u0027s Codex"],"acts_visited":["Exordium","TheCity"],"potions_floor_usage":[],"damage_taken":[{"damage":6,"enemies":"Cultist","floor":2,"turns":3},{"damage":0,"enemies":"Jaw Worm","floor":3,"turns":3},{"damage":0,"enemies":"2 Louse","floor":5,"turns":2},{"damage":0,"enemies":"Exordium Wildlife","floor":6,"turns":3},{"damage":0,"enemies":"downfall:FleeingMerchant","floor":9,"turns":4},{"damage":15,"enemies":"downfall:FleeingMerchant","floor":11,"turns":4},{"damage":13,"enemies":"downfall:FleeingMerchant","floor":13,"turns":4},{"damage":0,"enemies":"Large Slime","floor":14,"turns":5},{"damage":1,"enemies":"Looter","floor":15,"turns":3},{"damage":51,"enemies":"Slime Boss","floor":16,"turns":10},{"damage":11,"enemies":"Spheric Guardian","floor":19,"turns":4},{"damage":12,"enemies":"3 Byrds","floor":22,"turns":7},{"damage":70,"enemies":"Gremlin Leader","floor":23,"turns":6}],"seed_played":"-3892133118808311521","potions_obtained":[{"floor":3,"key":"EssenceOfSteel"},{"floor":4,"key":"SneckoOil"},{"floor":4,"key":"PowerPotion"}],"is_trial":false,"path_per_floor":["R","M","M","?","M","M","T","R","$","?","$","R","$","M","M","B",null,"R","M","?","?","M","E"],"character_chosen":"DEFECT","items_purchased":["Self Repair","Rebound"],"campfire_rested":1,"item_purchase_floors":[9,9],"current_hp_per_floor":[82,76,76,76,76,76,76,76,76,76,71,82,79,82,82,31,82,82,81,81,65,63,0,0],"gold":162,"neow_bonus":"TEN_PERCENT_HP_BONUS","is_daily":false,"chose_seed":false,"campfire_upgraded":2,"win_rate":0.0,"timestamp":1609963816,"path_taken":["R","M","M","?","M","M","T","R","?","?","?","R","$","M","M","BOSS","R","M","?","?","M","E"],"items_purchased_type":["Card","Card"],"build_version":"2020-12-22","purchased_purges":0,"victory":false,"max_hp_per_floor":[82,82,82,82,82,82,82,82,82,82,82,82,82,82,82,82,82,82,82,82,82,82,82,82],"card_choices":[{"not_picked":["Go for the Eyes","Chill"],"picked":"BootSequence","floor":2},{"not_picked":["Sweeping Beam","Steam"],"picked":"Conserve Battery","floor":3},{"not_picked":["Sweeping Beam","Storm"],"picked":"Ball Lightning","floor":5},{"not_picked":["Undo","Conserve Battery"],"picked":"FTL","floor":6},{"not_picked":["Gash","Panic Button"],"picked":"Double Energy","floor":9},{"not_picked":["Double Energy","Stack"],"picked":"Conserve Battery","floor":11},{"not_picked":["Core Surge","FIFO Queue"],"picked":"Cold Snap","floor":13},{"not_picked":["Gash","Stack"],"picked":"ReplayGash","floor":14},{"not_picked":["Ball Lightning","Static Discharge"],"picked":"Compile Driver","floor":15},{"not_picked":["Buffer","Multi-Cast"],"picked":"hubris:DoWhile","floor":16},{"not_picked":["Rebound","Hologram"],"picked":"Reinforced Body","floor":19},{"not_picked":["FTL","Scrape"],"picked":"Gash","floor":22}],"player_experience":270933,"relics_obtained":[{"floor":21,"key":"Nilry\u0027s Codex"}],"event_choices":[{"damage_healed":0,"gold_gain":0,"player_choice":"Got Potions","damage_taken":0,"max_hp_gain":0,"max_hp_loss":0,"event_name":"Lab","floor":4,"gold_loss":0},{"cards_removed":["Defend_B"],"damage_healed":0,"gold_gain":0,"player_choice":"Give","damage_taken":0,"max_hp_gain":0,"max_hp_loss":0,"event_name":"betterNote:BetterNote","floor":20,"gold_loss":0,"cards_obtained":["Pain"]}],"is_beta":false,"boss_relics":[{"not_picked":["Snecko Eye","Replay:Fungal Core"],"picked":"hubris:ScarierMask"}],"items_purged_floors":[],"is_endless":false,"potions_floor_spawned":[3,5,14,15],"killed_by":"Gremlin Leader","ascension_level":0}}