{"host":"jx3f6ezc0g3s9edc","time":1609900166,"event":{"mods":["AchievementEnabler","BaseMod","Bestiary","Colored Map","Highlight Path","Minty Spire (QoL Compilation)","StSLib"],"gold_per_floor":[111,36,49,66,66,66,102,102,102,72,72,92,92,81,81,81,81],"floor_reached":16,"playtime":1155,"items_purged":["Strike_R"],"score":155,"play_id":"5206c0ad-7a16-4b40-b217-d3a548501a24","local_time":"20210105212926","is_ascension_mode":true,"campfire_choices":[{"data":"Dark Embrace","floor":6,"key":"SMITH"},{"floor":11,"key":"REST"},{"data":"Body Slam","floor":13,"key":"SMITH"},{"floor":15,"key":"REST"}],"circlet_count":0,"master_deck":["AscendersBane","Strike_R","Strike_R","Defend_R","Defend_R","Defend_R","Defend_R","Bash","Twin Strike","Dark Embrace+1","Battle Trance","Inflame","Body Slam+1","Clothesline","Body Slam"],"relics":["Burning Blood","Golden Idol","FossilizedHelix","Bird Faced Urn"],"acts_visited":["Exordium"],"potions_floor_usage":[7,16,16],"damage_taken":[{"damage":7,"enemies":"2 Louse","floor":1,"turns":4},{"damage":4,"enemies":"Small Slimes","floor":3,"turns":4},{"damage":5,"enemies":"Cultist","floor":4,"turns":5},{"damage":59,"enemies":"Lagavulin","floor":7,"turns":14},{"damage":6,"enemies":"Looter","floor":10,"turns":4},{"damage":9,"enemies":"3 Louse","floor":12,"turns":6},{"damage":15,"enemies":"Exordium Thugs","floor":14,"turns":4},{"damage":69,"enemies":"Hexaghost","floor":16,"turns":16}],"seed_played":"8354300704013630971","potions_obtained":[{"floor":1,"key":"Dexterity Potion"},{"floor":4,"key":"ElixirPotion"},{"floor":7,"key":"HeartOfIron"}],"is_trial":false,"path_per_floor":["M","$","M","M","?","R","E","?","T","M","R","M","R","M","R","B"],"character_chosen":"IRONCLAD","items_purchased":[],"campfire_rested":2,"item_purchase_floors":[],"current_hp_per_floor":[71,71,73,74,74,74,21,21,21,23,45,44,44,39,61,0,0],"gold":81,"neow_bonus":"REMOVE_CARD","is_daily":false,"chose_seed":false,"campfire_upgraded":2,"win_rate":0.0,"timestamp":1609900166,"path_taken":["M","$","M","M","?","R","E","?","T","M","R","M","R","?","R","BOSS"],"items_purchased_type":[],"build_version":"2020-12-22","purchased_purges":1,"victory":false,"max_hp_per_floor":[80,80,80,80,74,74,74,74,74,74,74,74,74,74,74,74,74],"card_choices":[{"not_picked":["Entrench","Armaments"],"picked":"Twin Strike","floor":1},{"not_picked":["Carnage","Second Wind"],"picked":"Dark Embrace","floor":3},{"not_picked":["Thunderclap","Clothesline"],"picked":"Battle Trance","floor":4},{"not_picked":["Disarm","Perfected Strike"],"picked":"Inflame","floor":7},{"not_picked":["Brutality","Ghostly Armor"],"picked":"Body Slam","floor":10},{"not_picked":["Warcry","Havoc"],"picked":"Clothesline","floor":12},{"not_picked":["Rage","Shrug It Off"],"picked":"Body Slam","floor":14}],"player_experience":727628,"relics_obtained":[{"floor":7,"key":"FossilizedHelix"},{"floor":9,"key":"Bird Faced Urn"}],"event_choices":[{"damage_healed":0,"gold_gain":0,"player_choice":"Lose Max HP","damage_taken":0,"relics_obtained":["Golden Idol"],"max_hp_gain":0,"max_hp_loss":6,"event_name":"Golden Idol","floor":5,"gold_loss":0},{"cards_removed":["Strike_R"],"damage_healed":0,"gold_gain":0,"player_choice":"Offered Basic","damage_taken":0,"max_hp_gain":0,"max_hp_loss":0,"event_name":"Bonfire Elementals","floor":8,"gold_loss":0}],"is_beta":false,"boss_relics":[],"items_purged_floors":[2],"is_endless":false,"potions_floor_spawned":[1,4,7],"killed_by":"Hexaghost","ascension_level":11}}