{"host":"sm7bnwhqk38mm91i","time":1609898589,"event":{"mods":["BaseMod","Minty Spire (QoL Compilation)"],"gold_per_floor":[119,119,194,205,205,233,245,141,210,210,223,240,250,94,94,194,194,208,225,225,241,257,257,271,285,310,326,326,341,120,132,132,234,234,247,0,50,68,82,82,82],"floor_reached":40,"playtime":5297,"items_purged":[],"score":446,"play_id":"42577635-900e-4663-9060-0851d0c3cbbf","local_time":"20210105210309","is_ascension_mode":false,"campfire_choices":[{"floor":10.0,"key":"REST"},{"floor":15.0,"key":"REST"},{"data":"Whirlwind","floor":23.0,"key":"SMITH"},{"floor":28.0,"key":"REST"},{"floor":32.0,"key":"REST"}],"circlet_count":0,"master_deck":["Strike_R","Strike_R","Strike_R","Strike_R","Strike_R","Defend_R","Defend_R","Defend_R","Bash","Armaments+1","Perfected Strike","Whirlwind+1","Armaments","Flame Barrier","Fire Breathing","Thunderclap","Feed","Seeing Red+1","Combust+1","Rampage","Anger+1","Searing Blow","Iron Wave+1","Perfected Strike","Seeing Red","Dual Wield+1","Reaper","Clothesline","Double Tap","Sword Boomerang+1","Battle Trance+1","Headbutt+1","Body Slam+1"],"relics":["Burning Blood","Oddly Smooth Stone","Meat on the Bone","Paper Frog","Question Card","Red Skull","Velvet Choker","Lantern","Lee\u0027s Waffle","Black Star","Red Mask","Bird Faced Urn"],"acts_visited":["Exordium","TheCity","TheBeyond"],"potions_floor_usage":[33,33,33,38,39],"damage_taken":[{"damage":8.0,"enemies":"Small Slimes","floor":1.0,"turns":3.0},{"damage":15.0,"enemies":"Jaw Worm","floor":4.0,"turns":4.0},{"damage":39.0,"enemies":"3 Sentries","floor":6.0,"turns":8.0},{"damage":5.0,"enemies":"2 Louse","floor":7.0,"turns":2.0},{"damage":22.0,"enemies":"Large Slime","floor":11.0,"turns":6.0},{"damage":24.0,"enemies":"Exordium Thugs","floor":12.0,"turns":4.0},{"damage":20.0,"enemies":"Exordium Wildlife","floor":13.0,"turns":5.0},{"damage":29.0,"enemies":"Slime Boss","floor":16.0,"turns":6.0},{"damage":5.0,"enemies":"3 Byrds","floor":18.0,"turns":5.0},{"damage":22.0,"enemies":"2 Thieves","floor":19.0,"turns":3.0},{"damage":35.0,"enemies":"Centurion and Healer","floor":21.0,"turns":8.0},{"damage":16.0,"enemies":"Snecko","floor":22.0,"turns":4.0},{"damage":15.0,"enemies":"Snake Plant","floor":24.0,"turns":4.0},{"damage":18.0,"enemies":"Cultist and Chosen","floor":25.0,"turns":4.0},{"damage":15.0,"enemies":"Snecko","floor":27.0,"turns":4.0},{"damage":23.0,"enemies":"Centurion and Healer","floor":29.0,"turns":4.0},{"damage":42.0,"enemies":"Snake Plant","floor":31.0,"turns":3.0},{"damage":36,"enemies":"Collector","floor":33,"turns":6},{"damage":11,"enemies":"3 Darklings","floor":35,"turns":2},{"damage":27,"enemies":"Mind Bloom Boss Battle","floor":37,"turns":6},{"damage":51,"enemies":"3 Shapes","floor":38,"turns":5},{"damage":53,"enemies":"Maw","floor":39,"turns":8},{"damage":56,"enemies":"Giant Head","floor":40,"turns":6}],"seed_played":"-4085825194746015772","potions_obtained":[{"floor":4.0,"key":"BloodPotion"},{"floor":6.0,"key":"PowerPotion"},{"floor":12.0,"key":"GamblersBrew"},{"floor":13.0,"key":"SpeedPotion"},{"floor":19.0,"key":"FearPotion"},{"floor":21.0,"key":"Weak Potion"},{"floor":22.0,"key":"GamblersBrew"},{"floor":27.0,"key":"CultistPotion"},{"floor":37,"key":"Energy Potion"},{"floor":38,"key":"AttackPotion"}],"is_trial":false,"path_per_floor":["M","?","?","M","?","E","M","?","T","R","M","M","M","$","R","B",null,"M","M","?","M","M","R","M","M","T","M","R","M","$","M","R","B",null,"M","?","?","M","M","E"],"character_chosen":"IRONCLAD","items_purchased":["Red Skull","Lee\u0027s Waffle","Reaper"],"campfire_rested":4,"item_purchase_floors":[14,30,30],"current_hp_per_floor":[70,67,56,47,47,14,27,27,27,55,51,45,43,43,71,67,96,96,83,83,66,56,56,59,62,62,65,95,78,109,76,109,79,112,107,107,92,71,43,0,0],"gold":82,"neow_bonus":"TWENTY_PERCENT_HP_BONUS","is_daily":false,"chose_seed":false,"campfire_upgraded":1,"win_rate":0.0,"timestamp":1609898589,"path_taken":["M","?","?","M","?","E","M","?","T","R","M","M","?","$","R","BOSS","M","M","?","?","M","R","?","M","T","M","R","M","$","M","R","BOSS","M","?","?","M","M","E"],"items_purchased_type":["Relic","Relic","Card"],"build_version":"2020-12-22","purchased_purges":0,"victory":false,"max_hp_per_floor":[96,96,96,96,96,96,96,96,96,96,96,96,96,96,96,96,96,96,99,99,99,99,99,99,102,102,102,102,102,109,112,112,112,112,112,112,118,118,121,121,121],"card_choices":[{"not_picked":["Headbutt","Ghostly Armor"],"picked":"Armaments","floor":1.0},{"not_picked":["Shrug It Off","Iron Wave"],"picked":"Perfected Strike","floor":4.0},{"not_picked":["Pummel","Searing Blow"],"picked":"Whirlwind","floor":6.0},{"not_picked":["Clash","Ghostly Armor"],"picked":"Armaments","floor":7.0},{"not_picked":["Impervious","Blood for Blood","Shrug It Off"],"picked":"Flame Barrier","floor":11.0},{"not_picked":["Reckless Charge","Sword Boomerang","Iron Wave"],"picked":"Fire Breathing","floor":12.0},{"not_picked":["Clash","Combust","Iron Wave"],"picked":"Thunderclap","floor":13.0},{"not_picked":["Demon Form","Offering","Bludgeon"],"picked":"Feed","floor":16.0},{"not_picked":["Anger+1","True Grit","Flex+1"],"picked":"Seeing Red+1","floor":18.0},{"not_picked":["Anger","Shrug It Off+1","Sword Boomerang"],"picked":"Combust+1","floor":19.0},{"not_picked":["Rampage","Perfected Strike","Warcry+1"],"picked":"Anger+1","floor":21.0},{"not_picked":["Shrug It Off","Armaments","Pummel"],"picked":"Searing Blow","floor":22.0},{"not_picked":["Shrug It Off","Bludgeon","Heavy Blade+1"],"picked":"Iron Wave+1","floor":24.0},{"not_picked":["Heavy Blade","Rage","Anger"],"picked":"Perfected Strike","floor":25.0},{"not_picked":["Pummel","Armaments","Cleave"],"picked":"Seeing Red","floor":27.0},{"not_picked":["Iron Wave","Limit Break","Warcry"],"picked":"Dual Wield+1","floor":29.0},{"not_picked":["Clash","Thunderclap","Ghostly Armor"],"picked":"Clothesline","floor":31.0},{"not_picked":["Corruption","Bludgeon","Feed"],"picked":"Double Tap","floor":33},{"not_picked":["Iron Wave","Intimidate","Flex+1"],"picked":"Sword Boomerang+1","floor":35},{"not_picked":["Clothesline","Metallicize","Iron Wave+1"],"picked":"Battle Trance+1","floor":37},{"not_picked":["Warcry+1","Fiend Fire","Disarm"],"picked":"Headbutt+1","floor":38},{"not_picked":["Shrug It Off+1","Twin Strike","Thunderclap"],"picked":"Body Slam+1","floor":39}],"player_experience":14927,"relics_obtained":[{"floor":6.0,"key":"Meat on the Bone"},{"floor":9.0,"key":"Question Card"},{"floor":26.0,"key":"Lantern"},{"floor":37,"key":"Bird Faced Urn"}],"event_choices":[{"damage_healed":0.0,"max_hp_gain":0.0,"max_hp_loss":0.0,"gold_gain":0.0,"event_name":"Scrap Ooze","player_choice":"Success","floor":2.0,"gold_loss":0.0,"damage_taken":3.0,"relics_obtained":["Oddly Smooth Stone"]},{"damage_healed":0.0,"max_hp_gain":0.0,"max_hp_loss":0.0,"gold_gain":75.0,"event_name":"World of Goop","player_choice":"Gather Gold","floor":3.0,"gold_loss":0.0,"damage_taken":11.0},{"damage_healed":0.0,"max_hp_gain":0.0,"max_hp_loss":0.0,"gold_gain":0.0,"event_name":"Living Wall","player_choice":"Grow","floor":5.0,"gold_loss":0.0,"damage_taken":0.0,"cards_upgraded":["Armaments"]},{"damage_healed":0.0,"max_hp_gain":0.0,"max_hp_loss":0.0,"gold_gain":0.0,"event_name":"WeMeetAgain","player_choice":"Paid Gold","floor":8.0,"gold_loss":104.0,"damage_taken":0.0,"relics_obtained":["Paper Frog"]},{"damage_healed":0.0,"max_hp_gain":0.0,"max_hp_loss":0.0,"gold_gain":0.0,"cards_transformed":["Defend_R"],"event_name":"Transmorgrifier","player_choice":"Transformed","floor":20.0,"gold_loss":0.0,"damage_taken":0.0,"cards_obtained":["Rampage"]},{"damage_healed":0,"gold_gain":0,"player_choice":"Paid","damage_taken":0,"relics_obtained":["Red Mask"],"max_hp_gain":0,"max_hp_loss":0,"event_name":"Tomb of Lord Red Mask","floor":36,"gold_loss":247},{"damage_healed":0,"gold_gain":0,"player_choice":"Fight","damage_taken":0,"max_hp_gain":0,"max_hp_loss":0,"event_name":"MindBloom","floor":37,"gold_loss":0}],"is_beta":false,"boss_relics":[{"not_picked":["Fusion Hammer","Empty Cage"],"picked":"Velvet Choker"},{"not_picked":["Busted Crown","Runic Dome"],"picked":"Black Star"}],"items_purged_floors":[],"is_endless":false,"potions_floor_spawned":[4,6,12,13,19,21,22,27,37,38],"killed_by":"Giant Head","ascension_level":0}}