{"host":"okln270zkafj6dck","time":1609923142,"event":{"mods":["BaseMod","Minty Spire (QoL Compilation)","Permanent Neow","Quick Restart","Relic Stats","StSLib","SuperFastMode"],"gold_per_floor":[115,40,58,76,24,51,63,63,63,91,101,101,128,143,143,217,217,173,173,199,229,241,253,283,295,330,374,386,425,456,488,500,512,512],"floor_reached":33,"playtime":877,"items_purged":["Doubt"],"score":668,"play_id":"dd73611a-111d-40be-a86f-d29ce0242816","local_time":"20210106005222","is_ascension_mode":true,"campfire_choices":[{"data":"Apotheosis","floor":8.0,"key":"SMITH"},{"floor":12.0,"key":"REST"},{"data":"Well Laid Plans","floor":15.0,"key":"SMITH"},{"floor":23,"key":"REST"},{"floor":25,"key":"REST"},{"floor":28,"key":"REST"},{"floor":32,"key":"REST"}],"circlet_count":0,"master_deck":["AscendersBane","Strike_G","Strike_G","Strike_G","Defend_G","Defend_G","Defend_G","Defend_G","Defend_G","Survivor","Neutralize","Apotheosis+1","Dagger Throw","Crippling Poison","Poisoned Stab","Well Laid Plans+1","Catalyst","Adrenaline+1","Deflect","Deflect+1","Escape Plan","Backflip","Wraith Form v2","Footwork"],"relics":["Ring of the Snake","Bronze Scales","PreservedInsect","White Beast Statue","Happy Flower","Empty Cage","MawBank","Centennial Puzzle","Anchor","Pear"],"acts_visited":["Exordium","TheCity"],"potions_floor_usage":[],"damage_taken":[{"damage":0.0,"enemies":"Cultist","floor":1.0,"turns":4.0},{"damage":2.0,"enemies":"Small Slimes","floor":3.0,"turns":4.0},{"damage":0.0,"enemies":"2 Louse","floor":4.0,"turns":4.0},{"damage":15.0,"enemies":"3 Sentries","floor":6.0,"turns":8.0},{"damage":0.0,"enemies":"Large Slime","floor":7.0,"turns":5.0},{"damage":4.0,"enemies":"Lagavulin","floor":10.0,"turns":7.0},{"damage":3.0,"enemies":"Looter","floor":11.0,"turns":3.0},{"damage":6.0,"enemies":"Gremlin Nob","floor":13.0,"turns":3.0},{"damage":9.0,"enemies":"Blue Slaver","floor":14.0,"turns":3.0},{"damage":19.0,"enemies":"The Guardian","floor":16.0,"turns":7.0},{"damage":19,"enemies":"2 Thieves","floor":18,"turns":5},{"damage":2,"enemies":"Spheric Guardian","floor":20,"turns":4},{"damage":25,"enemies":"Snake Plant","floor":21,"turns":4},{"damage":0,"enemies":"Centurion and Healer","floor":24,"turns":6},{"damage":21,"enemies":"Gremlin Leader","floor":27,"turns":5},{"damage":0,"enemies":"Slavers","floor":29,"turns":4},{"damage":10,"enemies":"Sentry and Sphere","floor":30,"turns":7},{"damage":18,"enemies":"Snake Plant","floor":31,"turns":4},{"damage":62,"enemies":"Collector","floor":33,"turns":6}],"seed_played":"-4455191698054661339","potions_obtained":[{"floor":1.0,"key":"Block Potion"},{"floor":4.0,"key":"DuplicationPotion"},{"floor":6.0,"key":"AttackPotion"},{"floor":11.0,"key":"Poison Potion"},{"floor":31,"key":"Swift Potion"}],"is_trial":false,"path_per_floor":["M","$","M","M","$","E","M","R","T","E","M","R","E","M","R","B",null,"M","T","M","M","?","R","M","R","T","E","R","E","M","M","R","B"],"character_chosen":"THE_SILENT","items_purchased":["Poisoned Stab"],"campfire_rested":5,"item_purchase_floors":[5],"current_hp_per_floor":[59,59,57,57,57,42,42,42,42,38,35,54,48,39,39,20,55,36,36,34,9,9,28,28,47,47,26,45,55,45,27,49,0,0],"gold":512,"neow_bonus":"RANDOM_COLORLESS_2","is_daily":false,"chose_seed":false,"campfire_upgraded":2,"win_rate":0.0,"timestamp":1609923142,"path_taken":["M","?","M","M","$","E","M","R","T","E","M","R","E","M","R","BOSS","M","?","M","M","?","R","M","R","T","E","R","E","M","M","R","BOSS"],"items_purchased_type":["Card"],"build_version":"2020-12-22","purchased_purges":1,"victory":false,"max_hp_per_floor":[66,66,66,66,66,66,66,66,66,66,66,66,66,66,66,66,66,66,66,66,66,66,66,66,66,66,66,66,76,76,76,76,76,76],"relic_stats":{"Centennial Puzzle":[12],"Happy Flower":[18],"counters":[19,93],"Bronze Scales":[184],"PreservedInsect":136,"MawBank":168,"obtain_stats":[{"Centennial Puzzle":26,"Anchor":27,"Pear":29,"Happy Flower":13,"Bronze Scales":6,"PreservedInsect":9,"Empty Cage":17,"MawBank":19,"White Beast Statue":10,"Ring of the Snake":0},{"Centennial Puzzle":14,"Anchor":15,"Pear":16,"Happy Flower":8,"Bronze Scales":4,"PreservedInsect":5,"Empty Cage":10,"MawBank":11,"White Beast Statue":6,"Ring of the Snake":0},{"Centennial Puzzle":67,"Anchor":72,"Pear":76,"Happy Flower":38,"Bronze Scales":20,"PreservedInsect":25,"Empty Cage":48,"MawBank":53,"White Beast Statue":32,"Ring of the Snake":0}],"Ring of the Snake":[38]},"card_choices":[{"not_picked":["Master of Strategy","Chrysalis"],"picked":"Apotheosis","floor":0.0},{"not_picked":["Footwork","Deflect"],"picked":"Dagger Throw","floor":1.0},{"not_picked":["Acrobatics","Blur","Catalyst"],"picked":"SKIP","floor":3.0},{"not_picked":["Slice","Quick Slash"],"picked":"Crippling Poison","floor":4.0},{"not_picked":["Bane","Storm of Steel","Caltrops"],"picked":"SKIP","floor":6.0},{"not_picked":["Blade Dance","Outmaneuver","Expertise"],"picked":"SKIP","floor":7.0},{"not_picked":["Prepared","Endless Agony"],"picked":"Well Laid Plans","floor":10.0},{"not_picked":["Poisoned Stab","Acrobatics","Endless Agony"],"picked":"SKIP","floor":11.0},{"not_picked":["Dash","Flechettes"],"picked":"Catalyst","floor":13.0},{"not_picked":["Flechettes","Blur","Underhanded Strike"],"picked":"SKIP","floor":14.0},{"not_picked":["Envenom","Doppelganger"],"picked":"Adrenaline","floor":16.0},{"not_picked":["Sucker Punch","Slice","Cloak And Dagger"],"picked":"SKIP","floor":18},{"not_picked":["Dagger Spray","Flying Knee"],"picked":"Deflect","floor":20},{"not_picked":["Tactician","Deadly Poison"],"picked":"Deflect+1","floor":21},{"not_picked":["Dagger Throw+1","Quick Slash"],"picked":"Escape Plan","floor":24},{"not_picked":["Terror","Flying Knee"],"picked":"Backflip","floor":27},{"not_picked":["Backflip","Choke+1"],"picked":"Wraith Form v2","floor":29},{"not_picked":["Dagger Spray","Dagger Throw"],"picked":"Footwork","floor":30},{"not_picked":["Underhanded Strike","Outmaneuver","All Out Attack"],"picked":"SKIP","floor":31}],"player_experience":84094,"relics_obtained":[{"floor":6.0,"key":"Bronze Scales"},{"floor":9.0,"key":"PreservedInsect"},{"floor":10.0,"key":"White Beast Statue"},{"floor":13.0,"key":"Happy Flower"},{"floor":19,"key":"MawBank"},{"floor":26,"key":"Centennial Puzzle"},{"floor":27,"key":"Anchor"},{"floor":29,"key":"Pear"}],"event_choices":[{"damage_healed":0,"gold_gain":0,"player_choice":"Upgraded","damage_taken":0,"max_hp_gain":0,"max_hp_loss":0,"event_name":"Upgrade Shrine","floor":22,"gold_loss":0,"cards_upgraded":["Adrenaline"]}],"is_beta":false,"boss_relics":[{"not_picked":["Astrolabe","HoveringKite"],"picked":"Empty Cage"}],"items_purged_floors":[2],"is_endless":false,"potions_floor_spawned":[1,4,6,11,13,14,16,18,20,21,24,27,29,30,31],"killed_by":"Collector","ascension_level":20}}