{"host":"7j6ek9w7ngyhcdhb","time":1609921455,"event":{"mods":["AchievementEnabler","BaseMod","Infinite Spire","Minty Spire (QoL Compilation)","Replay The Spire","StSLib"],"gold_per_floor":[210,210,258,277,87,116,116,116,139,172,185,185,202,221,221,321,321,335,335,335,320,383,383,383,413,413,413,428,428,492,492,492,593,593,696,696,808,871,871,961,961,1054,1054,1054,1054,1139,1244,1335,1335,1335],"floor_reached":51,"playtime":6842,"items_purged":[],"score":940,"play_id":"3c33e50d-33bb-4fd3-a568-6e5511e75554","local_time":"20210106192415","is_ascension_mode":false,"campfire_choices":[{"floor":7,"key":"REST"},{"floor":12,"key":"REST"},{"floor":23,"key":"REST"},{"floor":27,"key":"REST"},{"floor":29,"key":"REST"},{"floor":32,"key":"DIG"},{"floor":41,"key":"REST"},{"data":"infinitespire:UltimateForm","floor":44,"key":"SMITH"},{"floor":49,"key":"REST"}],"circlet_count":0,"master_deck":["Strike_B+1","Strike_B","Strike_B","Defend_B","Defend_B","Defend_B+1","Zap","Dualcast","Coolheaded","Fusion","BasicCrystalCard+1","Auto Shields","BootSequence","Time Bomb","Amplify+1","Hello World","All For One","Redo","Hallucinations","Redo+1","Time Bomb","Hologram+1","Double Energy+1","Crystallizer+1","infinitespire:UltimateForm+1","Electrodynamics","Coolheaded+1","Turbo","Go for the Eyes+1","infinitespire:FutureSight","Compile Driver","Chaos+1","Loop+1","Time Bomb+1","Defragment+1"],"relics":["Burning Blood","infinitespire:Cubic Diamond","ReplayTheSpireMod:Lightbulb","Replay:Rubber Ducky","infinitespire:Freezer","infinitespire:Satchel","Bronze Scales","Black Star","Ring of Panic","ReplayTheSpireMod:Ring of Challenge","Orichalcum","Vajra","Gremlin Food","Pen Nib","Quantum Egg","Boot","Snecko Eye","infinitespire:EvilPickle","Replay:Antivirus Software","Replay:Wax Seal","Frozen Egg 2","PreservedInsect","Replay:Mystery Machine","InkBottle","Golden Egg"],"acts_visited":["Exordium","TheCity","TheBeyond"],"potions_floor_usage":[6,16,38,50],"damage_taken":[{"damage":6,"enemies":"Jaw Worm","floor":1,"turns":3},{"damage":0,"enemies":"Cultist","floor":4,"turns":4},{"damage":33,"enemies":"Lagavulin","floor":6,"turns":14},{"damage":34,"enemies":"3 Sentries","floor":10,"turns":11},{"damage":0,"enemies":"2 Louse","floor":11,"turns":4},{"damage":0,"enemies":"Exordium Wildlife","floor":13,"turns":5},{"damage":0,"enemies":"2 Fungi Beasts","floor":14,"turns":4},{"damage":16,"enemies":"Fading Forest","floor":16,"turns":11},{"damage":0,"enemies":"Chosen","floor":18,"turns":4},{"damage":13,"enemies":"2 Thieves","floor":21,"turns":4},{"damage":53,"enemies":"Cultist and Chosen","floor":22,"turns":11},{"damage":12,"enemies":"Replay:Snechameleon","floor":25,"turns":6},{"damage":7,"enemies":"Centurion and Healer","floor":28,"turns":7},{"damage":24,"enemies":"Snake Plant","floor":30,"turns":4},{"damage":15,"enemies":"Pondfish","floor":33,"turns":10},{"damage":5,"enemies":"3 Shapes","floor":35,"turns":3},{"damage":0,"enemies":"Orb Walker","floor":37,"turns":4},{"damage":2,"enemies":"Transient","floor":38,"turns":5},{"damage":16,"enemies":"Nemesis","floor":40,"turns":5},{"damage":0,"enemies":"R_Hoarder","floor":42,"turns":6},{"damage":2,"enemies":"Maw","floor":46,"turns":5},{"damage":39,"enemies":"Nightmare","floor":47,"turns":6},{"damage":0,"enemies":"4 Shapes","floor":48,"turns":4},{"damage":13,"enemies":"Replay:Hell Engine","floor":50,"turns":7}],"seed_played":"566276463149469862","potions_obtained":[{"floor":1,"key":"ColorlessPotion"},{"floor":13,"key":"SkillPotion"},{"floor":16,"key":"Fire Potion"},{"floor":22,"key":"Swift Potion"},{"floor":25,"key":"Doom Potion"},{"floor":37,"key":"AttackPotion"},{"floor":46,"key":"Explosive Potion"},{"floor":47,"key":"EssenceOfSteel"}],"is_trial":false,"path_per_floor":["M","?","T","M","$","E","R","?","T","E","M","R","M","M","R","B",null,"M","?","?","M","M","R","?","E","T","R","M","R","M","AVR","R","B",null,"M","?","M","M","?","E","R","E","T","R","?","M","NM","M","R","B",null],"character_chosen":"DEFECT","items_purchased":["BasicCrystalCard+1","Replay:Rubber Ducky"],"campfire_rested":7,"item_purchase_floors":[5,5],"current_hp_per_floor":[69,69,69,75,75,48,70,70,70,42,48,70,75,75,75,65,75,75,75,75,68,21,43,43,37,37,59,58,75,57,57,57,48,75,75,75,75,75,58,48,70,75,75,75,75,75,42,48,70,63],"gold":1335,"neow_bonus":"HUNDRED_GOLD","is_daily":false,"chose_seed":false,"campfire_upgraded":1,"win_rate":0.0,"timestamp":1609921455,"path_taken":["M","?","?","M","$","E","R","?","T","E","M","R","?","M","R","BOSS","M","?","?","M","?","R","?","E","T","R","M","R","?","AVR","R","BOSS","M","?","M","M","?","E","R","E","T","R","?","M","NM","M","R","BOSS"],"items_purchased_type":["Card","Relic"],"build_version":"2020-12-22","purchased_purges":0,"victory":true,"max_hp_per_floor":[75,75,75,75,75,75,75,75,75,75,75,75,75,75,75,75,75,75,75,75,75,75,75,75,75,75,75,75,75,75,75,75,75,75,75,75,75,75,75,75,75,75,75,75,75,75,75,75,75,75],"card_choices":[{"not_picked":["ReplayTheSpireMod:Repulse","Stack"],"picked":"Coolheaded","floor":1},{"not_picked":["Stack","Meteor Strike"],"picked":"Fusion","floor":4},{"not_picked":["Self Repair","Barrage"],"picked":"Auto Shields","floor":6},{"not_picked":["Sweeping Beam","Go for the Eyes"],"picked":"BootSequence","floor":10},{"not_picked":["ReplayTheSpireMod:Reroute Power","Leap"],"picked":"Time Bomb","floor":11},{"not_picked":["Force Field","Hello World"],"picked":"Amplify","floor":13},{"not_picked":["Leap","Go for the Eyes"],"picked":"Hello World","floor":14},{"not_picked":["Fission","Biased Cognition"],"picked":"All For One","floor":16},{"not_picked":["Beam Cell","Gash+1"],"picked":"Redo","floor":18},{"not_picked":["Barrage","Gash+1"],"picked":"Redo+1","floor":21},{"not_picked":["Barrage","Coolheaded"],"picked":"Time Bomb","floor":22},{"not_picked":["Coolheaded","ReplayGash+1"],"picked":"Hologram","floor":25},{"not_picked":["Lockon","Reinforced Body"],"picked":"Double Energy+1","floor":28},{"not_picked":["Gash","ReplayTheSpireMod:Repulse"],"picked":"Crystallizer+1","floor":30},{"not_picked":["Echo Form","Buffer"],"picked":"Electrodynamics","floor":33},{"not_picked":["Cold Snap+1","Steam"],"picked":"Coolheaded+1","floor":35},{"not_picked":["Sweeping Beam+1","Streamline"],"picked":"Turbo","floor":37},{"not_picked":["Redo","Compile Driver+1"],"picked":"Go for the Eyes+1","floor":38},{"not_picked":["infinitespire:TheBestDefense","infinitespire:Menacing"],"picked":"infinitespire:FutureSight","floor":39},{"not_picked":["Cold Snap","Beam Cell"],"picked":"Compile Driver","floor":40},{"not_picked":["Genetic Algorithm+1","Crystallizer+1"],"picked":"Chaos+1","floor":42},{"not_picked":["Gash","Go for the Eyes+1"],"picked":"Loop+1","floor":46},{"not_picked":["All For One","Cold Snap+1"],"picked":"Time Bomb+1","floor":47},{"not_picked":["Turbo","Panic Button+1"],"picked":"Defragment+1","floor":48}],"player_experience":13595,"relics_obtained":[{"floor":3,"key":"ReplayTheSpireMod:Lightbulb"},{"floor":6,"key":"infinitespire:Freezer"},{"floor":9,"key":"infinitespire:Satchel"},{"floor":10,"key":"Bronze Scales"},{"floor":19,"key":"Ring of Panic"},{"floor":19,"key":"ReplayTheSpireMod:Ring of Challenge"},{"floor":25,"key":"Vajra"},{"floor":25,"key":"Gremlin Food"},{"floor":26,"key":"Pen Nib"},{"floor":32,"key":"Boot"},{"floor":37,"key":"Replay:Antivirus Software"},{"floor":40,"key":"Replay:Wax Seal"},{"floor":40,"key":"Frozen Egg 2"},{"floor":42,"key":"PreservedInsect"},{"floor":42,"key":"Replay:Mystery Machine"},{"floor":43,"key":"InkBottle"},{"floor":47,"key":"Golden Egg"}],"event_choices":[{"damage_healed":0,"gold_gain":0,"player_choice":"Ignored","damage_taken":0,"max_hp_gain":0,"max_hp_loss":0,"event_name":"Golden Wing","floor":8,"gold_loss":0},{"damage_healed":0,"gold_gain":0,"player_choice":"Gave Potion","damage_taken":0,"relics_obtained":["Orichalcum"],"max_hp_gain":0,"max_hp_loss":0,"event_name":"WeMeetAgain","floor":20,"gold_loss":0},{"cards_removed":["ReplayTheSpireMod:Reroute Power"],"damage_healed":0,"gold_gain":0,"player_choice":"Purged","damage_taken":0,"max_hp_gain":0,"max_hp_loss":0,"event_name":"Purifier","floor":24,"gold_loss":0},{"cards_removed":["Strike_B"],"damage_healed":0,"gold_gain":0,"player_choice":"Removed Attack","damage_taken":0,"max_hp_gain":0,"max_hp_loss":0,"event_name":"Falling","floor":36,"gold_loss":0},{"damage_healed":0,"gold_gain":0,"player_choice":"Ignored","damage_taken":0,"max_hp_gain":0,"max_hp_loss":0,"event_name":"Tomb of Lord Red Mask","floor":45,"gold_loss":0}],"is_beta":false,"boss_relics":[{"not_picked":["Kintsugi","infinitespire:Cupcake"],"picked":"Black Star"},{"not_picked":["Painkiller Herb","Replay:Wanted Poster"],"picked":"Snecko Eye"}],"items_purged_floors":[],"is_endless":false,"potions_floor_spawned":[1,13,16,22,25,37,46,47,48],"ascension_level":0}}