{"host":"36mulxq349byzoa2","time":1609975522,"event":{"mods":["AchievementEnabler","BaseMod","Better Match","Block Reminder","Colored Map","Colored Powertips","Minty Spire (QoL Compilation)","Rare Cards Sparkle","StSLib","SuperFastMode"],"gold_per_floor":[110,90,38,38,49,84,98,131,131,156,156,156,170,5,5,5,5],"floor_reached":16,"playtime":358,"items_purged":["Strike_G"],"score":279,"play_id":"e0563eee-9c5a-422d-b9cf-844c09454c45","local_time":"20210106182522","is_ascension_mode":true,"campfire_choices":[{"floor":11,"key":"REST"},{"floor":15,"key":"REST"}],"circlet_count":0,"master_deck":["AscendersBane","Strike_G","Strike_G","Strike_G","Strike_G","Defend_G","Defend_G","Defend_G","Defend_G","Defend_G","Survivor","Neutralize","Bane","Dagger Throw","Quick Slash","Finisher","Blade Dance","Cloak And Dagger","Blur","Accuracy+1"],"relics":["Ring of the Snake","NeowsBlessing","Paper Crane","Frozen Egg 2","HornCleat","Darkstone Periapt"],"acts_visited":["Exordium"],"potions_floor_usage":[10],"damage_taken":[{"damage":0.0,"enemies":"Jaw Worm","floor":1.0,"turns":1.0},{"damage":0.0,"enemies":"Cultist","floor":5.0,"turns":1.0},{"damage":0.0,"enemies":"Gremlin Nob","floor":6.0,"turns":1.0},{"damage":1.0,"enemies":"2 Louse","floor":7.0,"turns":3.0},{"damage":21.0,"enemies":"Lagavulin","floor":8.0,"turns":7.0},{"damage":19,"enemies":"Gremlin Nob","floor":10,"turns":4},{"damage":26,"enemies":"Large Slime","floor":13,"turns":6},{"damage":46,"enemies":"Hexaghost","floor":16,"turns":11}],"seed_played":"-6565363974579915970","potions_obtained":[{"floor":2.0,"key":"EssenceOfSteel"},{"floor":5.0,"key":"Weak Potion"},{"floor":6.0,"key":"GhostInAJar"},{"floor":8.0,"key":"Ancient Potion"}],"is_trial":false,"path_per_floor":["M","?","$","?","M","E","M","E","T","E","R","?","M","$","R","B"],"character_chosen":"THE_SILENT","items_purchased":["Dagger Throw","Accuracy+1"],"campfire_rested":2,"item_purchase_floors":[3,14],"current_hp_per_floor":[59,59,59,48,48,48,47,26,26,7,26,48,22,22,41,0,0],"gold":5,"neow_bonus":"THREE_ENEMY_KILL","is_daily":false,"chose_seed":false,"campfire_upgraded":0,"win_rate":0.0,"timestamp":1609975522,"path_taken":["M","?","?","?","M","E","M","E","T","E","R","?","M","$","R","BOSS"],"items_purchased_type":["Card","Card"],"build_version":"2020-12-22","purchased_purges":1,"victory":false,"max_hp_per_floor":[66,66,66,66,66,66,66,66,66,66,66,66,66,66,66,66,66],"card_choices":[{"not_picked":["Sucker Punch","Acrobatics"],"picked":"Bane","floor":1.0},{"not_picked":["Bane","Deflect"],"picked":"Quick Slash","floor":5.0},{"not_picked":["Tactician","Dodge and Roll"],"picked":"Finisher","floor":6.0},{"not_picked":["Choke","PiercingWail"],"picked":"Blade Dance","floor":7.0},{"not_picked":["Leg Sweep","Acrobatics"],"picked":"Cloak And Dagger","floor":8.0},{"not_picked":["Riddle With Holes","Quick Slash","Heel Hook"],"picked":"SKIP","floor":10},{"not_picked":["Reflex","Slice"],"picked":"Blur","floor":13}],"player_experience":1008420,"relics_obtained":[{"floor":6.0,"key":"Paper Crane"},{"floor":8.0,"key":"Frozen Egg 2"},{"floor":9.0,"key":"HornCleat"},{"floor":10,"key":"Darkstone Periapt"}],"event_choices":[{"damage_healed":0.0,"max_hp_gain":0.0,"max_hp_loss":0.0,"gold_gain":0.0,"event_name":"The Woman in Blue","player_choice":"Bought 1 Potion","floor":2.0,"gold_loss":0.0,"damage_taken":0.0},{"damage_healed":0.0,"max_hp_gain":0.0,"max_hp_loss":0.0,"gold_gain":0.0,"event_name":"Scrap Ooze","player_choice":"Fled","floor":4.0,"gold_loss":0.0,"damage_taken":11.0},{"damage_healed":22,"gold_gain":0,"player_choice":"Banana","damage_taken":0,"max_hp_gain":0,"max_hp_loss":0,"event_name":"Big Fish","floor":12,"gold_loss":0}],"is_beta":false,"boss_relics":[],"items_purged_floors":[14],"is_endless":false,"potions_floor_spawned":[5,6,8],"killed_by":"Hexaghost","ascension_level":19}}