{"host":"w9yruvs4bqht6bhw","time":1609976511,"event":{"mods":["BaseMod","Colored Powertips","Minty Spire (QoL Compilation)"],"gold_per_floor":[119,119,143,143,143,143,178,203,203,32,47,47,66,84,84,214,214,232,132,132,148,148,148],"floor_reached":22,"playtime":506,"items_purged":["Bash","Strike_R"],"score":295,"play_id":"44812586-c4b5-4d6a-a7c7-af1a006f7184","local_time":"20210106184151","is_ascension_mode":true,"campfire_choices":[{"data":"Anger","floor":6,"key":"SMITH"},{"data":"Defend_R","floor":12,"key":"SMITH"},{"data":"Rampage","floor":15,"key":"SMITH"}],"circlet_count":0,"master_deck":["Strike_R","Strike_R+1","Strike_R","Defend_R","Defend_R","Defend_R","Defend_R+1","Anger+1","Thunderclap+1","Reaper","Clash","Rampage+1","Flex","Headbutt"],"relics":["Burning Blood","NeowsBlessing","Golden Idol","Darkstone Periapt","Ornamental Fan"],"acts_visited":["Exordium","TheCity"],"potions_floor_usage":[11,16,21,21],"damage_taken":[{"damage":0,"enemies":"Small Slimes","floor":1,"turns":1},{"damage":0,"enemies":"Cultist","floor":3,"turns":1},{"damage":0,"enemies":"Lagavulin","floor":7,"turns":1},{"damage":8,"enemies":"Jaw Worm","floor":8,"turns":4},{"damage":0,"enemies":"Looter","floor":11,"turns":2},{"damage":10,"enemies":"Red Slaver","floor":13,"turns":2},{"damage":7,"enemies":"Gremlin Gang","floor":14,"turns":2},{"damage":42,"enemies":"The Guardian","floor":16,"turns":8},{"damage":24,"enemies":"Spheric Guardian","floor":18,"turns":4},{"damage":16,"enemies":"3 Byrds","floor":21,"turns":4},{"damage":46,"enemies":"Shelled Parasite and Fungi","floor":22,"turns":4}],"seed_played":"-2225258074440461087","potions_obtained":[{"floor":3,"key":"AttackPotion"},{"floor":8,"key":"ColorlessPotion"},{"floor":14,"key":"Strength Potion"},{"floor":18,"key":"PowerPotion"}],"is_trial":false,"path_per_floor":["M","?","M","?","?","R","E","M","T","$","M","R","M","M","R","B",null,"M","$","?","M","M"],"character_chosen":"IRONCLAD","items_purchased":["CultistPotion"],"campfire_rested":0,"item_purchase_floors":[10],"current_hp_per_floor":[78,74,74,59,59,59,65,63,63,63,69,69,65,67,67,41,66,48,48,39,38,0,0],"gold":148,"neow_bonus":"THREE_ENEMY_KILL","is_daily":false,"chose_seed":false,"campfire_upgraded":3,"win_rate":0.0,"timestamp":1609976511,"path_taken":["M","?","M","?","?","R","E","?","T","?","M","R","M","?","R","BOSS","M","$","?","M","M"],"items_purchased_type":["Potion"],"build_version":"2020-12-22","purchased_purges":2,"victory":false,"max_hp_per_floor":[80,74,74,74,74,74,74,74,74,74,74,74,74,74,74,74,74,74,74,74,74,74,74],"card_choices":[{"not_picked":["Dual Wield","Shrug It Off"],"picked":"Anger","floor":1},{"not_picked":["Armaments","Cleave"],"picked":"Thunderclap","floor":3},{"not_picked":["Heavy Blade","Immolate"],"picked":"Reaper","floor":7},{"not_picked":["Hemokinesis","Searing Blow"],"picked":"Clash","floor":8},{"not_picked":["Sword Boomerang","Headbutt","Carnage"],"picked":"SKIP","floor":11},{"not_picked":["Iron Wave","Sword Boomerang"],"picked":"Rampage","floor":13},{"not_picked":["Intimidate","Wild Strike"],"picked":"Flex","floor":14},{"not_picked":["Feel No Pain","Entrench","Dropkick+1"],"picked":"SKIP","floor":18},{"not_picked":["Headbutt","Infernal Blade","Combust"],"picked":"SKIP","floor":21},{"not_picked":["Infernal Blade","Combust"],"picked":"Headbutt","floor":21}],"player_experience":340068,"relics_obtained":[{"floor":7,"key":"Darkstone Periapt"},{"floor":9,"key":"Ornamental Fan"}],"event_choices":[{"damage_healed":0,"gold_gain":0,"player_choice":"Lose Max HP","damage_taken":0,"relics_obtained":["Golden Idol"],"max_hp_gain":0,"max_hp_loss":6,"event_name":"Golden Idol","floor":2,"gold_loss":0},{"damage_healed":0,"gold_gain":0,"player_choice":"Entered Light","damage_taken":15,"max_hp_gain":0,"max_hp_loss":0,"event_name":"Shining Light","floor":4,"gold_loss":0,"cards_upgraded":["Thunderclap","Strike_R"]},{"cards_removed":["Strike_R"],"damage_healed":0,"gold_gain":0,"player_choice":"Purged","damage_taken":0,"max_hp_gain":0,"max_hp_loss":0,"event_name":"Purifier","floor":5,"gold_loss":0},{"damage_healed":0,"gold_gain":0,"player_choice":"Stopped","damage_taken":9,"max_hp_gain":0,"max_hp_loss":0,"event_name":"Cursed Tome","floor":20,"gold_loss":0}],"is_beta":false,"boss_relics":[{"not_picked":["Calling Bell","Snecko Eye","Runic Cube"]}],"items_purged_floors":[10,19],"is_endless":false,"potions_floor_spawned":[3,8,14,18],"killed_by":"Shelled Parasite and Fungi","ascension_level":8}}