{"host":"873t0y8ybyo38pfq","time":1609960623,"event":{"mods":["BaseMod","Bestiary","Colored Map","Colored Powertips","Highlight Path","Minty Spire (QoL Compilation)","Quick Restart","RNG Fix","Rare Cards Sparkle","Relic Stats","StSLib"],"gold_per_floor":[111,111,134,21,96,96,127,127,127,158,179,193,25,96,96,192,192,173,173,173],"floor_reached":19,"playtime":572,"items_purged":["Strike_B"],"score":446,"play_id":"295b7ded-b1d2-4fec-a7f3-ac52431b2e86","local_time":"20210106141703","is_ascension_mode":true,"campfire_choices":[{"data":"Defragment","floor":6,"key":"SMITH"},{"floor":15,"key":"REST"}],"circlet_count":0,"master_deck":["AscendersBane","Strike_B","Strike_B","Defend_B","Defend_B","Defend_B","Defend_B","Zap","Dualcast","Hello World","Doom and Gloom","Defragment+1","Cold Snap","Coolheaded","Redo","Compile Driver","Double Energy","Capacitor+1","Conserve Battery","Coolheaded","Fission"],"relics":["Cracked Core","NeowsBlessing","Bag of Marbles","Shovel","Golden Idol","Frozen Egg 2","Ornamental Fan","MealTicket","Coffee Dripper"],"acts_visited":["Exordium","TheCity"],"potions_floor_usage":[14,14],"damage_taken":[{"damage":0,"enemies":"Jaw Worm","floor":1,"turns":1},{"damage":0,"enemies":"Gremlin Nob","floor":7,"turns":1},{"damage":0,"enemies":"Lagavulin","floor":10,"turns":1},{"damage":10,"enemies":"2 Louse","floor":11,"turns":2},{"damage":2,"enemies":"Cultist","floor":12,"turns":3},{"damage":39,"enemies":"Gremlin Nob","floor":14,"turns":5},{"damage":20,"enemies":"The Guardian","floor":16,"turns":14},{"damage":28,"enemies":"2 Thieves","floor":18,"turns":4},{"damage":21,"enemies":"3 Byrds","floor":19,"turns":4}],"seed_played":"7115232386309057030","potions_obtained":[{"floor":11,"key":"SpeedPotion"},{"floor":12,"key":"Weak Potion"},{"floor":18,"key":"Ancient Potion"}],"is_trial":false,"path_per_floor":["M","?","T","$","?","R","E","?","T","E","M","M","$","?","R","B",null,"M","M"],"character_chosen":"DEFECT","items_purchased":["Defragment","Cold Snap","Capacitor+1","Conserve Battery"],"campfire_rested":1,"item_purchase_floors":[4,4,13,13],"current_hp_per_floor":[64,64,64,64,53,53,53,53,53,53,43,41,41,2,21,1,48,20,0,0],"gold":173,"neow_bonus":"THREE_ENEMY_KILL","is_daily":false,"chose_seed":false,"campfire_upgraded":1,"win_rate":0.0,"timestamp":1609960623,"path_taken":["M","?","?","?","?","R","E","?","T","E","M","M","$","?","R","BOSS","M","M"],"items_purchased_type":["Card","Card","Card","Card"],"build_version":"2020-12-22","purchased_purges":1,"victory":false,"max_hp_per_floor":[71,71,71,71,71,71,71,64,64,64,64,64,64,64,64,64,64,64,64,64],"relic_stats":{"Shovel":0,"counters":[9,35],"Golden Idol":57,"Ornamental Fan":[24],"MealTicket":0,"obtain_stats":[{"Shovel":7,"NeowsBlessing":0,"Golden Idol":8,"Ornamental Fan":10,"MealTicket":14,"Bag of Marbles":3,"Coffee Dripper":17,"Frozen Egg 2":9,"Cracked Core":0},{"Shovel":2,"NeowsBlessing":0,"Golden Idol":2,"Ornamental Fan":3,"MealTicket":6,"Bag of Marbles":1,"Coffee Dripper":7,"Frozen Egg 2":2,"Cracked Core":0},{"Shovel":2,"NeowsBlessing":0,"Golden Idol":2,"Ornamental Fan":3,"MealTicket":13,"Bag of Marbles":1,"Coffee Dripper":27,"Frozen Egg 2":2,"Cracked Core":0}]},"card_choices":[{"not_picked":["BootSequence","Redo"],"picked":"Hello World","floor":1},{"not_picked":["Meteor Strike","Doom and Gloom"],"picked":"Coolheaded","floor":7},{"not_picked":["Sunder","Double Energy"],"picked":"Redo","floor":10},{"not_picked":["Turbo","Reinforced Body"],"picked":"Compile Driver","floor":11},{"not_picked":["Beam Cell","Cold Snap"],"picked":"Double Energy","floor":12},{"not_picked":["Go for the Eyes","Meteor Strike"],"picked":"Coolheaded","floor":14},{"not_picked":["Meteor Strike","Thunder Strike"],"picked":"Fission","floor":16},{"not_picked":["Double Energy","Beam Cell+1","Sweeping Beam"],"picked":"SKIP","floor":18}],"player_experience":1528670,"relics_obtained":[{"floor":3,"key":"Bag of Marbles"},{"floor":7,"key":"Shovel"},{"floor":9,"key":"Frozen Egg 2"},{"floor":10,"key":"Ornamental Fan"},{"floor":14,"key":"MealTicket"}],"event_choices":[{"damage_healed":0,"gold_gain":0,"cards_transformed":["Strike_B"],"player_choice":"Change","damage_taken":0,"max_hp_gain":0,"max_hp_loss":0,"event_name":"Living Wall","floor":2,"gold_loss":0,"cards_obtained":["Doom and Gloom"]},{"damage_healed":0,"gold_gain":75,"player_choice":"Gather Gold","damage_taken":11,"max_hp_gain":0,"max_hp_loss":0,"event_name":"World of Goop","floor":5,"gold_loss":0},{"damage_healed":0,"gold_gain":0,"player_choice":"Lose Max HP","damage_taken":0,"relics_obtained":["Golden Idol"],"max_hp_gain":0,"max_hp_loss":7,"event_name":"Golden Idol","floor":8,"gold_loss":0},{"damage_healed":0,"gold_gain":0,"player_choice":"Searched \u00271\u0027 times","damage_taken":0,"max_hp_gain":0,"max_hp_loss":0,"event_name":"Dead Adventurer","floor":14,"gold_loss":0}],"is_beta":false,"boss_relics":[{"not_picked":["Empty Cage","Pandora\u0027s Box"],"picked":"Coffee Dripper"}],"items_purged_floors":[13],"is_endless":false,"potions_floor_spawned":[11,12,18],"killed_by":"3 Byrds","ascension_level":20}}