{"host":"Bilverbakes","time":1609910793,"event":{"mods":["2.2 Compatiblity","AchievementEnabler","BaseMod","Bestiary","Colored Map","Minty Spire (QoL Compilation)","Relic Stats","StSLib","ojb\u0027s Info Mod"],"gold_per_floor":[111,129,129,142,142,142,173,173,173,207,232,271,295,314,314,409,409,424,15,31,52,67,111,111,150,174,208,208,221,239,209,209,305,305,319,335,335,349,364,408,408,446,500,539,559,580,615,406,406,406,406,406,48,86,86],"floor_reached":56,"playtime":4376,"items_purged":["Strike_P+1","Strike_P+1"],"score":2402,"play_id":"2e7f19ce-6437-491e-b9b1-be0f659bb385","local_time":"20210105232633","is_ascension_mode":true,"campfire_choices":[{"data":"Wallop","floor":6.0,"key":"SMITH"},{"data":"Vengeance","floor":8.0,"key":"SMITH"},{"data":"BowlingBash","floor":15.0,"key":"SMITH"},{"data":"Ragnarok","floor":24.0,"key":"SMITH"},{"data":"Protect","floor":32.0,"key":"SMITH"},{"floor":41.0,"key":"RECALL"},{"data":"Tantrum","floor":49.0,"key":"SMITH"}],"circlet_count":0,"master_deck":["AscendersBane","Strike_P+1","Strike_P+1","Defend_P+1","Defend_P+1","Defend_P+1","Eruption+1","Vigilance+1","Protect+1","Wallop+1","Vengeance+1","EmptyFist+1","BowlingBash+1","LessonLearned+1","FearNoEvil+1","ClearTheMind+1","Ragnarok+1","Wallop+1","WaveOfTheHand+1","Collect+1","Vault+1","Swivel+1","CrushJoints+1","Swivel+1","Tantrum+1","Enlightenment","Panacea","Tantrum","WheelKick+1"],"relics":["Coffee Dripper","Golden Idol","Lizard Tail","Question Card","The Courier","Potion Belt","Snecko Eye","Pocketwatch","DollysMirror","StoneCalendar","Matryoshka","Whetstone","Bottled Flame","Empty Cage","Kunai","Vajra","Shuriken","Centennial Puzzle","Blood Vial","Pen Nib","Lee\u0027s Waffle","Damaru"],"acts_visited":["Exordium","TheCity","TheBeyond","TheEnding"],"potions_floor_usage":[54,55,55,55,55,55,55,55],"damage_taken":[{"damage":0.0,"enemies":"Jaw Worm","floor":1.0,"turns":3.0},{"damage":5.0,"enemies":"2 Louse","floor":2.0,"turns":2.0},{"damage":0.0,"enemies":"Cultist","floor":4.0,"turns":4.0},{"damage":10.0,"enemies":"Gremlin Nob","floor":7.0,"turns":4.0},{"damage":3.0,"enemies":"Lagavulin","floor":10.0,"turns":6.0},{"damage":11.0,"enemies":"3 Louse","floor":11.0,"turns":2.0},{"damage":0.0,"enemies":"Gremlin Nob","floor":12.0,"turns":3.0},{"damage":17.0,"enemies":"Exordium Thugs","floor":13.0,"turns":5.0},{"damage":6.0,"enemies":"Looter","floor":14.0,"turns":4.0},{"damage":5.0,"enemies":"Slime Boss","floor":16.0,"turns":5.0},{"damage":0.0,"enemies":"Chosen","floor":18.0,"turns":4.0},{"damage":0.0,"enemies":"Shell Parasite","floor":20.0,"turns":3.0},{"damage":8.0,"enemies":"Shelled Parasite and Fungi","floor":21.0,"turns":4.0},{"damage":2.0,"enemies":"Centurion and Healer","floor":22.0,"turns":4.0},{"damage":0.0,"enemies":"Gremlin Leader","floor":23.0,"turns":7.0},{"damage":17.0,"enemies":"Slavers","floor":25.0,"turns":4.0},{"damage":0.0,"enemies":"Book of Stabbing","floor":27.0,"turns":4.0},{"damage":0.0,"enemies":"Cultist and Chosen","floor":29.0,"turns":4.0},{"damage":0.0,"enemies":"Snecko","floor":30.0,"turns":2.0},{"damage":0.0,"enemies":"Champ","floor":33.0,"turns":6.0},{"damage":0.0,"enemies":"3 Shapes","floor":35.0,"turns":4.0},{"damage":0.0,"enemies":"3 Darklings","floor":36.0,"turns":6.0},{"damage":0.0,"enemies":"Writhing Mass","floor":38.0,"turns":7.0},{"damage":7.0,"enemies":"Spire Growth","floor":39.0,"turns":4.0},{"damage":11.0,"enemies":"Nemesis","floor":40.0,"turns":8.0},{"damage":0.0,"enemies":"Giant Head","floor":42.0,"turns":6.0},{"damage":0.0,"enemies":"Reptomancer","floor":44.0,"turns":5.0},{"damage":0.0,"enemies":"Maw","floor":45.0,"turns":5.0},{"damage":0.0,"enemies":"Transient","floor":46.0,"turns":6.0},{"damage":0.0,"enemies":"Giant Head","floor":47.0,"turns":6.0},{"damage":15.0,"enemies":"Time Eater","floor":50.0,"turns":5.0},{"damage":0,"enemies":"Shield and Spear","floor":54,"turns":2},{"damage":31,"enemies":"The Heart","floor":55,"turns":6}],"seed_played":"5702231451624300148","potions_obtained":[{"floor":1.0,"key":"Block Potion"},{"floor":2.0,"key":"LiquidBronze"},{"floor":13.0,"key":"EntropicBrew"},{"floor":14.0,"key":"Strength Potion"},{"floor":16.0,"key":"FearPotion"},{"floor":20.0,"key":"Explosive Potion"},{"floor":30.0,"key":"FearPotion"},{"floor":31.0,"key":"Explosive Potion"},{"floor":31.0,"key":"Energy Potion"},{"floor":38.0,"key":"BottledMiracle"},{"floor":40.0,"key":"PowerPotion"},{"floor":45.0,"key":"Ambrosia"}],"is_trial":false,"path_per_floor":["M","M","?","M","?","R","E","R","T","E","M","E","M","M","R","B",null,"M","$","M","M","M","E","R","E","T","E","?","M","M","?","R","B",null,"M","M","?","M","M","E","R","E","T","E","M","M","E","$","R","B",null,"R","$","E","B",null],"character_chosen":"WATCHER","items_purchased":["Pocketwatch","DollysMirror","Weak Potion","Lee\u0027s Waffle","Tantrum","FearPotion","PowerPotion","Enlightenment","Panacea","Tantrum"],"campfire_rested":0,"item_purchase_floors":[19,19,19,48,48,53,53,53,53,53],"current_hp_per_floor":[61,56,56,56,56,56,46,46,46,43,32,32,15,9,9,4,48,48,48,48,40,38,38,38,21,21,21,21,21,21,21,21,21,53,53,53,53,53,46,35,35,35,35,35,37,39,41,70,70,55,66,66,66,68,39],"gold":86,"neow_bonus":"BOSS_RELIC","is_daily":false,"chose_seed":false,"campfire_upgraded":6,"win_rate":0.0,"timestamp":1609910793,"path_taken":["M","M","?","M","?","R","E","R","T","E","M","E","M","M","R","BOSS","M","$","M","M","M","E","R","E","T","E","?","M","?","?","R","BOSS","M","M","?","M","M","E","R","E","T","E","M","M","E","$","R","BOSS","R","$","E","BOSS"],"items_purchased_type":["Relic","Relic","Potion","Relic","Card","Potion","Potion","Card","Card","Card"],"build_version":"2020-12-18","purchased_purges":2,"victory":true,"max_hp_per_floor":[68,68,68,68,63,63,63,63,63,63,63,63,63,63,63,63,63,63,63,63,63,63,63,63,63,63,63,63,63,63,63,63,63,63,63,63,63,63,63,63,63,63,63,63,63,63,63,70,70,70,70,70,70,70,70],"relic_stats":{"Lee\u0027s Waffle":29,"counters":[33,150],"Golden Idol":215,"StoneCalendar":[1],"Pen Nib":[3],"Whetstone":["Strike_P","FearNoEvil"],"Question Card":27,"Blood Vial":10,"Lizard Tail":0,"Centennial Puzzle":[6],"Shuriken":[20],"Snecko Eye":[200,192,229,198],"Kunai":[24],"obtain_stats":[{"Potion Belt":12,"Lee\u0027s Waffle":48,"Golden Idol":5,"Vajra":42,"Damaru":54,"StoneCalendar":23,"The Courier":10,"Pen Nib":47,"Whetstone":26,"Question Card":9,"Empty Cage":34,"Blood Vial":44,"Lizard Tail":7,"Bottled Flame":27,"Centennial Puzzle":43,"Matryoshka":25,"DollysMirror":19,"Shuriken":43,"Snecko Eye":17,"Coffee Dripper":0,"Kunai":40,"PureWater":0,"Pocketwatch":19},{"Potion Belt":7,"Lee\u0027s Waffle":30,"Golden Idol":3,"Vajra":26,"Damaru":32,"StoneCalendar":15,"The Courier":5,"Pen Nib":30,"Whetstone":16,"Question Card":4,"Empty Cage":20,"Blood Vial":27,"Lizard Tail":4,"Bottled Flame":17,"Centennial Puzzle":26,"Matryoshka":16,"DollysMirror":11,"Shuriken":26,"Snecko Eye":10,"Coffee Dripper":0,"Kunai":25,"PureWater":0,"Pocketwatch":11},{"Potion Belt":24,"Lee\u0027s Waffle":137,"Golden Idol":9,"Vajra":115,"Damaru":144,"StoneCalendar":60,"The Courier":19,"Pen Nib":137,"Whetstone":64,"Question Card":13,"Empty Cage":80,"Blood Vial":120,"Lizard Tail":13,"Bottled Flame":68,"Centennial Puzzle":115,"Matryoshka":64,"DollysMirror":42,"Shuriken":115,"Snecko Eye":38,"Coffee Dripper":0,"Kunai":109,"PureWater":0,"Pocketwatch":42}],"Pocketwatch":[68]},"card_choices":[{"not_picked":["Weave","Halt"],"picked":"Protect","floor":1.0},{"not_picked":["EmptyBody","Swivel"],"picked":"FlurryOfBlows","floor":2.0},{"not_picked":["DeceiveReality","Consecrate"],"picked":"Wallop","floor":4.0},{"not_picked":["Consecrate","ReachHeaven"],"picked":"Vengeance","floor":7.0},{"not_picked":["CrushJoints","Pray","Brilliance"],"picked":"EmptyFist","floor":10.0},{"not_picked":["DeceiveReality","Protect","CutThroughFate"],"picked":"BowlingBash","floor":11.0},{"not_picked":["FlyingSleeves","Protect","Perseverance"],"picked":"LessonLearned","floor":12.0},{"not_picked":["EmptyBody","Halt","ThirdEye"],"picked":"FearNoEvil","floor":13.0},{"not_picked":["FlyingSleeves","BowlingBash","CrushJoints"],"picked":"ClearTheMind","floor":14.0},{"not_picked":["MasterReality","Devotion","Judgement"],"picked":"Ragnarok","floor":16.0},{"not_picked":["BowlingBash","Protect","Evaluate","PathToVictory"],"picked":"SKIP","floor":18.0},{"not_picked":["Halt","Prostrate","Collect","BowlingBash"],"picked":"SKIP","floor":20.0},{"not_picked":["Halt","Prostrate","Collect","BowlingBash"],"picked":"SKIP","floor":20.0},{"not_picked":["Halt","JustLucky","WindmillStrike","FlyingSleeves"],"picked":"SKIP","floor":21.0},{"not_picked":["BowlingBash","Consecrate","JustLucky"],"picked":"WaveOfTheHand","floor":22.0},{"not_picked":["CutThroughFate","ConjureBlade","PathToVictory"],"picked":"Collect+1","floor":23.0},{"not_picked":["JustLucky","ThirdEye","EmptyBody","ReachHeaven"],"picked":"SKIP","floor":25.0},{"not_picked":["EmptyBody","Nirvana","Crescendo"],"picked":"Wallop","floor":27.0},{"not_picked":["MentalFortress","SignatureMove","Pray","ThirdEye"],"picked":"SKIP","floor":29.0},{"not_picked":["Protect","EmptyFist","CutThroughFate","EmptyBody"],"picked":"SKIP","floor":30.0},{"not_picked":["SpiritShield","Establishment","Wish"],"picked":"Vault","floor":33.0},{"not_picked":["Consecrate","Prostrate","Evaluate","Halt+1"],"picked":"SKIP","floor":35.0},{"not_picked":["EmptyFist","BowlingBash","MasterReality"],"picked":"Swivel","floor":36.0},{"not_picked":["Crescendo","Pray","PathToVictory","CutThroughFate"],"picked":"SKIP","floor":38.0},{"not_picked":["SashWhip","Alpha","Protect+1"],"picked":"CrushJoints","floor":39.0},{"not_picked":["Vengeance","Protect","WindmillStrike+1","CarveReality"],"picked":"SKIP","floor":40.0},{"not_picked":["Crescendo","BattleHymn","Pray+1","Protect"],"picked":"SKIP","floor":42.0},{"not_picked":["CutThroughFate","Establishment","Conclude","BowlingBash+1"],"picked":"SKIP","floor":44.0},{"not_picked":["Crescendo+1","Collect+1","Sanctity","CutThroughFate"],"picked":"SKIP","floor":45.0},{"not_picked":["Protect","CarveReality+1","CutThroughFate","Adaptation+1"],"picked":"SKIP","floor":46.0},{"not_picked":["Evaluate+1","MasterReality","ThirdEye+1"],"picked":"Swivel","floor":47.0},{"not_picked":["SashWhip","FlyingSleeves+1","Indignation+1"],"picked":"WheelKick+1","floor":54}],"player_experience":608848,"relics_obtained":[{"floor":7.0,"key":"Lizard Tail"},{"floor":9.0,"key":"Question Card"},{"floor":10.0,"key":"The Courier"},{"floor":12.0,"key":"Potion Belt"},{"floor":23.0,"key":"StoneCalendar"},{"floor":25.0,"key":"Matryoshka"},{"floor":26.0,"key":"Whetstone"},{"floor":27.0,"key":"Bottled Flame"},{"floor":40.0,"key":"Kunai"},{"floor":42.0,"key":"Vajra"},{"floor":43.0,"key":"Shuriken"},{"floor":43.0,"key":"Centennial Puzzle"},{"floor":44.0,"key":"Blood Vial"},{"floor":47.0,"key":"Pen Nib"},{"floor":54,"key":"Damaru"}],"event_choices":[{"damage_healed":0.0,"max_hp_gain":0.0,"max_hp_loss":0.0,"gold_gain":0.0,"event_name":"Living Wall","player_choice":"Grow","floor":3.0,"gold_loss":0.0,"damage_taken":0.0,"cards_upgraded":["Eruption"]},{"damage_healed":0.0,"max_hp_gain":0.0,"max_hp_loss":5.0,"gold_gain":0.0,"event_name":"Golden Idol","player_choice":"Lose Max HP","floor":5.0,"gold_loss":0.0,"damage_taken":0.0,"relics_obtained":["Golden Idol"]},{"damage_healed":0.0,"max_hp_gain":0.0,"max_hp_loss":0.0,"gold_gain":0.0,"event_name":"Upgrade Shrine","player_choice":"Upgraded","floor":28.0,"gold_loss":0.0,"damage_taken":0.0,"cards_upgraded":["WaveOfTheHand"]},{"damage_healed":0.0,"max_hp_gain":0.0,"max_hp_loss":0.0,"gold_gain":0.0,"event_name":"The Woman in Blue","player_choice":"Bought 2 Potions","floor":31.0,"gold_loss":0.0,"damage_taken":0.0},{"cards_removed":["Wallop"],"damage_healed":0.0,"max_hp_gain":0.0,"max_hp_loss":0.0,"gold_gain":0.0,"event_name":"Falling","player_choice":"Removed Attack","floor":37.0,"gold_loss":0.0,"damage_taken":0.0}],"is_beta":true,"boss_relics":[{"not_picked":["Astrolabe","SacredBark"],"picked":"Snecko Eye"},{"not_picked":["Runic Pyramid","Black Star"],"picked":"Empty Cage"}],"items_purged_floors":[48,53],"is_endless":false,"potions_floor_spawned":[1,2,13,14,16,20,21,23,30,38,40,45,46],"ascension_level":14}}