{"host":"f5ezd1v29dtbwkzo","time":1609920790,"event":{"mods":["2.2 Compatiblity","BaseMod","Hermit","Hubris","Infinite Spire","Minty Spire (QoL Compilation)","Rare Cards Sparkle","Replay The Spire","StSLib"],"gold_per_floor":[115,127,202,216,30,57,70,70,70,70,83,83,93,110,110,209,209,228,245,26,42,56,89,89,14,62,76,87,87,100,100,100,203,203,235,158,211,243,243,243,291,291,316,316,364,364,29,44,44,44,44],"floor_reached":50,"playtime":1772,"items_purged":["Regret","Strike_R"],"score":701,"play_id":"5ec40cde-8899-4f4e-94c3-eded49a2393d","local_time":"20210106111310","is_ascension_mode":false,"campfire_choices":[{"data":"infinitespire:OneForAll","floor":8,"key":"SMITH"},{"data":"Anger","floor":12,"key":"SMITH"},{"data":"Iron Wave","floor":15,"key":"SMITH"},{"floor":24,"key":"REST"},{"data":"Iron Wave","floor":29,"key":"SMITH"},{"data":"Combust","floor":32,"key":"SMITH"},{"data":"Anger","floor":40,"key":"SMITH"},{"floor":49,"key":"REST"}],"circlet_count":0,"master_deck":["Defend_R","Defend_R","Bash","Combust+1","Blood for Blood","Cleave","Iron Wave+1","Spot Weakness+1","infinitespire:OneForAll+1","Thunderclap","Anger+1","Immolate","Blood for Blood","Iron Wave+1","Rampage+1","Fire Breathing+1","AbeCurse","Anger+1","Anger+1","Anger","Sadistic Nature","Replay:Many Hands"],"relics":["Burning Blood","Pet Ghost","Replay:Bottled Steam","Bronze Scales","Kintsugi","Oddly Smooth Stone","Bag of Preparation","Happy Flower","infinitespire:EvilPickle","Abe\u0027s Treasure","hubris:MedicalManual","Orichalcum","Paper Frog","ReplayTheSpireMod:Spearhead","Mirror","Bag of Marbles"],"acts_visited":["Exordium","TheCity","TheBeyond"],"potions_floor_usage":[6,16,23,33,33,37,38,46,48,48],"damage_taken":[{"damage":4,"enemies":"Small Slimes","floor":1,"turns":3},{"damage":6,"enemies":"Jaw Worm","floor":2,"turns":3},{"damage":3,"enemies":"2 Louse","floor":4,"turns":2},{"damage":21,"enemies":"3 Sentries","floor":6,"turns":5},{"damage":6,"enemies":"Red Slaver","floor":7,"turns":5},{"damage":8,"enemies":"Exordium Wildlife","floor":11,"turns":3},{"damage":10,"enemies":"Looter","floor":13,"turns":2},{"damage":3,"enemies":"Red Slaver","floor":14,"turns":3},{"damage":16,"enemies":"Hexaghost","floor":16,"turns":8},{"damage":13,"enemies":"3 Byrds","floor":18,"turns":3},{"damage":14,"enemies":"Chosen","floor":19,"turns":4},{"damage":27,"enemies":"Sentry and Sphere","floor":21,"turns":4},{"damage":3,"enemies":"Centurion and Healer","floor":22,"turns":5},{"damage":21,"enemies":"Book of Stabbing","floor":23,"turns":5},{"damage":9,"enemies":"Snake Plant","floor":27,"turns":2},{"damage":4,"enemies":"Cultist and Chosen","floor":28,"turns":4},{"damage":9,"enemies":"Snecko","floor":30,"turns":3},{"damage":44,"enemies":"Pondfish","floor":33,"turns":7},{"damage":0,"enemies":"Orb Walker","floor":35,"turns":2},{"damage":50,"enemies":"2 Orb Walkers","floor":37,"turns":4},{"damage":0,"enemies":"3 Darklings","floor":38,"turns":1},{"damage":40,"enemies":"R_Hoarder","floor":41,"turns":8},{"damage":20,"enemies":"Nemesis","floor":45,"turns":5},{"damage":0,"enemies":"Jaw Worm Horde","floor":46,"turns":1},{"damage":0,"enemies":"Writhing Mass","floor":48,"turns":2},{"damage":44,"enemies":"Awakened One","floor":50,"turns":5}],"seed_played":"3655280265909022343","potions_obtained":[{"floor":4,"key":"ColorlessPotion"},{"floor":7,"key":"SmokeBomb"},{"floor":11,"key":"Fire Potion"},{"floor":14,"key":"Dexterity Potion"},{"floor":19,"key":"Energy Potion"},{"floor":23,"key":"Explosive Potion"},{"floor":33,"key":"Reflective Coating"},{"floor":37,"key":"BlessingOfTheForge"},{"floor":45,"key":"EssenceOfSteel"}],"is_trial":false,"path_per_floor":["M","M","?","M","$","E","M","R","T","?","M","R","M","M","R","B",null,"M","M","$","M","M","E","R","?","T","M","M","R","M","?","R","B",null,"M","$","?","M","?","R","E","AVR","T","?","E","M","$","M","R","B"],"character_chosen":"IRONCLAD","items_purchased":["Pet Ghost","Spot Weakness","Oddly Smooth Stone","Regen Potion","Bag of Marbles","Sadistic Nature"],"campfire_rested":2,"item_purchase_floors":[5,5,20,36,47,47],"current_hp_per_floor":[80,80,69,72,72,57,57,57,57,57,55,55,51,54,54,44,80,73,65,65,44,47,32,56,56,56,53,55,55,52,52,52,14,80,80,80,45,51,51,51,22,22,22,22,8,14,14,20,44,0,0],"gold":44,"neow_bonus":"TRANSFORM_CARD","is_daily":false,"chose_seed":false,"campfire_upgraded":6,"win_rate":0.0,"timestamp":1609920790,"path_taken":["M","M","?","M","$","E","M","R","T","?","M","R","M","M","R","BOSS","M","M","$","M","M","E","R","?","T","M","M","R","M","?","R","BOSS","M","$","?","M","?","R","E","AVR","T","?","E","M","$","M","R","BOSS"],"items_purchased_type":["Relic","Card","Relic","Potion","Relic","Card"],"build_version":"2020-12-22","purchased_purges":2,"victory":false,"max_hp_per_floor":[80,80,80,80,80,80,80,80,80,80,80,80,80,80,80,80,80,80,80,80,80,80,80,80,80,80,80,80,80,80,80,80,80,80,80,80,80,80,80,80,80,80,80,80,80,80,80,80,80,80,80],"card_choices":[{"not_picked":["Dark Embrace","ReplayTheSpireMod:Muscle Training"],"picked":"Blood for Blood","floor":1},{"not_picked":["True Grit","Wild Strike"],"picked":"Cleave","floor":2},{"not_picked":["Armaments","Flex"],"picked":"Iron Wave","floor":4},{"not_picked":["Spot Weakness","Heavy Blade"],"picked":"infinitespire:OneForAll","floor":6},{"not_picked":["Replay:Undeath\u0027s Touch","Ghostly Armor"],"picked":"Thunderclap","floor":7},{"not_picked":["Armaments","Run Through"],"picked":"Anger","floor":11},{"not_picked":["Havoc","Life Link","Clothesline"],"picked":"SKIP","floor":13},{"not_picked":["Burning Pact","ReplayTheSpireMod:Strike From Hell","Massacre"],"picked":"SKIP","floor":14},{"not_picked":["Fiend Fire","Demonic Infusion"],"picked":"Immolate","floor":16},{"not_picked":["Perfected Strike","Replay:Undeath\u0027s Touch","Dual Wield"],"picked":"SKIP","floor":18},{"not_picked":["Heavy Blade","Twin Strike"],"picked":"Blood for Blood","floor":19},{"not_picked":["hubris:SharpeningStone","Dual Wield"],"picked":"Cleave","floor":21},{"not_picked":["ReplayTheSpireMod:LeadingStrike","True Grit"],"picked":"Iron Wave","floor":22},{"not_picked":["Clash","Havoc","Battle Trance"],"picked":"SKIP","floor":23},{"not_picked":["ReplayTheSpireMod:LeadingStrike+1","Sever Soul+1"],"picked":"Rampage+1","floor":27},{"not_picked":["Armaments","Havoc+1","Heavy Blade+1"],"picked":"SKIP","floor":28},{"not_picked":["ReplayTheSpireMod:Strike From Hell","Flex"],"picked":"Fire Breathing+1","floor":30},{"not_picked":["Iron Wave","Havoc+1","Reckless Charge"],"picked":"SKIP","floor":35},{"not_picked":["Heavy Blade+1","Body Slam"],"picked":"Anger","floor":37},{"not_picked":["Clothesline","Twin Strike","Wild Strike"],"picked":"SKIP","floor":38},{"not_picked":["Twin Strike","ReplayTheSpireMod:Strike From Hell"],"picked":"Anger+1","floor":41},{"not_picked":["Body Slam+1","Dark Embrace"],"picked":"Anger","floor":45},{"not_picked":["Abandon+1","Carnage"],"picked":"Replay:Many Hands","floor":48}],"player_experience":353016,"relics_obtained":[{"floor":6,"key":"Replay:Bottled Steam"},{"floor":9,"key":"Bronze Scales"},{"floor":23,"key":"Bag of Preparation"},{"floor":26,"key":"Happy Flower"},{"floor":37,"key":"hubris:MedicalManual"},{"floor":41,"key":"Orichalcum"},{"floor":43,"key":"ReplayTheSpireMod:Spearhead"},{"floor":45,"key":"Mirror"}],"event_choices":[{"damage_healed":0,"gold_gain":75,"player_choice":"Gather Gold","damage_taken":11,"max_hp_gain":0,"max_hp_loss":0,"event_name":"World of Goop","floor":3,"gold_loss":0},{"cards_removed":["Amnesia"],"damage_healed":0,"gold_gain":0,"player_choice":"Gave Gold","damage_taken":0,"max_hp_gain":0,"max_hp_loss":0,"event_name":"Beggar","floor":25,"gold_loss":75},{"damage_healed":0,"gold_gain":0,"player_choice":"Bought 0 Potions","damage_taken":0,"max_hp_gain":0,"max_hp_loss":0,"event_name":"The Woman in Blue","floor":31,"gold_loss":0},{"damage_healed":0,"gold_gain":0,"player_choice":"Fight","damage_taken":0,"max_hp_gain":0,"max_hp_loss":0,"event_name":"Mysterious Sphere","floor":37,"gold_loss":0},{"cards_removed":["Cleave"],"damage_healed":0,"gold_gain":0,"player_choice":"Card Removal","damage_taken":0,"max_hp_gain":0,"max_hp_loss":0,"event_name":"Wheel of Change","floor":44,"gold_loss":0}],"is_beta":false,"boss_relics":[{"not_picked":["Replay:Wanted Poster","hubris:CrackedHourglass"],"picked":"Kintsugi"},{"not_picked":["Snecko Eye","ReplayTheSpireMod:DimensionalGlitch"],"picked":"Abe\u0027s Treasure"}],"items_purged_floors":[20,42],"is_endless":false,"potions_floor_spawned":[4,7,11,14,19,21,23,33,37,45],"killed_by":"Awakened One","ascension_level":0}}