{"host":"15dd7v8o90xso62x","time":1609939677,"event":{"mods":["BaseMod","Minty Spire (QoL Compilation)","Quick Restart","StSLib","SuperFastMode"],"gold_per_floor":[112,212,66,66,66,66,94,94,119,146,161,195,211,211,211,282,282,299,349,93,18,18,18,48,60,72,100,130,156,168,180,180],"floor_reached":31,"playtime":661,"items_purged":["Strike_B"],"score":642,"play_id":"62ea1ad4-3876-4048-b4d6-65b479b3605a","local_time":"20210106222757","is_ascension_mode":true,"campfire_choices":[{"data":"White Noise","floor":6.0,"key":"SMITH"},{"data":"Chaos","floor":8.0,"key":"SMITH"},{"data":"Consume","floor":15.0,"key":"SMITH"},{"floor":23.0,"key":"DIG"},{"floor":25.0,"key":"DIG"}],"circlet_count":0,"master_deck":["AscendersBane","Strike_B","Strike_B","Defend_B","Defend_B","Defend_B","Defend_B","Zap","Dualcast","White Noise+1","Flash of Steel","Storm","Chaos+1","Consume+1","Defragment+1","Biased Cognition+1","Turbo","Defragment+1","Loop+1","Defragment+1"],"relics":["Cracked Core","NeowsBlessing","Frozen Egg 2","Bag of Preparation","Art of War","Vajra","Shovel","CultistMask","Fusion Hammer","Membership Card","MawBank","TungstenRod","Happy Flower"],"acts_visited":["Exordium","TheCity"],"potions_floor_usage":[],"damage_taken":[{"damage":0.0,"enemies":"Jaw Worm","floor":1.0,"turns":1.0},{"damage":0.0,"enemies":"Lagavulin","floor":7.0,"turns":1.0},{"damage":0.0,"enemies":"Gremlin Nob","floor":10.0,"turns":1.0},{"damage":1.0,"enemies":"Cultist","floor":11.0,"turns":3.0},{"damage":28.0,"enemies":"Lagavulin","floor":12.0,"turns":5.0},{"damage":10.0,"enemies":"Small Slimes","floor":13.0,"turns":3.0},{"damage":18.0,"enemies":"Hexaghost","floor":16.0,"turns":6.0},{"damage":5.0,"enemies":"Shell Parasite","floor":18.0,"turns":4.0},{"damage":5.0,"enemies":"2 Thieves","floor":24.0,"turns":2.0},{"damage":18.0,"enemies":"Snake Plant","floor":27.0,"turns":2.0},{"damage":17.0,"enemies":"Snecko","floor":28.0,"turns":3.0},{"damage":18.0,"enemies":"Centurion and Healer","floor":29.0,"turns":4.0},{"damage":0.0,"enemies":"Gremlin Leader","floor":30.0,"turns":1.0},{"damage":5,"enemies":"Masked Bandits","floor":31,"turns":1}],"seed_played":"-5582799254628810011","potions_obtained":[{"floor":11.0,"key":"GamblersBrew"},{"floor":12.0,"key":"BlessingOfTheForge"},{"floor":16.0,"key":"Weak Potion"},{"floor":18.0,"key":"EntropicBrew"},{"floor":22.0,"key":"Regen Potion"},{"floor":29.0,"key":"SmokeBomb"}],"is_trial":false,"path_per_floor":["M","?","$","T","$","R","E","R","T","E","M","E","M","?","R","B",null,"M","?","$","?","?","R","M","R","T","M","M","M","E","?"],"character_chosen":"DEFECT","items_purchased":["Flash of Steel","Storm","Membership Card","Defragment+1"],"campfire_rested":0,"item_purchase_floors":[3,3,20,20],"current_hp_per_floor":[64,64,64,64,64,64,64,64,64,64,63,35,25,25,25,7,55,50,50,50,50,50,50,45,45,45,27,10,4,4,0,0],"gold":180,"neow_bonus":"THREE_ENEMY_KILL","is_daily":false,"chose_seed":false,"campfire_upgraded":3,"win_rate":0.0,"timestamp":1609939677,"path_taken":["M","?","$","?","$","R","E","R","T","E","M","E","?","?","R","BOSS","M","?","$","?","?","R","M","R","T","?","?","M","E","?"],"items_purchased_type":["Card","Card","Relic","Card"],"build_version":"2020-12-22","purchased_purges":1,"victory":false,"max_hp_per_floor":[71,71,71,71,71,71,71,71,71,71,71,71,71,71,71,71,71,71,71,71,71,71,71,71,71,71,71,71,71,71,71,71],"card_choices":[{"not_picked":["Conserve Battery","Stack"],"picked":"White Noise","floor":1.0},{"not_picked":["Gash","Compile Driver"],"picked":"Chaos","floor":7.0},{"not_picked":["Sunder","Stack"],"picked":"Consume","floor":10.0},{"not_picked":["Stack","Cold Snap","Skim"],"picked":"SKIP","floor":11.0},{"not_picked":["Hyperbeam","Beam Cell","Go for the Eyes"],"picked":"SKIP","floor":12.0},{"not_picked":["Rebound","Force Field"],"picked":"Defragment+1","floor":13.0},{"not_picked":["Rainbow","Fission"],"picked":"Biased Cognition+1","floor":16.0},{"not_picked":["Compile Driver","Sweeping Beam"],"picked":"Turbo","floor":18.0},{"not_picked":["Beam Cell","Double Energy","Compile Driver"],"picked":"SKIP","floor":24.0},{"not_picked":["FTL","Hello World+1"],"picked":"Loop+1","floor":27.0},{"not_picked":["Turbo+1","Rebound+1"],"picked":"Defragment+1","floor":28.0},{"not_picked":["Sweeping Beam+1","Streamline","Stack"],"picked":"SKIP","floor":29.0}],"player_experience":1006209,"relics_obtained":[{"floor":4.0,"key":"Frozen Egg 2"},{"floor":7.0,"key":"Bag of Preparation"},{"floor":9.0,"key":"Art of War"},{"floor":10.0,"key":"Vajra"},{"floor":12.0,"key":"Shovel"},{"floor":23.0,"key":"MawBank"},{"floor":25.0,"key":"TungstenRod"},{"floor":26.0,"key":"Happy Flower"}],"event_choices":[{"damage_healed":0.0,"max_hp_gain":0.0,"max_hp_loss":0.0,"gold_gain":100.0,"event_name":"Wheel of Change","player_choice":"Gold","floor":2.0,"gold_loss":0.0,"damage_taken":0.0},{"damage_healed":0.0,"max_hp_gain":0.0,"max_hp_loss":0.0,"gold_gain":0.0,"event_name":"FaceTrader","player_choice":"Trade","floor":14.0,"gold_loss":0.0,"damage_taken":0.0,"relics_obtained":["CultistMask"]},{"damage_healed":0.0,"max_hp_gain":0.0,"max_hp_loss":0.0,"gold_gain":50.0,"event_name":"Nest","player_choice":"Stole From Cult","floor":19.0,"gold_loss":0.0,"damage_taken":0.0},{"cards_removed":["Strike_B"],"damage_healed":0.0,"max_hp_gain":0.0,"max_hp_loss":0.0,"gold_gain":0.0,"event_name":"Beggar","player_choice":"Gave Gold","floor":21.0,"gold_loss":75.0,"damage_taken":0.0},{"damage_healed":0.0,"max_hp_gain":0.0,"max_hp_loss":0.0,"gold_gain":0.0,"event_name":"Lab","player_choice":"Got Potions","floor":22.0,"gold_loss":0.0,"damage_taken":0.0},{"damage_healed":0,"gold_gain":0,"player_choice":"Fought Bandits","damage_taken":0,"max_hp_gain":0,"max_hp_loss":0,"event_name":"Masked Bandits","floor":31,"gold_loss":0}],"is_beta":false,"boss_relics":[{"not_picked":["Black Star","Snecko Eye"],"picked":"Fusion Hammer"}],"items_purged_floors":[20],"is_endless":false,"potions_floor_spawned":[11,12,16,18,29,30],"killed_by":"Masked Bandits","ascension_level":20}}