{"host":"ynimr9ugvc6f046i","time":1609946975,"event":{"mods":["2.2 Compatiblity","BaseMod","Colored Map","DeckTracker","Highlight Path","Keyboard Shortcuts","Minty Spire (QoL Compilation)","Permanent Neow","Quick Restart","StSLib","SuperFastMode"],"gold_per_floor":[115,125,125,125,125,125,153,153,180,180,213,213,241,261,261,261,261],"floor_reached":16,"playtime":267,"items_purged":[],"score":232,"play_id":"fc2afeea-7936-48a7-af34-074f4020362d","local_time":"20210107002935","is_ascension_mode":true,"campfire_choices":[{"data":"Pommel Strike","floor":6.0,"key":"SMITH"},{"data":"Evolve","floor":8.0,"key":"SMITH"},{"data":"Bash","floor":10.0,"key":"SMITH"},{"floor":15.0,"key":"REST"}],"circlet_count":0,"master_deck":["AscendersBane","Strike_R","Strike_R","Strike_R","Strike_R","Defend_R","Defend_R","Defend_R+1","Defend_R+1","Bash+1","Pommel Strike+1","Evolve+1","Shrug It Off","Burning Pact","Twin Strike"],"relics":["Burning Blood","Thread and Needle","InkBottle","Orichalcum","Tiny Chest","Gremlin Horn"],"acts_visited":["Exordium"],"potions_floor_usage":[16],"damage_taken":[{"damage":0.0,"enemies":"2 Louse","floor":1.0,"turns":3.0},{"damage":3.0,"enemies":"Jaw Worm","floor":2.0,"turns":5.0},{"damage":13.0,"enemies":"Lagavulin","floor":7.0,"turns":7.0},{"damage":14.0,"enemies":"Gremlin Nob","floor":11.0,"turns":4.0},{"damage":27.0,"enemies":"Lagavulin","floor":13.0,"turns":6.0},{"damage":1.0,"enemies":"Small Slimes","floor":14.0,"turns":3.0},{"damage":37,"enemies":"Slime Boss","floor":16,"turns":6}],"seed_played":"-2517359806992793074","potions_obtained":[{"floor":2.0,"key":"CultistPotion"},{"floor":11.0,"key":"SkillPotion"},{"floor":14.0,"key":"AttackPotion"}],"is_trial":false,"path_per_floor":["M","M","?","?","?","R","E","R","T","R","E","?","E","M","R","B"],"character_chosen":"IRONCLAD","items_purchased":[],"campfire_rested":1,"item_purchase_floors":[],"current_hp_per_floor":[68,68,73,66,66,66,59,59,59,59,51,29,8,13,34,0,0],"gold":261,"neow_bonus":"ONE_RARE_RELIC","is_daily":false,"chose_seed":false,"campfire_upgraded":3,"win_rate":0.0,"timestamp":1609946975,"path_taken":["M","M","?","?","?","R","E","R","T","R","E","?","E","M","R","BOSS"],"items_purchased_type":[],"build_version":"2020-12-22","purchased_purges":0,"victory":false,"max_hp_per_floor":[68,68,73,73,73,73,73,73,73,73,73,73,73,73,73,73,73],"card_choices":[{"not_picked":["Havoc","Flex"],"picked":"Pommel Strike","floor":1.0},{"not_picked":["Flex","Clothesline"],"picked":"Evolve","floor":2.0},{"not_picked":["Clash","Flex"],"picked":"Shrug It Off","floor":7.0},{"not_picked":["Feel No Pain","Seeing Red"],"picked":"Burning Pact","floor":11.0},{"not_picked":["Disarm","Limit Break","Ghostly Armor"],"picked":"SKIP","floor":13.0},{"not_picked":["Shockwave","Warcry"],"picked":"Twin Strike","floor":14.0}],"player_experience":364393,"relics_obtained":[{"floor":7.0,"key":"InkBottle"},{"floor":9.0,"key":"Orichalcum"},{"floor":11.0,"key":"Tiny Chest"},{"floor":13.0,"key":"Gremlin Horn"}],"event_choices":[{"damage_healed":0.0,"max_hp_gain":5.0,"max_hp_loss":0.0,"gold_gain":0.0,"event_name":"Big Fish","player_choice":"Donut","floor":3.0,"gold_loss":0.0,"damage_taken":0.0},{"cards_removed":["Strike_R"],"damage_healed":0.0,"max_hp_gain":0.0,"max_hp_loss":0.0,"gold_gain":0.0,"event_name":"Golden Wing","player_choice":"Card Removal","floor":4.0,"gold_loss":0.0,"damage_taken":7.0},{"damage_healed":0.0,"max_hp_gain":0.0,"max_hp_loss":0.0,"gold_gain":0.0,"event_name":"Liars Game","player_choice":"Ignored","floor":5.0,"gold_loss":0.0,"damage_taken":0.0},{"damage_healed":0.0,"max_hp_gain":0.0,"max_hp_loss":0.0,"gold_gain":0.0,"event_name":"Shining Light","player_choice":"Entered Light","floor":12.0,"gold_loss":0.0,"damage_taken":22.0,"cards_upgraded":["Defend_R","Defend_R"]}],"is_beta":false,"boss_relics":[],"items_purged_floors":[],"is_endless":false,"potions_floor_spawned":[2,11,14],"killed_by":"Slime Boss","ascension_level":20}}