{"host":"os9owiyb0rak6c8n","time":1609924253,"event":{"mods":["AchievementEnabler","Astrologer","BaseMod","Beaked The Cultist","Better Third Choice","Block Reminder","Colored Map","Colored Powertips","Dio Mod","Minty Spire (QoL Compilation)","Robot Space Explorer","Spicy Shops","StSLib","The Death Knight","The Necromancer"],"gold_per_floor":[109,61,11,25,40,67,17,50,77,77,107,107,122,122,122,122,122],"floor_reached":16,"playtime":561,"items_purged":[],"score":183,"play_id":"310c95f6-12a6-42c5-b5e9-b49eb44629d1","local_time":"20210106101053","is_ascension_mode":true,"campfire_choices":[{"floor":10,"key":"REST"},{"floor":12,"key":"REST"},{"data":"Stack","floor":15,"key":"SMITH"}],"circlet_count":0,"master_deck":["AscendersBane","Strike_B+1","Strike_B","Strike_B+1","Defend_B","Defend_B","Defend_B","Defend_B","Zap","Dualcast","Streamline","Ball Lightning","Genetic Algorithm","Barrage","Conserve Battery","Auto Shields","Compile Driver","Stack+1"],"relics":["Cracked Core","NeowsBlessing","Whetstone","betterThird:SlimedRelic","Nunchaku","Vajra","Oddly Smooth Stone"],"acts_visited":["Exordium"],"potions_floor_usage":[16],"damage_taken":[{"damage":0,"enemies":"Cultist","floor":1,"turns":1},{"damage":0,"enemies":"Jaw Worm","floor":4,"turns":1},{"damage":0,"enemies":"Small Slimes","floor":5,"turns":1},{"damage":24,"enemies":"3 Sentries","floor":6,"turns":7},{"damage":28,"enemies":"Lagavulin","floor":8,"turns":6},{"damage":9,"enemies":"3 Sentries","floor":11,"turns":8},{"damage":5,"enemies":"Exordium Thugs","floor":13,"turns":4},{"damage":40,"enemies":"Slime Boss","floor":16,"turns":5}],"seed_played":"-3795998892569100507","potions_obtained":[{"floor":1,"key":"Fire Potion"},{"floor":4,"key":"PotionOfCapacity"},{"floor":11,"key":"ColorlessPotion"}],"is_trial":false,"path_per_floor":["M","$","?","M","M","E","?","E","T","R","E","R","M","?","R","B"],"character_chosen":"DEFECT","items_purchased":["Ball Lightning"],"campfire_rested":2,"item_purchase_floors":[2],"current_hp_per_floor":[68,68,68,68,68,44,33,5,5,27,18,40,35,35,35,0,0],"gold":122,"neow_bonus":"THREE_ENEMY_KILL","is_daily":false,"chose_seed":false,"campfire_upgraded":1,"win_rate":0.0,"timestamp":1609924253,"path_taken":["M","?","?","M","M","E","?","E","T","R","E","R","?","?","R","BOSS"],"items_purchased_type":["Card"],"build_version":"2020-12-22","purchased_purges":0,"victory":false,"max_hp_per_floor":[75,75,75,75,75,75,75,75,75,75,75,75,75,75,75,75,75],"card_choices":[{"not_picked":["Lockon","Reprogram"],"picked":"Streamline","floor":1},{"not_picked":["FTL","White Noise"],"picked":"Genetic Algorithm","floor":4},{"not_picked":["Gash","Aggregate"],"picked":"Barrage","floor":5},{"not_picked":["Chaos","Streamline"],"picked":"Conserve Battery","floor":6},{"not_picked":["Consume","Core Surge"],"picked":"Auto Shields","floor":8},{"not_picked":["Capacitor","Skim"],"picked":"Compile Driver","floor":11},{"not_picked":["Heatsinks","Ball Lightning"],"picked":"Stack","floor":13}],"player_experience":592738,"relics_obtained":[{"floor":6,"key":"Whetstone"},{"floor":8,"key":"Nunchaku"},{"floor":9,"key":"Vajra"},{"floor":11,"key":"Oddly Smooth Stone"}],"event_choices":[{"cards_removed":["Strike_B"],"damage_healed":0,"gold_gain":0,"player_choice":"Card Removal","damage_taken":0,"max_hp_gain":0,"max_hp_loss":0,"event_name":"The Cleric","floor":3,"gold_loss":50},{"damage_healed":0,"gold_gain":0,"player_choice":"Slimed","damage_taken":11,"max_hp_gain":0,"max_hp_loss":0,"event_name":"betterThird:BetterGoop","floor":7,"gold_loss":50},{"damage_healed":0,"gold_gain":0,"player_choice":"Ignored","damage_taken":0,"max_hp_gain":0,"max_hp_loss":0,"event_name":"Golden Idol","floor":14,"gold_loss":0}],"is_beta":false,"boss_relics":[],"items_purged_floors":[],"is_endless":false,"potions_floor_spawned":[1,4,11,13],"killed_by":"Slime Boss","ascension_level":11}}