{"host":"qrt7o4dq2qslzw13","time":1609935143,"event":{"mods":["AchievementEnabler","BaseMod","Colored Map","Colored Powertips","Minty Spire (QoL Compilation)","Quick Restart","StSLib","SuperFastMode"],"gold_per_floor":[110,110,134,152,22,22,45,45,45,81,81,46,67,83,83,208,208,221,70,70,35,35,54,89,89,89,104,104,104,155,173,173,293,293,316,0,0,0,0,0,18,18,18,18,39,39,52,77,77,77,77],"floor_reached":50,"playtime":1176,"items_purged":[],"score":610,"play_id":"084d6853-3694-4770-b9a9-b884e45f0a2b","local_time":"20210106071223","is_ascension_mode":false,"campfire_choices":[{"data":"Battle Trance","floor":6.0,"key":"SMITH"},{"data":"Inflame","floor":8.0,"key":"SMITH"},{"data":"Heavy Blade","floor":11.0,"key":"SMITH"},{"data":"Dual Wield","floor":15.0,"key":"SMITH"},{"data":"Fire Breathing","floor":25.0,"key":"SMITH"},{"floor":29.0,"key":"REST"},{"data":"Heavy Blade","floor":32.0,"key":"SMITH"},{"data":"Warcry","floor":40.0,"key":"SMITH"},{"data":"Impervious","floor":42.0,"key":"SMITH"},{"data":"Offering","floor":44.0,"key":"SMITH"},{"data":"Immolate","floor":46.0,"key":"SMITH"},{"floor":49.0,"key":"RECALL"}],"circlet_count":0,"master_deck":["Strike_R","Strike_R","Strike_R","Defend_R","Defend_R","Defend_R","Defend_R","Bash","Heavy Blade+1","Burning Pact","Thunderclap","Injury","Battle Trance+1","Metallicize","Fire Breathing+1","Flex","Inflame+1","Combust+1","Rupture+1","Dual Wield+1","Demon Form+1","Whirlwind+1","Rupture+1","Power Through","Metallicize+1","Heavy Blade+1","Ghostly Armor","Writhe","Reckless Charge+1","Injury","Iron Wave","Offering+1","Iron Wave","Impervious+1","Combust+1","Evolve+1","PanicButton","Warcry+1","Writhe","Normality","Immolate+1","Rage+1","Pummel"],"relics":["Black Blood","Golden Idol","Frozen Egg 2","Cursed Key","Eternal Feather","The Courier","Enchiridion","Akabeko","Pen Nib"],"acts_visited":["Exordium","TheCity","TheBeyond"],"potions_floor_usage":[50,50,50],"damage_taken":[{"damage":6.0,"enemies":"Cultist","floor":1.0,"turns":3.0},{"damage":11.0,"enemies":"Jaw Worm","floor":3.0,"turns":3.0},{"damage":6.0,"enemies":"2 Louse","floor":4.0,"turns":2.0},{"damage":3.0,"enemies":"2 Fungi Beasts","floor":7.0,"turns":3.0},{"damage":20.0,"enemies":"Lagavulin","floor":10.0,"turns":6.0},{"damage":12.0,"enemies":"Looter","floor":13.0,"turns":4.0},{"damage":10.0,"enemies":"Exordium Thugs","floor":14.0,"turns":2.0},{"damage":39.0,"enemies":"Slime Boss","floor":16.0,"turns":5.0},{"damage":21.0,"enemies":"3 Byrds","floor":18.0,"turns":4.0},{"damage":4.0,"enemies":"Chosen","floor":23.0,"turns":4.0},{"damage":45.0,"enemies":"Book of Stabbing","floor":24.0,"turns":4.0},{"damage":12.0,"enemies":"Shelled Parasite and Fungi","floor":27.0,"turns":2.0},{"damage":12.0,"enemies":"Snecko","floor":31.0,"turns":3.0},{"damage":48.0,"enemies":"Automaton","floor":33.0,"turns":9.0},{"damage":21.0,"enemies":"Orb Walker","floor":35.0,"turns":4.0},{"damage":20.0,"enemies":"3 Shapes","floor":41.0,"turns":4.0},{"damage":12.0,"enemies":"Jaw Worm Horde","floor":45.0,"turns":2.0},{"damage":43.0,"enemies":"Maw","floor":47.0,"turns":7.0},{"damage":7.0,"enemies":"4 Shapes","floor":48.0,"turns":5.0},{"damage":76,"enemies":"Time Eater","floor":50,"turns":8}],"seed_played":"2389146357629487143","potions_obtained":[{"floor":1.0,"key":"Strength Potion"},{"floor":7.0,"key":"Dexterity Potion"},{"floor":13.0,"key":"Fire Potion"},{"floor":24.0,"key":"DistilledChaos"},{"floor":27.0,"key":"Fire Potion"},{"floor":31.0,"key":"ColorlessPotion"},{"floor":33.0,"key":"Strength Potion"},{"floor":35.0,"key":"BloodPotion"},{"floor":47.0,"key":"FearPotion"},{"floor":48.0,"key":"Weak Potion"}],"is_trial":false,"path_per_floor":["M","?","M","M","$","R","M","R","T","E","R","?","M","M","R","B",null,"M","$","?","$","?","M","E","R","T","M","?","R","T","M","R","B",null,"M","$","?","$","?","R","M","R","T","R","M","R","M","M","R","B"],"character_chosen":"IRONCLAD","items_purchased":["Fire Breathing","Flex","Rupture+1","Power Through","Metallicize+1","Impervious","Combust+1","Evolve+1","PanicButton","Warcry"],"campfire_rested":1,"item_purchase_floors":[5,5,19,19,21,36,36,36,36,36],"current_hp_per_floor":[72,72,67,67,67,67,70,70,70,56,56,72,66,62,62,29,72,57,57,72,72,72,72,33,48,48,42,26,62,62,56,72,30,72,63,63,63,63,72,72,64,72,72,72,72,72,55,60,72,0,0],"gold":77,"neow_bonus":"TRANSFORM_TWO_CARDS","is_daily":false,"chose_seed":false,"campfire_upgraded":10,"win_rate":0.0,"timestamp":1609935143,"path_taken":["M","?","M","M","$","R","M","R","T","E","R","?","M","M","R","BOSS","M","$","?","$","?","M","E","R","T","M","?","R","?","M","R","BOSS","M","$","?","?","?","R","M","R","T","R","M","R","M","M","R","BOSS"],"items_purchased_type":["Card","Card","Card","Card","Card","Card","Card","Card","Card","Card"],"build_version":"2020-12-22","purchased_purges":0,"victory":false,"max_hp_per_floor":[72,72,72,72,72,72,72,72,72,72,72,72,72,72,72,72,72,72,72,72,72,72,72,72,72,72,72,72,72,72,72,72,72,72,72,72,72,72,72,72,72,72,72,72,72,72,72,72,72,72,72],"card_choices":[{"not_picked":["Pummel","Twin Strike"],"picked":"Thunderclap","floor":1.0},{"not_picked":["Heavy Blade","Body Slam"],"picked":"Battle Trance","floor":3.0},{"not_picked":["Carnage","Wild Strike"],"picked":"Metallicize","floor":4.0},{"not_picked":["Headbutt","Armaments"],"picked":"Inflame","floor":7.0},{"not_picked":["Entrench","Sever Soul"],"picked":"Combust+1","floor":10.0},{"not_picked":["Power Through","Inflame+1"],"picked":"Rupture+1","floor":13.0},{"not_picked":["Pommel Strike","Warcry"],"picked":"Dual Wield","floor":14.0},{"not_picked":["Corruption+1","Bludgeon"],"picked":"Demon Form+1","floor":16.0},{"not_picked":["Iron Wave","Clothesline+1"],"picked":"Whirlwind+1","floor":18.0},{"not_picked":["Clothesline+1","Havoc"],"picked":"Heavy Blade","floor":23.0},{"not_picked":["Perfected Strike","Twin Strike"],"picked":"Ghostly Armor","floor":24.0},{"not_picked":["Ghostly Armor","Flex"],"picked":"Reckless Charge+1","floor":27.0},{"not_picked":["Infernal Blade","Clash"],"picked":"Iron Wave","floor":31.0},{"not_picked":["Bludgeon","Impervious"],"picked":"Offering","floor":33.0},{"not_picked":["Dropkick","Clash+1"],"picked":"Iron Wave","floor":35.0},{"not_picked":["Clothesline","True Grit","Warcry"],"picked":"SKIP","floor":41.0},{"not_picked":["Heavy Blade+1","Clothesline"],"picked":"Immolate","floor":45.0},{"not_picked":["Armaments","Shrug It Off"],"picked":"Rage+1","floor":47.0},{"not_picked":["Havoc","Pommel Strike"],"picked":"Pummel","floor":48.0}],"player_experience":508426,"relics_obtained":[{"floor":10.0,"key":"Frozen Egg 2"},{"floor":24.0,"key":"Eternal Feather"},{"floor":26.0,"key":"The Courier"},{"floor":28.0,"key":"Enchiridion"},{"floor":30.0,"key":"Akabeko"},{"floor":43.0,"key":"Pen Nib"}],"event_choices":[{"damage_healed":0.0,"max_hp_gain":0.0,"max_hp_loss":0.0,"gold_gain":0.0,"event_name":"Golden Idol","player_choice":"Take Wound","floor":2.0,"gold_loss":0.0,"damage_taken":0.0,"relics_obtained":["Golden Idol"],"cards_obtained":["Injury"]},{"damage_healed":18.0,"max_hp_gain":0.0,"max_hp_loss":0.0,"gold_gain":0.0,"event_name":"The Cleric","player_choice":"Healed","floor":12.0,"gold_loss":35.0,"damage_taken":0.0},{"damage_healed":24.0,"max_hp_gain":0.0,"max_hp_loss":0.0,"gold_gain":0.0,"event_name":"The Library","player_choice":"Heal","floor":20.0,"gold_loss":0.0,"damage_taken":0.0},{"damage_healed":0.0,"max_hp_gain":0.0,"max_hp_loss":0.0,"gold_gain":0.0,"event_name":"Vampires","player_choice":"Ignored","floor":22.0,"gold_loss":0.0,"damage_taken":0.0},{"damage_healed":0.0,"max_hp_gain":0.0,"max_hp_loss":0.0,"gold_gain":0.0,"event_name":"Cursed Tome","player_choice":"Obtained Book","floor":28.0,"gold_loss":0.0,"damage_taken":16.0},{"damage_healed":0.0,"max_hp_gain":0.0,"max_hp_loss":0.0,"gold_gain":0.0,"event_name":"Fountain of Cleansing","player_choice":"Ignored","floor":37.0,"gold_loss":0.0,"damage_taken":0.0},{"damage_healed":18.0,"max_hp_gain":0.0,"max_hp_loss":0.0,"gold_gain":0.0,"event_name":"Winding Halls","player_choice":"Writhe","floor":39.0,"gold_loss":0.0,"damage_taken":0.0,"cards_obtained":["Writhe"]}],"is_beta":false,"boss_relics":[{"not_picked":["Philosopher\u0027s Stone","Sozu"],"picked":"Cursed Key"},{"not_picked":["Busted Crown","Tiny House"],"picked":"Black Blood"}],"items_purged_floors":[],"is_endless":false,"potions_floor_spawned":[1,7,13,24,27,31,33,35,47,48],"killed_by":"Time Eater","ascension_level":0}}