{"host":"amnup8uv961nil3y","time":1609895515,"event":{"mods":["100% Spire Juice","Act Like it!","Aspiration","BaseMod","Bestiary","Better Altar","Better Match","Better Sensory Stone","Better Synergies","Better Third Choice","Block Reminder","Challenge The Spire","Colored Map","Colored Powertips","Colorless Booster Pack","Conspire","DeckTracker","Disable Question Mark Monsters","Elementarium","Energized Spire","Evolution","GifTheSpireLib","Halation","HexUI Lib","Highlight Path","Hubris","Infinite Spire","Lotus Mark","Menagerie","Minty Spire (QoL Compilation)","Pale of the Ancients","Potion Indicator Mod","Quarter Circle Forward PUNCH!","RatMod","Relic Stats","Replay The Spire","Reworked Bosses","Shop Mod","Small Relic Pack","Spicy Shops","Spikes Relics","StSLib","Stuff the Spire","Swap Starting Deck Mod","Trackpad","Useless Jewels Mod","Wandering Minibosses","vexMod"],"gold_per_floor":[112,123,123,123,23,23,49,49,49,49,81,95,107,127,127,222,222,232,248,262,278,90,115,128,128,128,157,167,92,92,108,108,209,209,228,238,238,238,338,365,385,401,401,281,481,481,492,509,389,389,400,410,427,427,427,440,440,320,320,320],"floor_reached":61,"playtime":6847,"items_purged":["hubris:Sloth","Moonworks:Strike","Pain"],"score":1734,"play_id":"dcf49497-3e5c-4aaf-99bb-cb27e0256060","local_time":"20210106011155","is_ascension_mode":false,"campfire_choices":[{"data":"Moonworks:Ambush","floor":6.0,"key":"SMITH"},{"data":"Moonworks:EvilSpyWorkPreparation","floor":8.0,"key":"SMITH"},{"data":"Moonworks:Defend","floor":10.0,"key":"SMITH"},{"floor":15.0,"key":"DIG"},{"data":"Moonworks:MetallicMonocoque","floor":25.0,"key":"SMITH"},{"data":"Moonworks:SealedMemories","floor":32,"key":"SMITH"},{"data":"infinitespire:UltimateForm","floor":46,"key":"SMITH"},{"data":"Moonworks:CompletionReward","floor":49,"key":"SMITH"},{"data":"Moonworks:SubspaceTunnel","floor":55,"key":"SMITH"},{"data":"Moonworks:Dash","floor":57,"key":"SMITH"}],"circlet_count":0,"master_deck":["Recycle+1","Moonworks:Strike","Moonworks:Strike","Moonworks:Defend","Moonworks:Defend","Moonworks:Defend","Moonworks:Defend+1","Moonworks:Ambush+1","Moonworks:LongDistanceShot","Moonworks:EvilSpyWorkPreparation+1","Moonworks:ForcedRevival","Moonworks:EvilSpyWorkPreparation+1","Moonworks:SakisCookie","Moonworks:Wanted","Moonworks:RedAndBlue","Moonworks:SubspaceTunnel+1","Moonworks:EvilSpyWorkPreparation","Moonworks:GoAway","Moonworks:BindingChains+1","Moonworks:SealedMemories+1","Moonworks:EvilSpyWorkPreparation","Moonworks:WindyEnchantment+1","Assess","Moonworks:MetallicMonocoque+1","Moonworks:LulusLuckyEgg","Moonworks:SinkOrSwim","Moonworks:NicePresent","Moonworks:MixPhenomenon+1","Moonworks:WindyEnchantment","Moonworks:MetallicMonocoque","Moonworks:CompletionReward+1","Moonworks:BigMagnum","infinitespire:UltimateForm+1","Moonworks:StiffCrystal+1","Moonworks:StiffCrystal","Moonworks:SakisCookie","Moonworks:BigBangBell","Flash of Steel","Finesse","Moonworks:MixPhenomenon+1","Moonworks:UnpaidWork","Moonworks:Dash+1"],"relics":["Moonworks:BrokenBomb","Moonworks:Homemark","EVO:Axolotl","Ring of Peace","trackpad:AdjectivePendant","trackpad:ByrdCharm","aspiration:DSix","ReplayTheSpireMod:Lightbulb","trackpad:Coffee","Lantern","vexMod:RedPlottingStone","vexMod:CardConverter","Elementarium:GolemsHeart","Elementarium:ElementariumTrophy","qcfpunch:Dark_Gi","SpikesRelics:DaevaFist","hubris:Towel","Ginger","Shuriken","trackpad:BottledTsunami","Blue Doll","paleoftheancients:Timepiece","Letter Opener","CultistMask","paleoftheancients:SoulOfTheWokeBloke","paleoftheancients:SoulOfTheThorton","conspire:Dentures","MiniBlackHole"],"acts_visited":["Menagerie:Menagerie","Elementarium:Elementarium","TheBeyond","paleoftheancients:PaleOfTheAncients"],"potions_floor_usage":[33,50],"damage_taken":[{"damage":0.0,"enemies":"Menagerie:2_RABBITS","floor":1.0,"turns":3.0},{"damage":0.0,"enemies":"Menagerie:WhisperingWraith","floor":2.0,"turns":6.0},{"damage":0.0,"enemies":"Menagerie:MaskedSummoner","floor":7.0,"turns":5.0},{"damage":2.0,"enemies":"Menagerie:VoidReaper","floor":11.0,"turns":6.0},{"damage":14.0,"enemies":"Menagerie:MonstrousExperiment","floor":12.0,"turns":4.0},{"damage":0.0,"enemies":"Menagerie:3_RABBITS","floor":13.0,"turns":4.0},{"damage":0.0,"enemies":"Menagerie:Hexasnake","floor":14.0,"turns":5.0},{"damage":0.0,"enemies":"Menagerie:Chimera","floor":16.0,"turns":11.0},{"damage":0.0,"enemies":"Elementarium:VoidCorruption","floor":18.0,"turns":5.0},{"damage":0.0,"enemies":"Elementarium:MUD_AND_TAR_GOLEMS","floor":19.0,"turns":5.0},{"damage":5.0,"enemies":"Elementarium:VoidBeast","floor":20.0,"turns":5.0},{"damage":0.0,"enemies":"Elementarium:RubyGolem","floor":21.0,"turns":4.0},{"damage":30.0,"enemies":"Elementarium:FIRE_NOBILITY","floor":23.0,"turns":6.0},{"damage":0.0,"enemies":"Elementarium:VOID_CORRUPTION_AND_ORB_OF_FIRE","floor":24.0,"turns":7.0},{"damage":0.0,"enemies":"Elementarium:WarGolem","floor":27.0,"turns":6.0},{"damage":0.0,"enemies":"Elementarium:CYCLONE_AND_LIVING_STORMCLOUD","floor":28.0,"turns":6.0},{"damage":6,"enemies":"Elementarium:STONE_GOLEMS","floor":31,"turns":5},{"damage":16,"enemies":"Elementarium:PHOENIXES","floor":33,"turns":6},{"damage":0,"enemies":"Orb Walker","floor":35,"turns":3},{"damage":0,"enemies":"3 Shapes","floor":36,"turns":3},{"damage":0,"enemies":"infinitespire:Three Voidlings","floor":39,"turns":3},{"damage":0,"enemies":"Nightmare_Alpha","floor":39,"turns":11},{"damage":0,"enemies":"Nemesis","floor":40,"turns":4},{"damage":0,"enemies":"Writhing Mass","floor":41,"turns":5},{"damage":0,"enemies":"Maw","floor":42,"turns":4},{"damage":0,"enemies":"4 Shapes","floor":47,"turns":1},{"damage":0,"enemies":"Transient","floor":48,"turns":5},{"damage":0,"enemies":"hubris:GrandSnecko","floor":50,"turns":3},{"damage":0,"enemies":"hubris:GrandSnecko","floor":51,"turns":4},{"damage":0,"enemies":"hubris:GrandSnecko","floor":52,"turns":3},{"damage":0,"enemies":"paleoftheancients:Thorton3","floor":53,"turns":2},{"damage":0,"enemies":"paleoftheancients:Thorton3","floor":56,"turns":4},{"damage":0,"enemies":"paleoftheancients:N","floor":60,"turns":3}],"seed_played":"2485451315416120076","potions_obtained":[{"floor":1.0,"key":"Weak Potion"},{"floor":12.0,"key":"BlessingOfTheForge"},{"floor":16.0,"key":"Regen Potion"},{"floor":18.0,"key":"Dexterity Potion"},{"floor":27.0,"key":"CultistPotion"},{"floor":33,"key":"Energy Potion"},{"floor":56,"key":"Swift Potion"}],"is_trial":false,"path_per_floor":["M","M","?","?","$","R","E","R","T","R","E","M","M","M","R_BF","B",null,"M","M","M","M","$","E","M","R","T","E","M","?","?","M","R","B",null,"M","M","AVR","?","?","E","M","M","T","$","?","R","M","M","R","B","M","M","M","T","R","M","R","T","?","B",null],"character_chosen":"THE_STARBREAKER","items_purchased":["Moonworks:SakisCookie","Assess"],"campfire_rested":0,"item_purchase_floors":[5,22],"current_hp_per_floor":[66,66,66,66,66,66,66,66,66,66,66,52,59,66,66,66,66,66,66,66,66,66,43,55,55,55,62,64,66,68,74,74,65,50,52,54,54,54,58,60,60,62,62,62,78,78,80,82,82,82,82,82,82,82,82,84,84,84,84,84],"gold":320,"neow_bonus":"TEN_PERCENT_HP_BONUS","is_daily":false,"chose_seed":false,"campfire_upgraded":9,"win_rate":0.0,"timestamp":1609895515,"path_taken":["M","M","?","?","$","R","E","R","T","R","E","M","M","M","R_BF","BOSS","M","M","M","?","$","E","M","R","T","E","M","?","?","M","R","BOSS","M","M","AVR","?","?","E","M","M","T","?","?","R","M","M","R","BOSS","M","M","?","T","R","M","R","T","?","BOSS"],"items_purchased_type":["Card","Card"],"build_version":"2020-12-22","purchased_purges":3,"victory":true,"max_hp_per_floor":[66,66,66,66,66,66,66,66,66,66,66,66,66,66,66,66,66,66,66,66,66,66,66,66,66,66,66,68,70,72,74,74,76,50,52,54,54,54,58,60,60,62,62,62,78,78,80,82,82,82,82,82,82,82,82,84,84,84,84,84],"relic_stats":{"counters":[33,157],"Shuriken":[48],"Ginger":[58],"Letter Opener":[340],"obtain_stats":[{"Lantern":23,"Blue Doll":45,"EVO:Axolotl":0,"Ginger":39,"trackpad:ByrdCharm":9,"trackpad:Coffee":17,"vexMod:CardConverter":27,"Ring of Peace":4,"vexMod:RedPlottingStone":26,"MiniBlackHole":58,"trackpad:AdjectivePendant":7,"aspiration:DSix":11,"conspire:Dentures":54,"qcfpunch:Dark_Gi":34,"Letter Opener":50,"hubris:Towel":38,"paleoftheancients:Timepiece":50,"Elementarium:ElementariumTrophy":33,"Shuriken":40,"paleoftheancients:SoulOfTheWokeBloke":51,"Moonworks:Homemark":0,"Elementarium:GolemsHeart":30,"CultistMask":50,"SpikesRelics:DaevaFist":37,"paleoftheancients:SoulOfTheThorton":53,"ReplayTheSpireMod:Lightbulb":15,"trackpad:BottledTsunami":43,"Moonworks:BrokenBomb":0},{"Lantern":13,"Blue Doll":25,"EVO:Axolotl":0,"Ginger":22,"trackpad:ByrdCharm":3,"trackpad:Coffee":8,"vexMod:CardConverter":15,"Ring of Peace":2,"vexMod:RedPlottingStone":14,"MiniBlackHole":32,"trackpad:AdjectivePendant":3,"aspiration:DSix":4,"conspire:Dentures":31,"qcfpunch:Dark_Gi":18,"Letter Opener":28,"hubris:Towel":20,"paleoftheancients:Timepiece":28,"Elementarium:ElementariumTrophy":18,"Shuriken":23,"paleoftheancients:SoulOfTheWokeBloke":29,"Moonworks:Homemark":0,"Elementarium:GolemsHeart":16,"CultistMask":28,"SpikesRelics:DaevaFist":20,"paleoftheancients:SoulOfTheThorton":31,"ReplayTheSpireMod:Lightbulb":7,"trackpad:BottledTsunami":25,"Moonworks:BrokenBomb":0},{"Lantern":69,"Blue Doll":132,"EVO:Axolotl":0,"Ginger":119,"trackpad:ByrdCharm":14,"trackpad:Coffee":44,"vexMod:CardConverter":82,"Ring of Peace":9,"vexMod:RedPlottingStone":76,"MiniBlackHole":154,"trackpad:AdjectivePendant":14,"aspiration:DSix":20,"conspire:Dentures":150,"qcfpunch:Dark_Gi":99,"Letter Opener":141,"hubris:Towel":105,"paleoftheancients:Timepiece":141,"Elementarium:ElementariumTrophy":99,"Shuriken":123,"paleoftheancients:SoulOfTheWokeBloke":145,"Moonworks:Homemark":0,"Elementarium:GolemsHeart":88,"CultistMask":141,"SpikesRelics:DaevaFist":105,"paleoftheancients:SoulOfTheThorton":150,"ReplayTheSpireMod:Lightbulb":33,"trackpad:BottledTsunami":132,"Moonworks:BrokenBomb":0}]},"card_choices":[{"not_picked":["Moonworks:IndiscriminateFireSupport","Moonworks:ImOnFire"],"picked":"Moonworks:EvilSpyWorkPreparation","floor":1.0},{"not_picked":["Moonworks:ImOnFire","Moonworks:ScrambledEve"],"picked":"Moonworks:ForcedRevival","floor":2.0},{"not_picked":["Moonworks:ImOnFire+1","Moonworks:Assault+1"],"picked":"Moonworks:EvilSpyWorkPreparation+1","floor":3.0},{"not_picked":["Moonworks:BigMagnum","Moonworks:DeployBits","Moonworks:Assault"],"picked":"SKIP","floor":7.0},{"not_picked":["Moonworks:IndiscriminateFireSupport","Moonworks:EvilSpyWorkPreparation"],"picked":"Moonworks:Wanted","floor":11.0},{"not_picked":["Moonworks:WindyEnchantment","Moonworks:Assault"],"picked":"Moonworks:RedAndBlue","floor":12.0},{"not_picked":["Moonworks:SelfDestruct","Moonworks:BigMagnum"],"picked":"Moonworks:SubspaceTunnel","floor":13.0},{"not_picked":["Moonworks:CloudOfSeagulls","Moonworks:RagingMadness"],"picked":"Moonworks:EvilSpyWorkPreparation","floor":14.0},{"not_picked":["Moonworks:EvilMastermind","Moonworks:LeapThroughSpace"],"picked":"Moonworks:GoAway","floor":16.0},{"not_picked":["Moonworks:x16BigRocket","Moonworks:LulusLuckyEgg"],"picked":"Moonworks:BindingChains+1","floor":18.0},{"not_picked":["Moonworks:DeployBits","Moonworks:Bloodlust+1"],"picked":"Moonworks:SealedMemories","floor":19.0},{"not_picked":["Moonworks:CloudOfSeagulls","Moonworks:IndiscriminateFireSupport+1"],"picked":"Moonworks:EvilSpyWorkPreparation","floor":20.0},{"not_picked":["Moonworks:SakisCookie+1","Moonworks:ImOnFire"],"picked":"Moonworks:WindyEnchantment+1","floor":21.0},{"not_picked":["Moonworks:Assault","Moonworks:Dinner"],"picked":"Moonworks:MetallicMonocoque","floor":23.0},{"not_picked":["Moonworks:Assault+1","Moonworks:CloudOfSeagulls+1"],"picked":"Moonworks:LulusLuckyEgg","floor":24.0},{"not_picked":["Moonworks:Assault","Moonworks:BigMagnum"],"picked":"Moonworks:SinkOrSwim","floor":27.0},{"not_picked":["Moonworks:ExtendedPhotonRifle","Moonworks:Heat300Percent"],"picked":"Moonworks:NicePresent","floor":28.0},{"not_picked":["Moonworks:x16BigRocket+1","Moonworks:ExtendedPhotonRifle+1"],"picked":"Moonworks:MixPhenomenon+1","floor":29.0},{"not_picked":["Moonworks:NicePresent","Moonworks:Heat300Percent"],"picked":"Moonworks:WindyEnchantment","floor":31},{"not_picked":["Moonworks:Blazing","Moonworks:MeltingMemories"],"picked":"Moonworks:MetallicMonocoque","floor":33},{"not_picked":["Moonworks:DeployBits","Moonworks:SakisCookie"],"picked":"Moonworks:CompletionReward","floor":35},{"not_picked":["Moonworks:SelfDestruct+1","Moonworks:CookingTime"],"picked":"Moonworks:BigMagnum","floor":36},{"not_picked":["infinitespire:Gouge","hubris:InfiniteBlow+3"],"picked":"infinitespire:UltimateForm","floor":39},{"not_picked":["Moonworks:CloudOfSeagulls","Moonworks:EvilSpyWorkPreparation"],"picked":"Moonworks:StiffCrystal+1","floor":39},{"not_picked":["Moonworks:CloudOfSeagulls","Moonworks:MiracleWalker"],"picked":"Moonworks:StiffCrystal","floor":40},{"not_picked":["Moonworks:FinalSurgery","Moonworks:ExtendedPhotonRifle+1","Moonworks:AwakeningOfTalent"],"picked":"SKIP","floor":41},{"not_picked":["Moonworks:LulusLuckyEgg+1","Moonworks:NicePresent+1"],"picked":"Moonworks:SakisCookie","floor":42},{"not_picked":["Moonworks:DeployBits+1","Moonworks:LulusLuckyEgg"],"picked":"Moonworks:MixPhenomenon+1","floor":47},{"not_picked":["Moonworks:NicePresent","Moonworks:MixPhenomenon"],"picked":"Moonworks:UnpaidWork","floor":48},{"not_picked":["Moonworks:ScrambledEve+1","Moonworks:Bloodlust","Moonworks:Assault"],"picked":"SKIP","floor":51},{"not_picked":["Moonworks:AwakeningOfTalent","Moonworks:LulusLuckyEgg","Moonworks:DeployBits+1"],"picked":"SKIP","floor":52},{"not_picked":["Moonworks:BindingChains","Moonworks:DeployBits","Moonworks:MeltingMemories"],"picked":"SKIP","floor":53},{"not_picked":["Moonworks:CastOff+1","Moonworks:IndiscriminateFireSupport"],"picked":"Moonworks:Dash","floor":56}],"player_experience":293646,"relics_obtained":[{"floor":4.0,"key":"Ring of Peace"},{"floor":7.0,"key":"trackpad:AdjectivePendant"},{"floor":9.0,"key":"trackpad:ByrdCharm"},{"floor":11.0,"key":"aspiration:DSix"},{"floor":15.0,"key":"ReplayTheSpireMod:Lightbulb"},{"floor":23.0,"key":"Lantern"},{"floor":26.0,"key":"vexMod:RedPlottingStone"},{"floor":27.0,"key":"vexMod:CardConverter"},{"floor":39,"key":"Ginger"},{"floor":40,"key":"Shuriken"},{"floor":43,"key":"trackpad:BottledTsunami"},{"floor":51,"key":"paleoftheancients:SoulOfTheWokeBloke"},{"floor":52,"key":"paleoftheancients:SoulOfTheIroncluck"},{"floor":53,"key":"paleoftheancients:SoulOfTheThorton"},{"floor":54,"key":"conspire:Dentures"},{"floor":56,"key":"paleoftheancients:SoulOfTheDefect"},{"floor":58,"key":"MiniBlackHole"}],"event_choices":[{"damage_healed":0.0,"max_hp_gain":0.0,"max_hp_loss":0.0,"gold_gain":0.0,"event_name":"betterMatch:BetterMatch","player_choice":"2","floor":3.0,"gold_loss":0.0,"damage_taken":0.0,"cards_obtained":["betterMatch:CommonCard"]},{"damage_healed":0.0,"max_hp_gain":0.0,"max_hp_loss":0.0,"gold_gain":0.0,"event_name":"betterMatch:BetterMatch","player_choice":"2","floor":29.0,"gold_loss":0.0,"damage_taken":0.0,"cards_obtained":["betterMatch:UncommonCard"]},{"damage_healed":0,"gold_gain":0,"player_choice":"Chest","damage_taken":0,"relics_obtained":["Elementarium:GolemsHeart"],"max_hp_gain":0,"max_hp_loss":0,"event_name":"Elementarium:AbandonedFactory","floor":30,"gold_loss":0,"cards_obtained":["Pain"]},{"damage_healed":0,"gold_gain":0,"cards_transformed":["Moonworks:Strike"],"player_choice":"Transformed","damage_taken":0,"max_hp_gain":0,"max_hp_loss":0,"event_name":"Transmorgrifier","floor":45,"gold_loss":0,"cards_obtained":["Moonworks:BigBangBell"]}],"is_beta":false,"boss_relics":[{"not_picked":["aspiration:SecretTechniqueScroll","vexMod:BigBerry"],"picked":"trackpad:Coffee"},{"not_picked":["StuffTheSpire:RunicHypercube","halation:PinkAlligatorPlush"],"picked":"qcfpunch:Dark_Gi"}],"items_purged_floors":[5,22,37],"is_endless":false,"potions_floor_spawned":[1,12,16,18,27,31,33,36,39,42,47,48,56],"ascension_level":0}}