{"host":"unahupgi85cj6bxp","time":1609906191,"event":{"mods":["Act Like it!","Aspiration","BaseMod","Card Forge","Conspire","Downfall","Energized Spire","Hubris","Infinite Spire","Minty Spire (QoL Compilation)","Replay The Spire","StSLib"],"gold_per_floor":[99,109,94,94,108,33,80,91,16,29,59,78,92,106,121,225,225,225,240,256,268,68,217,217,51,192,192,273,304,394,394,507,657,657,582,594,710,710,710,36,36,132,199,199],"floor_reached":43,"playtime":3633,"items_purged":[],"score":674,"play_id":"caadae6e-8478-42c4-a59e-7f9d14e328cf","local_time":"20210105200951","is_ascension_mode":false,"campfire_choices":[{"floor":1,"key":"RECALL"},{"data":"sneckomod:UnknownClassTHE_CHAMP_GRAY","floor":6,"key":"SMITH"},{"floor":9,"key":"REST"},{"data":"sneckomod:Strike","floor":35,"key":"SMITH"}],"circlet_count":0,"master_deck":["sneckomod:Strike+14","sneckomod:Strike+14","sneckomod:Strike+14","sneckomod:Defend+14","sneckomod:Defend+14","sneckomod:Defend+14","sneckomod:SnekBite+1","sneckomod:Unknown+1","sneckomod:Unknown+1","sneckomod:UnknownRareAttack+1","sneckomod:UnknownCommonAttack+1","sneckomod:UnknownWeak+1","Pain","sneckomod:UnknownClassTHE_CHAMP_GRAY+1","sneckomod:UnknownClassPURPLE+1","sneckomod:UnknownUncommonPower+1","sneckomod:UnknownX+1","sneckomod:UnknownUncommonPower+1","sneckomod:UnknownStrike+1","sneckomod:UnknownVulnerable+1","sneckomod:MorePower+1","sneckomod:Restock+1","sneckomod:UnknownVulnerable+1","conspire:SpireCoStock+1","conspire:SpireCoStock+1","conspire:SpireCoStock+1","sneckomod:UnknownCommonAttack+1","sneckomod:Nope+1","sneckomod:UnknownVulnerable+1","sneckomod:UnknownVulnerable+1","sneckomod:UnknownClassSLIMEBOUND+1","sneckomod:Unknown2Cost+1","sneckomod:Unknown3Cost+1","sneckomod:UnknownUncommonPower+1","Replay:UnknownCurse","Delirium","sneckomod:UnknownClassHEXA_GHOST_PURPLE+1","sneckomod:UnknownRareAttack+1","sneckomod:Unknown2Cost+1","sneckomod:UnknownClassSLIMEBOUND+1","sneckomod:Unknown3Cost+1","Defend_P+1","sneckomod:UnknownStrike+1","sneckomod:UnknownClassGREEN+1","hubris:EnhanceAbility+1","sneckomod:UnknownCommonSkill+1"],"relics":["sneckomod:SneckoSoul","Hammer of Thor","Seething Fire","Anvil of the Gods","WarpedTongs","downfall:HeartBlessingRed","downfall:HeartBlessingBlue","Simple Rune","Busted Crown","aspiration:FetidBarrel","The Courier","Meat on the Bone","hubris:Spice","aspiration:SeaSaltIceCream","hubris:BottledHeart","Blood Vial","Letter Opener","Ring of Peace","ReplayTheSpireMod:Ring of Challenge","aspiration:SecretTechniqueScroll","downfall:HeartBlessingGreen","Shuriken","Nunchaku","Sling","hubris:CuriousFeather","ReplayTheSpireMod:Lightbulb","Oddly Smooth Stone"],"acts_visited":["Exordium","TheCity","TheBeyond"],"potions_floor_usage":[16,20,20,23,25,33,33],"damage_taken":[{"damage":1,"enemies":"2 Louse","floor":2,"turns":2},{"damage":0,"enemies":"downfall:FleeingMerchant","floor":3,"turns":4},{"damage":1,"enemies":"Cultist","floor":5,"turns":2},{"damage":6,"enemies":"conspire:RoseBush","floor":8,"turns":1},{"damage":6,"enemies":"conspire:2 RoseBushes","floor":10,"turns":2},{"damage":8,"enemies":"Lagavulin","floor":11,"turns":5},{"damage":4,"enemies":"Exordium Thugs","floor":12,"turns":3},{"damage":12,"enemies":"Blue Slaver","floor":13,"turns":1},{"damage":0,"enemies":"Exordium Wildlife","floor":14,"turns":2},{"damage":1,"enemies":"2 Fungi Beasts","floor":15,"turns":2},{"damage":20,"enemies":"downfall:Watcher","floor":16,"turns":5},{"damage":0,"enemies":"Chosen","floor":19,"turns":1},{"damage":3,"enemies":"Shell Parasite","floor":20,"turns":1},{"damage":0,"enemies":"Centurion and Healer","floor":21,"turns":2},{"damage":38,"enemies":"Nightmare","floor":23,"turns":6},{"damage":13,"enemies":"downfall:FleeingMerchant","floor":25,"turns":4},{"damage":31,"enemies":"Colosseum Nobs","floor":26,"turns":4},{"damage":0,"enemies":"Replay:Snechameleon","floor":28,"turns":4},{"damage":0,"enemies":"Snecko","floor":29,"turns":2},{"damage":0,"enemies":"conspire:HollyBat","floor":30,"turns":5},{"damage":0,"enemies":"Sentry and Sphere","floor":32,"turns":3},{"damage":0,"enemies":"downfall:Defect","floor":33,"turns":4},{"damage":0,"enemies":"Orb Walker","floor":36,"turns":2},{"damage":0,"enemies":"3 Shapes","floor":37,"turns":3},{"damage":0,"enemies":"downfall:FleeingMerchant","floor":40,"turns":3},{"damage":0,"enemies":"Sphere and 2 Shapes","floor":42,"turns":3},{"damage":12,"enemies":"Nightmare","floor":43,"turns":5}],"seed_played":"8847924910272223514","potions_obtained":[{"floor":8,"key":"sneckomod:MuddlingPotion"},{"floor":12,"key":"AttackPotion"},{"floor":15,"key":"AttackPotion"},{"floor":16,"key":"sneckomod:OffclassReductionPotion"},{"floor":19,"key":"champ:CounterPotion"},{"floor":21,"key":"Swift Potion"},{"floor":29,"key":"hexamod:EctoCoolerPotion"},{"floor":32,"key":"Fruit Juice"},{"floor":33,"key":"SkillPotion"},{"floor":36,"key":"PowerPotion"},{"floor":37,"key":"SteroidPotion"}],"is_trial":false,"path_per_floor":["R","M","$","?","M","R","T","M","R","M","E","M","M","M","M","B",null,"R","M","M","M","?","NM","T","$","?","T","E","M","M","?","M","B",null,"R","M","M","?","?","$","T","M","NM"],"character_chosen":"THE_SNECKO","items_purchased":["sneckomod:UnknownVulnerable","Meat on the Bone","sneckomod:UnknownClassGREEN","Shuriken","Nunchaku","Sling","hubris:CuriousFeather","ReplayTheSpireMod:Lightbulb","hubris:EnhanceAbility"],"campfire_rested":1,"item_purchase_floors":[25,25,40,40,40,40,40,40,40],"current_hp_per_floor":[91,91,92,92,92,92,92,87,105,100,93,90,78,79,79,61,110,110,110,108,108,108,71,71,59,1,1,1,1,1,1,1,1,1,1,1,1,1,1,1,1,1,0,0],"gold":199,"neow_bonus":"ONE_RANDOM_RARE_CARD","is_daily":false,"chose_seed":false,"campfire_upgraded":2,"win_rate":0.0,"timestamp":1609906191,"path_taken":["R","M","$","?","M","R","T","M","R","M","E","M","M","M","M","BOSS","R","M","M","M","?","NM","T","$","?","?","E","?","M","?","M","BOSS","R","M","M","?","?","$","T","?","NM"],"items_purchased_type":["Card","Relic","Card","Relic","Relic","Relic","Relic","Relic","Card"],"build_version":"2020-12-22","purchased_purges":0,"victory":false,"max_hp_per_floor":[91,92,93,93,94,94,94,95,105,106,107,108,108,109,110,110,110,110,110,111,111,111,112,112,113,1,1,1,1,1,1,1,1,1,1,1,1,1,1,1,1,1,1,1],"card_choices":[{"not_picked":["sneckomod:UnknownStrike","sneckomod:SoulRoll"],"picked":"sneckomod:UnknownCommonAttack","floor":2},{"not_picked":["sneckomod:QuickMove","sneckomod:DiceBlock"],"picked":"sneckomod:UnknownWeak","floor":3},{"not_picked":["sneckomod:SoulDraw","sneckomod:UnknownBlock"],"picked":"sneckomod:UnknownClassTHE_CHAMP_GRAY","floor":5},{"not_picked":["sneckomod:UnknownCommonAttack","sneckomod:SoulRoll"],"picked":"sneckomod:UnknownClassPURPLE","floor":8},{"not_picked":["sneckomod:UnlimitedRolls","sneckomod:UnknownBlock"],"picked":"sneckomod:UnknownUncommonPower","floor":10},{"not_picked":["sneckomod:SnakeSap","sneckomod:DiceBlock"],"picked":"sneckomod:UnknownX","floor":11},{"not_picked":["sneckomod:SoulCleanse","sneckomod:SoulDraw"],"picked":"sneckomod:UnknownUncommonPower","floor":12},{"not_picked":["sneckomod:SoulRoll","sneckomod:RainOfDice","sneckomod:DiceCrush"],"picked":"SKIP","floor":13},{"not_picked":["sneckomod:QuickMove","sneckomod:IronFang"],"picked":"sneckomod:UnknownStrike","floor":14},{"not_picked":["sneckomod:IronFang","sneckomod:UnknownClassGREEN"],"picked":"sneckomod:UnknownVulnerable","floor":15},{"not_picked":["sneckomod:Restock","sneckomod:Unknown3Cost"],"picked":"sneckomod:MorePower","floor":16},{"not_picked":["sneckomod:QuickMove"],"picked":"SKIP","floor":19},{"not_picked":[],"picked":"sneckomod:UnknownVulnerable","floor":20},{"not_picked":["sneckomod:DefensiveFlair"],"picked":"SKIP","floor":21},{"not_picked":[],"picked":"sneckomod:UnknownCommonAttack+1","floor":23},{"not_picked":[],"picked":"sneckomod:Nope","floor":23},{"not_picked":["sneckomod:QuickMove+1"],"picked":"SKIP","floor":25},{"not_picked":[],"picked":"sneckomod:UnknownVulnerable+1","floor":26},{"not_picked":[],"picked":"sneckomod:UnknownClassSLIMEBOUND+1","floor":28},{"not_picked":[],"picked":"sneckomod:Unknown2Cost","floor":28},{"not_picked":[],"picked":"sneckomod:Unknown3Cost+1","floor":29},{"not_picked":[],"picked":"sneckomod:UnknownUncommonPower","floor":29},{"not_picked":[],"picked":"Replay:UnknownCurse","floor":30},{"not_picked":["sneckomod:QuickMove+1"],"picked":"SKIP","floor":30},{"not_picked":[],"picked":"sneckomod:UnknownClassHEXA_GHOST_PURPLE","floor":32},{"not_picked":[],"picked":"sneckomod:UnknownRareAttack","floor":33},{"not_picked":[],"picked":"sneckomod:Unknown2Cost+1","floor":36},{"not_picked":["sneckomod:SnakeSap+1"],"picked":"SKIP","floor":36},{"not_picked":[],"picked":"sneckomod:UnknownClassSLIMEBOUND+1","floor":37},{"not_picked":[],"picked":"sneckomod:Unknown3Cost","floor":37},{"not_picked":[],"picked":"sneckomod:UnknownStrike+1","floor":40},{"not_picked":["sneckomod:SoulRoll+1"],"picked":"SKIP","floor":40},{"not_picked":[],"picked":"sneckomod:UnknownCommonSkill+1","floor":42}],"player_experience":827221,"relics_obtained":[{"floor":11,"key":"Simple Rune"},{"floor":23,"key":"aspiration:FetidBarrel"},{"floor":24,"key":"The Courier"},{"floor":26,"key":"hubris:Spice"},{"floor":26,"key":"aspiration:SeaSaltIceCream"},{"floor":27,"key":"Blood Vial"},{"floor":28,"key":"Letter Opener"},{"floor":31,"key":"Ring of Peace"},{"floor":31,"key":"ReplayTheSpireMod:Ring of Challenge"},{"floor":41,"key":"hubris:Spice"},{"floor":42,"key":"Oddly Smooth Stone"}],"event_choices":[{"damage_healed":0,"gold_gain":0,"player_choice":"Rummage","damage_taken":0,"relics_obtained":["WarpedTongs"],"max_hp_gain":0,"max_hp_loss":0,"event_name":"Accursed Blacksmith","floor":4,"gold_loss":0,"cards_obtained":["Pain"]},{"damage_healed":0,"gold_gain":0,"player_choice":"Invest 4","damage_taken":0,"max_hp_gain":0,"max_hp_loss":0,"event_name":"conspire:Investor","floor":22,"gold_loss":0},{"cards_removed":["conspire:SpireCoStock"],"damage_healed":0,"gold_gain":0,"player_choice":"Took Card","damage_taken":0,"max_hp_gain":0,"max_hp_loss":0,"event_name":"NoteForYourself","floor":39,"gold_loss":0,"cards_obtained":["Defend_P"]}],"is_beta":false,"boss_relics":[{"not_picked":["hubris:HollowSoul","Coffee Dripper"],"picked":"Busted Crown"},{"not_picked":["hubris:Spice","energizedSpire:DeadBattery"],"picked":"aspiration:SecretTechniqueScroll"}],"items_purged_floors":[],"is_endless":false,"potions_floor_spawned":[8,12,15,16,19,21,29,32,33,36,37],"killed_by":"Nightmare","ascension_level":0}}