{"host":"j4g6ia6asvpyu2b0","time":1609972583,"event":{"mods":["BaseMod","Colored Map","Minty Spire (QoL Compilation)","Permanent Neow","Quick Restart","Relic Stats","StSLib","Unceasing Turn Reminder"],"gold_per_floor":[118,136,211,386,12,40,40,40,40,66,28,28,47,47,47,147,147,167,167,181,199,218,249,249,249,273,303,303,303,330,356,356,458,458,476,476,698,284,634,634,660,674,674,691,725,771,771,804,804,804,804,804,101,128,128,128],"floor_reached":55,"playtime":1866,"items_purged":["Doubt","Strike_R","Strike_R"],"score":1291,"play_id":"22b62fb4-3091-4300-aa3e-811132cbd7b0","local_time":"20210106153623","is_ascension_mode":true,"campfire_choices":[{"data":"Inflame","floor":8.0,"key":"SMITH"},{"data":"Bludgeon","floor":12.0,"key":"SMITH"},{"data":"Shockwave","floor":15.0,"key":"SMITH"},{"data":"Feed","floor":25.0,"key":"SMITH"},{"data":"Offering","floor":28,"key":"SMITH"},{"data":"Spot Weakness","floor":32,"key":"SMITH"},{"floor":40,"key":"RECALL"},{"floor":47,"key":"DIG"},{"data":"Demon Form","floor":49,"key":"SMITH"},{"floor":52,"key":"DIG"}],"circlet_count":0,"master_deck":["Strike_R","Defend_R","Defend_R+1","Defend_R+1","Defend_R","Bash+1","Cleave","Shrug It Off","Inflame+1","Cleave","Bludgeon+1","Metallicize","Shockwave+1","Offering+1","Clothesline","Thunderclap+1","Feed+1","Havoc+1","Carnage","Spot Weakness+1","Warcry+1","Headbutt+1","Offering","Shrug It Off","Headbutt+1","Spot Weakness+1","Whirlwind","Bludgeon","Spot Weakness","Pommel Strike+1","Demon Form+1","Pommel Strike+1","Fire Breathing+1"],"relics":["Burning Blood","Gremlin Horn","Ornamental Fan","Orichalcum","PreservedInsect","Coffee Dripper","StrikeDummy","War Paint","Red Mask","Pocketwatch","Happy Flower","Snecko Eye","Charon\u0027s Ashes","Old Coin","Boot","Letter Opener","Molten Egg 2","Shovel","Whetstone","Omamori","Shuriken","Blood Vial","Toy Ornithopter","TheAbacus","Eternal Feather"],"acts_visited":["Exordium","TheCity","TheBeyond","TheEnding"],"potions_floor_usage":[33,46,55,55,55],"damage_taken":[{"damage":2.0,"enemies":"2 Louse","floor":1.0,"turns":4.0},{"damage":8.0,"enemies":"Jaw Worm","floor":2.0,"turns":5.0},{"damage":17.0,"enemies":"3 Sentries","floor":6.0,"turns":6.0},{"damage":21.0,"enemies":"Gremlin Nob","floor":10.0,"turns":4.0},{"damage":0.0,"enemies":"Cultist","floor":13.0,"turns":3.0},{"damage":4.0,"enemies":"Hexaghost","floor":16.0,"turns":8.0},{"damage":8.0,"enemies":"2 Thieves","floor":18.0,"turns":3.0},{"damage":9.0,"enemies":"Shell Parasite","floor":20.0,"turns":3.0},{"damage":12.0,"enemies":"Centurion and Healer","floor":21.0,"turns":4.0},{"damage":6.0,"enemies":"Snake Plant","floor":22.0,"turns":1.0},{"damage":6.0,"enemies":"Gremlin Leader","floor":23.0,"turns":3.0},{"damage":0,"enemies":"Masked Bandits","floor":27,"turns":2},{"damage":11,"enemies":"Slavers","floor":30,"turns":2},{"damage":6,"enemies":"Automaton","floor":33,"turns":6},{"damage":7,"enemies":"3 Darklings","floor":35,"turns":3},{"damage":6,"enemies":"Mind Bloom Boss Battle","floor":39,"turns":4},{"damage":19,"enemies":"Giant Head","floor":41,"turns":5},{"damage":6,"enemies":"Orb Walker","floor":42,"turns":1},{"damage":0,"enemies":"3 Darklings","floor":44,"turns":1},{"damage":6,"enemies":"Reptomancer","floor":45,"turns":2},{"damage":32,"enemies":"2 Orb Walkers","floor":46,"turns":3},{"damage":9,"enemies":"Giant Head","floor":48,"turns":5},{"damage":61,"enemies":"Time Eater","floor":50,"turns":6},{"damage":38,"enemies":"Shield and Spear","floor":54,"turns":3},{"damage":97,"enemies":"The Heart","floor":55,"turns":5}],"seed_played":"-9040006746613832496","potions_obtained":[{"floor":2.0,"key":"Fire Potion"},{"floor":10.0,"key":"PowerPotion"},{"floor":13.0,"key":"Explosive Potion"},{"floor":18.0,"key":"GamblersBrew"},{"floor":27,"key":"EssenceOfSteel"},{"floor":30,"key":"Energy Potion"},{"floor":35,"key":"BlessingOfTheForge"},{"floor":45,"key":"Regen Potion"}],"is_trial":false,"path_per_floor":["M","M","?","?","$","E","?","R","T","E","$","R","M","?","R","B",null,"M","?","M","M","M","E","?","R","T","?","R","?","E","T","R","B",null,"M","?","?","$","?","R","E","M","T","M","E","?","R","E","R","B",null,"R","$","E","B"],"character_chosen":"IRONCLAD","items_purchased":["Inflame","Gremlin Horn","Metallicize","Charon\u0027s Ashes","Pommel Strike+1","LiquidBronze","Blood Vial","Toy Ornithopter","TheAbacus"],"campfire_rested":0,"item_purchase_floors":[5,5,11,38,53,53,53,53,53],"current_hp_per_floor":[76,74,63,63,63,52,45,45,45,30,30,30,36,18,18,20,65,63,63,60,54,57,60,60,60,60,70,70,52,47,47,47,51,87,86,86,86,86,90,90,77,81,81,91,95,73,73,70,70,15,89,89,89,63,0,0],"gold":128,"neow_bonus":"UPGRADE_CARD","is_daily":false,"chose_seed":false,"campfire_upgraded":7,"win_rate":0.0,"timestamp":1609972583,"path_taken":["M","M","?","?","$","E","?","R","T","E","?","R","M","?","R","BOSS","M","?","M","M","?","E","?","R","T","?","R","?","E","?","R","BOSS","M","?","?","$","?","R","E","?","T","M","E","?","R","E","R","BOSS","R","$","E","BOSS"],"items_purchased_type":["Card","Relic","Card","Relic","Card","Potion","Relic","Relic","Relic"],"build_version":"2020-12-22","purchased_purges":3,"victory":false,"max_hp_per_floor":[80,80,80,80,80,80,80,80,80,80,80,80,80,80,80,80,80,80,80,80,80,83,86,86,86,86,90,90,95,95,95,95,99,99,99,94,94,94,98,98,98,102,102,106,110,114,114,114,114,114,114,114,114,118,118,118],"relic_stats":{"Gremlin Horn":[23,23],"Happy Flower":[14],"counters":[25,92],"Eternal Feather":0,"PreservedInsect":492,"Charon\u0027s Ashes":[129],"Letter Opener":[55],"Whetstone":["Headbutt","Thunderclap"],"Orichalcum":[120],"War Paint":["Defend_R","Defend_R"],"Boot":[0],"Burning Blood":144,"Blood Vial":4,"Shovel":2,"TheAbacus":[6],"Ornamental Fan":[112],"Shuriken":[5],"Snecko Eye":[88,95,107,76],"obtain_stats":[{"Gremlin Horn":5,"Whetstone":47,"Boot":41,"Burning Blood":0,"Old Coin":39,"Blood Vial":53,"Shovel":46,"TheAbacus":53,"Red Mask":27,"Happy Flower":31,"Eternal Feather":54,"PreservedInsect":14,"Charon\u0027s Ashes":38,"Omamori":48,"Letter Opener":43,"Orichalcum":10,"War Paint":26,"Ornamental Fan":6,"Shuriken":52,"Snecko Eye":34,"Molten Egg 2":45,"Coffee Dripper":17,"StrikeDummy":23,"Toy Ornithopter":53,"Pocketwatch":30},{"Gremlin Horn":2,"Whetstone":21,"Boot":17,"Burning Blood":0,"Old Coin":16,"Blood Vial":23,"Shovel":21,"TheAbacus":23,"Red Mask":12,"Happy Flower":13,"Eternal Feather":24,"PreservedInsect":5,"Charon\u0027s Ashes":15,"Omamori":22,"Letter Opener":18,"Orichalcum":4,"War Paint":11,"Ornamental Fan":3,"Shuriken":23,"Snecko Eye":14,"Molten Egg 2":20,"Coffee Dripper":6,"StrikeDummy":11,"Toy Ornithopter":23,"Pocketwatch":13},{"Gremlin Horn":9,"Whetstone":73,"Boot":66,"Burning Blood":0,"Old Coin":61,"Blood Vial":84,"Shovel":73,"TheAbacus":84,"Red Mask":46,"Happy Flower":48,"Eternal Feather":87,"PreservedInsect":22,"Charon\u0027s Ashes":57,"Omamori":78,"Letter Opener":67,"Orichalcum":19,"War Paint":44,"Ornamental Fan":15,"Shuriken":84,"Snecko Eye":54,"Molten Egg 2":70,"Coffee Dripper":30,"StrikeDummy":44,"Toy Ornithopter":84,"Pocketwatch":48}],"Toy Ornithopter":10,"Pocketwatch":[45]},"card_choices":[{"not_picked":["Iron Wave","Sword Boomerang"],"picked":"Cleave","floor":1.0},{"not_picked":["Iron Wave","Cleave"],"picked":"Shrug It Off","floor":2.0},{"not_picked":["Warcry","Searing Blow"],"picked":"Cleave","floor":6.0},{"not_picked":["Cleave","Heavy Blade"],"picked":"Bludgeon","floor":10.0},{"not_picked":["Heavy Blade","Carnage"],"picked":"Shockwave","floor":13.0},{"not_picked":["Fiend Fire","Brutality"],"picked":"Offering","floor":16.0},{"not_picked":["Shockwave+1","Perfected Strike"],"picked":"Clothesline","floor":18.0},{"not_picked":["Flex+1","Anger","Clash"],"picked":"SKIP","floor":20.0},{"not_picked":["Perfected Strike","Evolve"],"picked":"Feed","floor":21.0},{"not_picked":["Bloodletting+1","Shockwave"],"picked":"Havoc+1","floor":22.0},{"not_picked":["Fire Breathing","Twin Strike"],"picked":"Carnage","floor":23.0},{"not_picked":["Twin Strike+1","Cleave"],"picked":"Warcry+1","floor":27},{"not_picked":["Bloodletting+1","Perfected Strike"],"picked":"Headbutt","floor":30},{"not_picked":["Berserk","Brutality"],"picked":"Offering","floor":33},{"not_picked":["Flex","Havoc+1"],"picked":"Shrug It Off","floor":35},{"not_picked":["Sword Boomerang","Thunderclap"],"picked":"Headbutt+1","floor":39},{"not_picked":["Headbutt","Havoc+1"],"picked":"Spot Weakness+1","floor":41},{"not_picked":["Bloodletting+1","Cleave+1"],"picked":"Whirlwind","floor":42},{"not_picked":["Cleave","Pommel Strike+1"],"picked":"Bludgeon","floor":44},{"not_picked":["Pummel+1","Wild Strike+1"],"picked":"Spot Weakness","floor":45},{"not_picked":["Shrug It Off+1","Body Slam+1"],"picked":"Pommel Strike+1","floor":46},{"not_picked":["Shrug It Off+1","Dark Embrace+1"],"picked":"Demon Form","floor":48},{"not_picked":["Inflame","Clash+1"],"picked":"Fire Breathing+1","floor":54}],"player_experience":739468,"relics_obtained":[{"floor":6.0,"key":"Ornamental Fan"},{"floor":10.0,"key":"Orichalcum"},{"floor":23.0,"key":"StrikeDummy"},{"floor":26.0,"key":"War Paint"},{"floor":27,"key":"Red Mask"},{"floor":30,"key":"Pocketwatch"},{"floor":31,"key":"Happy Flower"},{"floor":39,"key":"Old Coin"},{"floor":41,"key":"Boot"},{"floor":43,"key":"Letter Opener"},{"floor":45,"key":"Molten Egg 2"},{"floor":46,"key":"Shovel"},{"floor":47,"key":"Whetstone"},{"floor":48,"key":"Omamori"},{"floor":52,"key":"Shuriken"},{"floor":54,"key":"Eternal Feather"}],"event_choices":[{"damage_healed":0.0,"max_hp_gain":0.0,"max_hp_loss":0.0,"gold_gain":75.0,"event_name":"World of Goop","player_choice":"Gather Gold","floor":3.0,"gold_loss":0.0,"damage_taken":11.0},{"damage_healed":0.0,"max_hp_gain":0.0,"max_hp_loss":0.0,"gold_gain":175.0,"event_name":"Liars Game","player_choice":"AGREE","floor":4.0,"gold_loss":0.0,"damage_taken":0.0,"cards_obtained":["Doubt"]},{"cards_removed":["Strike_R"],"damage_healed":0.0,"max_hp_gain":0.0,"max_hp_loss":0.0,"gold_gain":0.0,"event_name":"Golden Wing","player_choice":"Card Removal","floor":7.0,"gold_loss":0.0,"damage_taken":7.0},{"damage_healed":0.0,"max_hp_gain":0.0,"max_hp_loss":0.0,"gold_gain":0.0,"event_name":"Scrap Ooze","player_choice":"Success","floor":14.0,"gold_loss":0.0,"damage_taken":18.0,"relics_obtained":["PreservedInsect"]},{"damage_healed":0.0,"max_hp_gain":0.0,"max_hp_loss":0.0,"gold_gain":0.0,"cards_transformed":["Strike_R"],"event_name":"Transmorgrifier","player_choice":"Transformed","floor":19.0,"gold_loss":0.0,"damage_taken":0.0,"cards_obtained":["Thunderclap"]},{"damage_healed":0.0,"max_hp_gain":0.0,"max_hp_loss":0.0,"gold_gain":0.0,"event_name":"The Library","player_choice":"Read","floor":24.0,"gold_loss":0.0,"damage_taken":0.0,"cards_obtained":["Spot Weakness"]},{"damage_healed":0,"gold_gain":0,"player_choice":"Fought Bandits","damage_taken":0,"max_hp_gain":0,"max_hp_loss":0,"event_name":"Masked Bandits","floor":27,"gold_loss":0},{"damage_healed":0,"gold_gain":0,"player_choice":"Shed Blood","damage_taken":23,"max_hp_gain":5,"max_hp_loss":0,"event_name":"Forgotten Altar","floor":29,"gold_loss":0},{"damage_healed":0,"gold_gain":0,"player_choice":"Max HP","damage_taken":0,"max_hp_gain":0,"max_hp_loss":5,"event_name":"Winding Halls","floor":36,"gold_loss":0},{"damage_healed":0,"gold_gain":222,"player_choice":"Wore Mask","damage_taken":0,"max_hp_gain":0,"max_hp_loss":0,"event_name":"Tomb of Lord Red Mask","floor":37,"gold_loss":0},{"damage_healed":0,"gold_gain":0,"player_choice":"Fight","damage_taken":0,"max_hp_gain":0,"max_hp_loss":0,"event_name":"MindBloom","floor":39,"gold_loss":0},{"damage_healed":0,"gold_gain":0,"player_choice":"Fight","damage_taken":0,"max_hp_gain":0,"max_hp_loss":0,"event_name":"Mysterious Sphere","floor":46,"gold_loss":0}],"is_beta":false,"boss_relics":[{"not_picked":["Tiny House","Runic Cube"],"picked":"Coffee Dripper"},{"not_picked":["Busted Crown","Astrolabe"],"picked":"Snecko Eye"}],"items_purged_floors":[5,38,53],"is_endless":false,"potions_floor_spawned":[2,10,13,18,27,30,35,44,45,54],"killed_by":"The Heart","ascension_level":7}}