{"host":"os9owiyb0rak6c8n","time":1609951404,"event":{"mods":["AchievementEnabler","Astrologer","BaseMod","Beaked The Cultist","Better Third Choice","Block Reminder","Colored Map","Colored Powertips","Dio Mod","Minty Spire (QoL Compilation)","Robot Space Explorer","Spicy Shops","StSLib","The Death Knight","The Necromancer"],"gold_per_floor":[113,113,113,113,124,149,149,249,249,262,262,281,312,329,329,434,434,454,473,486,34,46,46,46],"floor_reached":23,"playtime":933,"items_purged":["Strike_B","Strike_B"],"score":315,"play_id":"9ab90b63-c1af-48df-b098-123351a7d6aa","local_time":"20210106174324","is_ascension_mode":true,"campfire_choices":[{"floor":7,"key":"REST"},{"data":"Barrage","floor":11,"key":"SMITH"},{"data":"Sweeping Beam","floor":15,"key":"SMITH"}],"circlet_count":0,"master_deck":["AscendersBane","Strike_B","Defend_B","Defend_B","Defend_B","Defend_B","Zap","Dualcast","Redo+1","Go for the Eyes","Barrage+1","Glacier","Leap","Auto Shields","Sweeping Beam+1","Biased Cognition","Hologram","White Noise","Genetic Algorithm+1","Ball Lightning","Static Discharge"],"relics":["Cracked Core","Akabeko","Toy Ornithopter","Lantern","Ornamental Fan","Nunchaku","Inserter","Cables"],"acts_visited":["Exordium","TheCity"],"potions_floor_usage":[13,16,20,22,23],"damage_taken":[{"damage":0,"enemies":"2 Louse","floor":1,"turns":1},{"damage":0,"enemies":"Small Slimes","floor":5,"turns":2},{"damage":40,"enemies":"3 Sentries","floor":6,"turns":10},{"damage":0,"enemies":"Cultist","floor":10,"turns":3},{"damage":11,"enemies":"Exordium Wildlife","floor":12,"turns":4},{"damage":4,"enemies":"Gremlin Nob","floor":13,"turns":4},{"damage":0,"enemies":"Blue Slaver","floor":14,"turns":3},{"damage":22,"enemies":"Hexaghost","floor":16,"turns":16},{"damage":17,"enemies":"Spheric Guardian","floor":18,"turns":6},{"damage":0,"enemies":"Shell Parasite","floor":19,"turns":5},{"damage":21,"enemies":"Chosen and Byrds","floor":20,"turns":7},{"damage":7,"enemies":"Snecko","floor":22,"turns":5},{"damage":35,"enemies":"Slavers","floor":23,"turns":4}],"seed_played":"7121939468719654516","potions_obtained":[{"floor":1,"key":"Block Potion"},{"floor":10,"key":"Swift Potion"},{"floor":13,"key":"GamblersBrew"},{"floor":20,"key":"PowerPotion"},{"floor":22,"key":"Fruit Juice"}],"is_trial":false,"path_per_floor":["M","?","?","?","M","E","R","?","T","M","R","M","E","M","R","B",null,"M","M","M","$","M","E"],"character_chosen":"DEFECT","items_purchased":["Ball Lightning","Static Discharge","Cables"],"campfire_rested":1,"item_purchase_floors":[21,21,21],"current_hp_per_floor":[68,68,61,58,58,18,40,40,40,40,40,29,30,30,30,13,60,43,43,27,27,25,0,0],"gold":46,"neow_bonus":"RANDOM_COMMON_RELIC","is_daily":false,"chose_seed":false,"campfire_upgraded":2,"win_rate":0.0,"timestamp":1609951404,"path_taken":["M","?","?","?","M","E","R","?","T","M","R","?","E","M","R","BOSS","M","M","M","$","M","E"],"items_purchased_type":["Card","Card","Relic"],"build_version":"2020-12-22","purchased_purges":2,"victory":false,"max_hp_per_floor":[75,75,75,75,75,75,75,75,75,75,75,75,75,75,75,75,75,75,75,75,75,75,80,80],"card_choices":[{"not_picked":["Skim","Steam"],"picked":"Redo","floor":1},{"not_picked":["Leap","Undo"],"picked":"Go for the Eyes","floor":5},{"not_picked":["Turbo","Consume"],"picked":"Barrage","floor":6},{"not_picked":["Coolheaded","Cold Snap"],"picked":"Glacier","floor":10},{"not_picked":["Loop","Undo"],"picked":"Leap","floor":12},{"not_picked":["Machine Learning","Cold Snap"],"picked":"Auto Shields","floor":13},{"not_picked":["Redo","Steam Power"],"picked":"Sweeping Beam","floor":14},{"not_picked":["Rainbow","Core Surge"],"picked":"Biased Cognition","floor":16},{"not_picked":["Blizzard","Turbo"],"picked":"Hologram","floor":18},{"not_picked":["Reinforced Body","Conserve Battery"],"picked":"White Noise","floor":19},{"not_picked":["Barrage","Aggregate"],"picked":"Genetic Algorithm+1","floor":20},{"not_picked":["Redo+1","Fusion","Multi-Cast"],"picked":"SKIP","floor":22}],"player_experience":594312,"relics_obtained":[{"floor":6,"key":"Lantern"},{"floor":9,"key":"Ornamental Fan"},{"floor":13,"key":"Nunchaku"}],"event_choices":[{"damage_healed":0,"gold_gain":0,"player_choice":"Grow","damage_taken":0,"max_hp_gain":0,"max_hp_loss":0,"event_name":"Living Wall","floor":2,"gold_loss":0,"cards_upgraded":["Redo"]},{"cards_removed":["Strike_B"],"damage_healed":0,"gold_gain":0,"player_choice":"Card Removal","damage_taken":7,"max_hp_gain":0,"max_hp_loss":0,"event_name":"Golden Wing","floor":3,"gold_loss":0},{"damage_healed":0,"gold_gain":0,"player_choice":"Relic ","damage_taken":3,"max_hp_gain":0,"max_hp_loss":0,"event_name":"betterThird:BetterScrap","floor":4,"gold_loss":0,"cards_obtained":["Backstab"]},{"damage_healed":0,"gold_gain":100,"player_choice":"Pray","damage_taken":0,"max_hp_gain":0,"max_hp_loss":0,"event_name":"Golden Shrine","floor":8,"gold_loss":0}],"is_beta":false,"boss_relics":[{"not_picked":["beaked:SacredDeck","Velvet Choker"],"picked":"Inserter"}],"items_purged_floors":[21,21],"is_endless":false,"potions_floor_spawned":[1,10,13,20,22],"killed_by":"Slavers","ascension_level":11}}