{"host":"rhrkddapnlgqm7yj","time":1609964000,"event":{"mods":["AchievementEnabler","BaseMod","Bestiary","Colored Map","Colored Powertips","Filter the Spire","Minty Spire (QoL Compilation)","Relic Stats","Remove Card Discount Mod","StSLib","SuperFastMode","The IronCluck","Waifu the Spire"],"gold_per_floor":[115,126,126,44,57,57,88,88,88,88,109,140,315,356,356,482,545,520,520,534,559,578,578,596,511,535,535,408,447,465,506,506,625,625,648,648,673,686,704,748,748,748],"floor_reached":41,"playtime":4732,"items_purged":["Strike_G","Strike_G","Injury","Strike_G","Strike_G","Strike_G","Glass Knife+1","Defend_G","Defend_G","Defend_G"],"score":636,"play_id":"cf9232f6-d42b-4889-8c33-96ebfe60bd1a","local_time":"20210106211320","is_ascension_mode":true,"campfire_choices":[{"data":"Noxious Fumes","floor":6,"key":"SMITH"},{"data":"Prepared","floor":8,"key":"SMITH"},{"data":"Neutralize","floor":10,"key":"SMITH"},{"data":"Footwork","floor":15,"key":"SMITH"},{"data":"Blur","floor":23,"key":"SMITH"},{"data":"Prepared","floor":27,"key":"SMITH"},{"data":"Footwork","floor":32,"key":"SMITH"}],"circlet_count":0,"master_deck":["Defend_G","Defend_G","Survivor","Neutralize+1","Backflip","Backflip","Noxious Fumes+1","Deadly Poison","Prepared+1","Prepared+1","Footwork+1","Deflect","Backflip+1","Prepared","Blur+1","Crippling Poison","Footwork+1","Bouncing Flask","Blur+1","Deflect","Adrenaline","Noxious Fumes","Madness","Madness","Well Laid Plans","Tactician+1"],"relics":["Coffee Dripper","Golden Idol","Mango","Tough Bandages","Torii","Eternal Feather","Tiny House","Dream Catcher","Pen Nib","StoneCalendar","Calipers","Philosopher\u0027s Stone","PreservedInsect"],"acts_visited":["Exordium","TheCity","TheBeyond"],"potions_floor_usage":[40],"damage_taken":[{"damage":0,"enemies":"Jaw Worm","floor":1,"turns":3},{"damage":0,"enemies":"Small Slimes","floor":2,"turns":5},{"damage":0,"enemies":"Cultist","floor":5,"turns":4},{"damage":14,"enemies":"3 Sentries","floor":7,"turns":7},{"damage":0,"enemies":"Looter","floor":11,"turns":4},{"damage":5,"enemies":"Lagavulin","floor":12,"turns":7},{"damage":10,"enemies":"3 Sentries","floor":14,"turns":6},{"damage":8,"enemies":"Hexaghost","floor":16,"turns":10},{"damage":1,"enemies":"2 Thieves","floor":18,"turns":5},{"damage":0,"enemies":"Shell Parasite","floor":20,"turns":5},{"damage":1,"enemies":"Snecko","floor":21,"turns":7},{"damage":1,"enemies":"Centurion and Healer","floor":22,"turns":7},{"damage":11,"enemies":"Cultist and Chosen","floor":24,"turns":9},{"damage":0,"enemies":"Gremlin Leader","floor":29,"turns":10},{"damage":0,"enemies":"Snecko","floor":30,"turns":6},{"damage":8,"enemies":"Slavers","floor":31,"turns":7},{"damage":0,"enemies":"Automaton","floor":33,"turns":15},{"damage":0,"enemies":"3 Darklings","floor":35,"turns":6},{"damage":0,"enemies":"3 Shapes","floor":37,"turns":5},{"damage":10,"enemies":"Transient","floor":38,"turns":5},{"damage":0,"enemies":"3 Darklings","floor":39,"turns":6},{"damage":60,"enemies":"Reptomancer","floor":40,"turns":7},{"damage":8,"enemies":"Sphere and 2 Shapes","floor":41,"turns":3}],"seed_played":"5735933406254055275","potions_obtained":[{"floor":5,"key":"SkillPotion"},{"floor":7,"key":"PowerPotion"},{"floor":11,"key":"DuplicationPotion"},{"floor":17,"key":"PowerPotion"}],"is_trial":false,"path_per_floor":["M","M","?","$","M","R","E","R","T","R","M","E","?","E","R","B",null,"M","?","M","M","M","R","M","?","T","R","$","E","M","E","R","B",null,"M","?","M","M","M","E","M"],"character_chosen":"THE_SILENT","items_purchased":["Noxious Fumes","Footwork","Bouncing Flask"],"campfire_rested":0,"item_purchase_floors":[4,28,28],"current_hp_per_floor":[70,70,70,70,70,70,70,70,70,70,70,65,65,55,64,56,89,88,88,88,87,86,89,78,78,78,89,89,89,89,81,89,89,89,89,78,78,68,68,8,0,0],"gold":748,"neow_bonus":"BOSS_RELIC","is_daily":false,"chose_seed":false,"campfire_upgraded":7,"win_rate":0.0,"timestamp":1609964000,"path_taken":["M","M","?","$","M","R","E","R","T","R","M","E","?","E","R","BOSS","M","?","?","M","M","R","M","?","T","R","?","E","M","E","R","BOSS","M","?","M","M","M","E","M"],"items_purchased_type":["Card","Card","Card"],"build_version":"2020-12-22","purchased_purges":10,"victory":false,"max_hp_per_floor":[70,70,70,70,70,70,84,84,84,84,84,84,84,84,84,84,89,89,89,89,89,89,89,89,89,89,89,89,89,89,89,89,89,89,89,89,89,89,89,89,89,89],"relic_stats":{"Tough Bandages":[789],"Dream Catcher":0,"Torii":12,"counters":[23,149],"Golden Idol":155,"Eternal Feather":31,"StoneCalendar":[173],"Pen Nib":[2],"PreservedInsect":0,"obtain_stats":[{"Tiny House":17,"Calipers":31,"Torii":12,"Golden Idol":3,"Mango":7,"Eternal Feather":14,"StoneCalendar":29,"Pen Nib":26,"PreservedInsect":40,"Tough Bandages":9,"Dream Catcher":25,"Philosopher\u0027s Stone":34,"Coffee Dripper":0,"Ring of the Snake":0},{"Tiny House":8,"Calipers":16,"Torii":6,"Golden Idol":2,"Mango":4,"Eternal Feather":7,"StoneCalendar":14,"Pen Nib":13,"PreservedInsect":22,"Tough Bandages":4,"Dream Catcher":13,"Philosopher\u0027s Stone":17,"Coffee Dripper":0,"Ring of the Snake":0},{"Tiny House":46,"Calipers":102,"Torii":30,"Golden Idol":8,"Mango":19,"Eternal Feather":36,"StoneCalendar":89,"Pen Nib":79,"PreservedInsect":146,"Tough Bandages":19,"Dream Catcher":79,"Philosopher\u0027s Stone":117,"Coffee Dripper":0,"Ring of the Snake":0}]},"card_choices":[{"not_picked":["Outmaneuver","Poisoned Stab"],"picked":"Backflip","floor":1},{"not_picked":["Finisher","Bane"],"picked":"Backflip","floor":2},{"not_picked":["Blade Dance","Slice"],"picked":"Deadly Poison","floor":5},{"not_picked":["Dash","Quick Slash"],"picked":"Prepared","floor":7},{"not_picked":["Dagger Throw","Wraith Form v2"],"picked":"Prepared","floor":11},{"not_picked":["Endless Agony","Underhanded Strike"],"picked":"Footwork","floor":12},{"not_picked":["Dagger Throw","Tools of the Trade"],"picked":"Deflect","floor":14},{"not_picked":["Bullet Time","Phantasmal Killer"],"picked":"Glass Knife","floor":16},{"not_picked":["Infinite Blades","Backstab"],"picked":"Backflip+1","floor":18},{"not_picked":["Flechettes","Blade Dance","Slice"],"picked":"SKIP","floor":20},{"not_picked":["Dagger Throw","PiercingWail"],"picked":"Prepared","floor":21},{"not_picked":["Escape Plan+1","Sucker Punch+1"],"picked":"Blur","floor":22},{"not_picked":["Caltrops","Reflex"],"picked":"Crippling Poison","floor":24},{"not_picked":["Predator","Blade Dance"],"picked":"Blur+1","floor":29},{"not_picked":["Choke","Quick Slash","Infinite Blades"],"picked":"SKIP","floor":30},{"not_picked":["Dagger Throw","Bane"],"picked":"Deflect","floor":31},{"not_picked":["Corpse Explosion","A Thousand Cuts"],"picked":"Adrenaline","floor":33},{"not_picked":["Poisoned Stab+1","Catalyst"],"picked":"Noxious Fumes","floor":35},{"not_picked":["Backstab","All Out Attack","Flying Knee+1"],"picked":"SKIP","floor":37},{"not_picked":["Deflect","Dodge and Roll+1"],"picked":"Well Laid Plans","floor":38},{"not_picked":["Underhanded Strike","Blade Dance","Masterful Stab"],"picked":"SKIP","floor":39},{"not_picked":["Backflip","Crippling Poison"],"picked":"Tactician+1","floor":40}],"player_experience":33207,"relics_obtained":[{"floor":7,"key":"Mango"},{"floor":9,"key":"Tough Bandages"},{"floor":12,"key":"Torii"},{"floor":14,"key":"Eternal Feather"},{"floor":26,"key":"Pen Nib"},{"floor":29,"key":"StoneCalendar"},{"floor":31,"key":"Calipers"},{"floor":40,"key":"PreservedInsect"}],"event_choices":[{"damage_healed":0,"gold_gain":0,"player_choice":"Take Wound","damage_taken":0,"relics_obtained":["Golden Idol"],"max_hp_gain":0,"max_hp_loss":0,"event_name":"Golden Idol","floor":3,"gold_loss":0,"cards_obtained":["Injury"]},{"damage_healed":0,"gold_gain":175,"player_choice":"AGREE","damage_taken":0,"max_hp_gain":0,"max_hp_loss":0,"event_name":"Liars Game","floor":13,"gold_loss":0,"cards_obtained":["Doubt"]},{"cards_removed":["Doubt"],"damage_healed":0,"gold_gain":0,"player_choice":"Purged","damage_taken":0,"max_hp_gain":0,"max_hp_loss":0,"event_name":"Purifier","floor":19,"gold_loss":0},{"damage_healed":0,"gold_gain":0,"player_choice":"Obtained Relic","damage_taken":0,"relics_obtained":["Dream Catcher"],"max_hp_gain":0,"max_hp_loss":0,"event_name":"Addict","floor":25,"gold_loss":85},{"damage_healed":0,"gold_gain":0,"player_choice":"Embrace Madness","damage_taken":11,"max_hp_gain":0,"max_hp_loss":0,"event_name":"Winding Halls","floor":36,"gold_loss":0,"cards_obtained":["Madness","Madness"]}],"is_beta":false,"boss_relics":[{"not_picked":["Empty Cage","WristBlade"],"picked":"Tiny House"},{"not_picked":["Runic Pyramid","Runic Dome"],"picked":"Philosopher\u0027s Stone"}],"items_purged_floors":[4,4,4,28,28,28,28,28,28,28],"is_endless":false,"potions_floor_spawned":[5,7,11,16,18,22,24,31,33,38,39],"killed_by":"Sphere and 2 Shapes","ascension_level":1}}