{"host":"ox77rn1xcurm2t5a","time":1609891541,"event":{"mods":["2.2 Compatiblity","AchievementEnabler","Act Like it!","Aspiration","BaseMod","Best Route Mod","Better Match","Better Note","Better Sensory Stone","Block Reminder","Colored Map","Colored Powertips","Conjunction","Conspire","Custom Start","Energized Spire","GifTheSpireLib","Gold Saver","Gremlin Skip","Halation","Highlight Path","Hubris","Infinite Spire","Minty Spire (QoL Compilation)","Pale of the Ancients","Quick Restart","Replay The Spire","Reworked Bosses","ShortenTheSpire","Spire Exporter","StSLib","Stuff the Spire","Wandering Minibosses","vexMod"],"gold_per_floor":[111,125,1,1,1,1,1,1,26,53,53,81,81,100,100,201,201,215,62,62,62,74,105,105,134,134,169,169,183,183,196,196,298,298,321,335,347,347,347,347,380,380,380,411,428,43,43,60,60,79,79],"floor_reached":50,"playtime":1422,"items_purged":["Strike_B","Strike_B"],"score":1062,"play_id":"80aed45e-7764-46ad-b001-799eba8cad87","local_time":"20210106020541","is_ascension_mode":true,"campfire_choices":[{"data":"Defragment","floor":6.0,"key":"SMITH"},{"floor":8.0,"key":"RECALL"},{"data":"Zap","floor":11.0,"key":"SMITH"},{"data":"Streamline","floor":15.0,"key":"SMITH"},{"floor":24.0,"key":"REST"},{"data":"Dualcast","floor":28,"key":"SMITH"},{"floor":30,"key":"REST"},{"floor":42,"key":"REST"},{"data":"Ball Lightning","floor":49,"key":"SMITH"}],"circlet_count":0,"master_deck":["AscendersBane","Strike_B","Defend_B","Defend_B","Defend_B","Defend_B","Zap+1","Dualcast+1","Ball Lightning","Defragment+1","Streamline+1","Electrodynamics+1","Crystallizer+1","Defragment+1","Conserve Battery+1","Self Repair+1","Static Discharge+1","Buffer+1","Buffer+1","Capacitor+1","Chill+1","Loop+1","Self Repair+1","Ball Lightning+1"],"relics":["Cracked Core","NeowsBlessing","aspiration:ArtOfWarUpgrade","Frozen Egg 2","Philosopher\u0027s Stone","hubris:SoftwareUpdate","infinitespire:PuzzleCube","halation:IllGainedPizza","Iron Hammer","aspiration:BursterCore","aspiration:FetidBarrel","infinitespire:WardingShard","PreservedInsect","Membership Card","halation:TwoAmDonut"],"acts_visited":["Exordium","TheCity","TheBeyond"],"potions_floor_usage":[29,33,34,35,35,37,50],"damage_taken":[{"damage":0.0,"enemies":"Jaw Worm","floor":1.0,"turns":1.0},{"damage":0.0,"enemies":"2 Louse","floor":2.0,"turns":1.0},{"damage":0.0,"enemies":"Gremlin Nob","floor":10.0,"turns":1.0},{"damage":25.0,"enemies":"Lagavulin","floor":12.0,"turns":5.0},{"damage":0.0,"enemies":"Small Slimes","floor":14.0,"turns":3.0},{"damage":0.0,"enemies":"Slime Boss","floor":16.0,"turns":7.0},{"damage":14.0,"enemies":"3 Byrds","floor":18.0,"turns":3.0},{"damage":14.0,"enemies":"Shell Parasite","floor":22.0,"turns":3.0},{"damage":32.0,"enemies":"Gremlin Leader","floor":23.0,"turns":4.0},{"damage":67,"enemies":"Book of Stabbing","floor":25,"turns":5},{"damage":0,"enemies":"Gremlin Leader","floor":27,"turns":4},{"damage":12,"enemies":"Snake Plant","floor":29,"turns":3},{"damage":0,"enemies":"Centurion and Healer","floor":31,"turns":3},{"damage":48,"enemies":"hubris:MusketHawk","floor":33,"turns":8},{"damage":12,"enemies":"3 Shapes","floor":35,"turns":3},{"damage":0,"enemies":"3 Darklings","floor":36,"turns":2},{"damage":4,"enemies":"Jaw Worm Horde","floor":37,"turns":2},{"damage":43,"enemies":"Giant Head","floor":41,"turns":9},{"damage":10,"enemies":"Reptomancer","floor":44,"turns":5},{"damage":11,"enemies":"Sphere and 2 Shapes","floor":45,"turns":4},{"damage":10,"enemies":"4 Shapes","floor":48,"turns":4},{"damage":72,"enemies":"Replay:Hell Engine","floor":50,"turns":9}],"seed_played":"-3905479651978135923","potions_obtained":[{"floor":12.0,"key":"AttackPotion"},{"floor":14.0,"key":"Swift Potion"},{"floor":18.0,"key":"PowerPotion"},{"floor":25,"key":"Block Potion"},{"floor":31,"key":"EssenceOfSteel"},{"floor":33,"key":"EntropicBrew"},{"floor":35,"key":"Block Potion"},{"floor":48,"key":"Strength Potion"}],"is_trial":false,"path_per_floor":["M","M","$","?","$","R","?","R","T","E","R","E","?","M","R","B",null,"M","$","?","?","M","E","R","E","T","E","R","M","R","M","R","B",null,"M","M","M","?","?","R","E","R","T","E","M","$","?","M","R","B"],"character_chosen":"DEFECT","items_purchased":["Defragment","Streamline","Crystallizer+1","Membership Card","Self Repair+1","halation:TwoAmDonut","Ball Lightning"],"campfire_rested":3,"item_purchase_floors":[3,3,19,46,46,46,46],"current_hp_per_floor":[68,68,68,68,68,68,68,68,68,68,68,43,43,43,43,43,67,53,53,53,53,39,7,29,24,24,34,34,22,44,54,54,16,60,58,58,54,54,54,54,21,43,43,43,42,42,42,52,52,0,0],"gold":79,"neow_bonus":"THREE_ENEMY_KILL","is_daily":false,"chose_seed":false,"campfire_upgraded":5,"win_rate":0.0,"timestamp":1609891541,"path_taken":["M","M","$","?","$","R","?","R","T","E","R","E","?","M","R","BOSS","M","$","?","?","?","E","R","E","T","E","R","M","R","M","R","BOSS","M","M","M","?","?","R","E","R","T","E","?","$","?","M","R","BOSS"],"items_purchased_type":["Card","Card","Card","Relic","Card","Relic","Card"],"build_version":"2020-12-22","purchased_purges":2,"victory":false,"max_hp_per_floor":[75,75,75,75,75,75,75,75,75,75,75,75,75,75,75,75,75,75,75,75,75,75,75,75,75,75,75,75,75,75,75,75,75,75,75,75,75,75,75,75,75,75,75,75,75,75,75,75,75,75,75],"card_choices":[{"not_picked":["Redo","Panic Button"],"picked":"Ball Lightning","floor":1.0},{"not_picked":["Aggregate","Streamline","ReplaySolidLightProjector"],"picked":"SKIP","floor":2.0},{"not_picked":["ReplayTheSpireMod:GoodbyeWorld","Beam Cell","Hyperbeam"],"picked":"SKIP","floor":10.0},{"not_picked":["Steam","Beam Cell","Hello World+1"],"picked":"SKIP","floor":12.0},{"not_picked":["Double Energy","StuffTheSpire:LoadUp","Hologram"],"picked":"SKIP","floor":14.0},{"not_picked":["Machine Learning+1","Seek"],"picked":"Electrodynamics+1","floor":16.0},{"not_picked":["Rebound","ReplayTheSpireMod:Repulse","Time Bomb"],"picked":"SKIP","floor":18.0},{"not_picked":["Reinforced Body","Panic Button"],"picked":"Conserve Battery+1","floor":22.0},{"not_picked":["Turbo+1","Heatsinks+1"],"picked":"Self Repair+1","floor":23.0},{"not_picked":["Beam Cell","Barrage","BasicCrystalCard"],"picked":"SKIP","floor":25},{"not_picked":["Tempest","StuffTheSpire:Plugnplay","StuffTheSpire:SnapShoot+1"],"picked":"SKIP","floor":27},{"not_picked":["Glacier","StuffTheSpire:LoadUp","Streamline"],"picked":"SKIP","floor":29},{"not_picked":["Reinforced Body","Streamline"],"picked":"Static Discharge+1","floor":31},{"not_picked":["Thunder Strike","hubris:SpecializedCircuitry+1"],"picked":"Buffer+1","floor":33},{"not_picked":["Stack","Cold Snap","StuffTheSpire:LoadUp"],"picked":"SKIP","floor":35},{"not_picked":["Panic Button","Gash"],"picked":"Buffer+1","floor":36},{"not_picked":["StuffTheSpire:Rend+1","conspire:Rain+1"],"picked":"Capacitor+1","floor":37},{"not_picked":["Turbo","Stack"],"picked":"Chill+1","floor":41},{"not_picked":["hubris:PowerSurge+1","Doom and Gloom","BootSequence"],"picked":"SKIP","floor":44},{"not_picked":["Ball Lightning","StuffTheSpire:Plugnplay"],"picked":"Loop+1","floor":45},{"not_picked":["Reinforced Body","Leap","Rebound+1"],"picked":"SKIP","floor":48}],"player_experience":2920882,"relics_obtained":[{"floor":10.0,"key":"Art of War"},{"floor":12.0,"key":"Frozen Egg 2"},{"floor":23.0,"key":"hubris:SoftwareUpdate"},{"floor":25,"key":"infinitespire:PuzzleCube"},{"floor":26,"key":"halation:IllGainedPizza"},{"floor":27,"key":"Iron Hammer"},{"floor":41,"key":"aspiration:FetidBarrel"},{"floor":43,"key":"infinitespire:WardingShard"},{"floor":44,"key":"PreservedInsect"}],"event_choices":[{"damage_healed":0.0,"max_hp_gain":0.0,"max_hp_loss":0.0,"gold_gain":1.0,"event_name":"betterStone:BetterStone","player_choice":"1","floor":7.0,"gold_loss":0.0,"damage_taken":0.0},{"damage_healed":0.0,"max_hp_gain":0.0,"max_hp_loss":0.0,"gold_gain":0.0,"event_name":"Golden Idol","player_choice":"Ignored","floor":13.0,"gold_loss":0.0,"damage_taken":0.0},{"damage_healed":0.0,"max_hp_gain":0.0,"max_hp_loss":0.0,"gold_gain":0.0,"event_name":"Duplicator","player_choice":"Copied","floor":21.0,"gold_loss":0.0,"damage_taken":0.0,"cards_obtained":["Defragment"]},{"cards_removed":["Strike_B"],"damage_healed":0,"gold_gain":0,"player_choice":"Card Removal","damage_taken":0,"max_hp_gain":0,"max_hp_loss":0,"event_name":"Wheel of Change","floor":39,"gold_loss":0},{"damage_healed":0,"gold_gain":0,"player_choice":"Leave","damage_taken":0,"max_hp_gain":0,"max_hp_loss":0,"event_name":"conspire:Investor","floor":47,"gold_loss":0}],"is_beta":false,"boss_relics":[{"not_picked":["energizedSpire:SpiderWeb","halation:MonkeysPaw"],"picked":"Philosopher\u0027s Stone"},{"not_picked":["energizedSpire:StickyHand","Replay:Grab Bag"],"picked":"aspiration:BursterCore"}],"items_purged_floors":[19,46],"is_endless":false,"potions_floor_spawned":[12,14,18,25,31,33,35,48],"killed_by":"Replay:Hell Engine","ascension_level":12}}