{"host":"36mulxq349byzoa2","time":1609892140,"event":{"mods":["AchievementEnabler","BaseMod","Better Match","Block Reminder","Colored Map","Colored Powertips","Minty Spire (QoL Compilation)","Rare Cards Sparkle","StSLib","SuperFastMode"],"gold_per_floor":[99,99,99,79,79,79,79,79,79,79,30,30,30],"floor_reached":12,"playtime":349,"items_purged":[],"score":156,"play_id":"5202dde8-82d7-42f3-94f7-5a6029f178ce","local_time":"20210105191540","is_ascension_mode":true,"campfire_choices":[],"circlet_count":0,"master_deck":["AscendersBane","Strike_G","Strike_G","Strike_G","Strike_G","Strike_G","Defend_G","Defend_G","Defend_G","Defend_G","Defend_G","Survivor","Neutralize","Prepared","Poisoned Stab","Dagger Spray","Poisoned Stab","Underhanded Strike","Footwork"],"relics":["Ectoplasm","Thread and Needle","Old Coin"],"acts_visited":["Exordium"],"potions_floor_usage":[6],"damage_taken":[{"damage":1,"enemies":"Small Slimes","floor":1,"turns":6},{"damage":3,"enemies":"Cultist","floor":3,"turns":5},{"damage":7,"enemies":"Jaw Worm","floor":5,"turns":4},{"damage":27,"enemies":"Gremlin Nob","floor":6,"turns":4},{"damage":3,"enemies":"3 Louse","floor":7,"turns":4},{"damage":5,"enemies":"Gremlin Gang","floor":10,"turns":3},{"damage":10,"enemies":"3 Sentries","floor":12,"turns":10}],"seed_played":"-8581126931155936979","potions_obtained":[{"floor":1,"key":"Weak Potion"},{"floor":4,"key":"CultistPotion"},{"floor":6,"key":"Energy Potion"}],"is_trial":false,"path_per_floor":["M","?","M","?","M","E","M","?","T","M","?","E"],"character_chosen":"THE_SILENT","items_purchased":[],"campfire_rested":0,"item_purchase_floors":[],"current_hp_per_floor":[58,63,60,60,53,26,23,23,23,18,18,8,8],"gold":30,"neow_bonus":"BOSS_RELIC","is_daily":false,"chose_seed":false,"campfire_upgraded":0,"win_rate":0.0,"timestamp":1609892140,"path_taken":["M","?","M","?","?","E","M","?","T","M","?","E"],"items_purchased_type":[],"build_version":"2020-12-22","purchased_purges":0,"victory":false,"max_hp_per_floor":[66,71,71,71,71,71,71,71,71,71,71,71,71],"card_choices":[{"not_picked":["Tactician","Deflect"],"picked":"Prepared","floor":1},{"not_picked":["Dash","Slice"],"picked":"Poisoned Stab","floor":3},{"not_picked":["Doppelganger","Masterful Stab"],"picked":"Dagger Spray","floor":5},{"not_picked":["Heel Hook","Flying Knee"],"picked":"Poisoned Stab","floor":6},{"not_picked":["Expertise","Dagger Spray"],"picked":"Underhanded Strike","floor":7},{"not_picked":["Deflect","Blade Dance"],"picked":"Footwork","floor":10}],"player_experience":1004177,"relics_obtained":[{"floor":6,"key":"Thread and Needle"},{"floor":9,"key":"Old Coin"}],"event_choices":[{"damage_healed":0,"gold_gain":0,"player_choice":"Donut","damage_taken":0,"max_hp_gain":5,"max_hp_loss":0,"event_name":"Big Fish","floor":2,"gold_loss":0},{"damage_healed":0,"gold_gain":0,"player_choice":"Bought 1 Potion","damage_taken":0,"max_hp_gain":0,"max_hp_loss":0,"event_name":"The Woman in Blue","floor":4,"gold_loss":0},{"damage_healed":0,"gold_gain":0,"player_choice":"Ignored","damage_taken":0,"max_hp_gain":0,"max_hp_loss":0,"event_name":"Shining Light","floor":8,"gold_loss":0},{"damage_healed":0,"gold_gain":0,"player_choice":"Left Gold","damage_taken":0,"max_hp_gain":0,"max_hp_loss":0,"event_name":"World of Goop","floor":11,"gold_loss":49}],"is_beta":false,"boss_relics":[],"items_purged_floors":[],"is_endless":false,"potions_floor_spawned":[1,6],"killed_by":"3 Sentries","ascension_level":19}}