{"host":"7yxt37kap0q16lk4","time":1609948285,"event":{"mods":["2.2 Compatiblity","Act Like it!","BaseMod","Better Third Choice","Better-Laid Plans","Colored Map","Custom Start","Highlight Path","Keyboard Shortcuts","Minty Spire (QoL Compilation)","Quick Restart","Rare Cards Sparkle","Relic Stats","Shop Mod","Slay the Relics Exporter","StSLib","SuperFastMode"],"gold_per_floor":[111,111,128,128,128,159,159,230,230,230,265,285,351,351,351],"floor_reached":14,"playtime":254,"items_purged":[],"score":312,"play_id":"97af2789-0257-4ee1-bbac-54266fc623fa","local_time":"20210107005125","is_ascension_mode":true,"campfire_choices":[{"data":"Bash","floor":7,"key":"SMITH"},{"data":"Rage","floor":10,"key":"SMITH"}],"circlet_count":0,"master_deck":["AscendersBane","Strike_R","Strike_R","Strike_R","Strike_R","Defend_R","Defend_R","Defend_R","Defend_R","Bash+1","Twin Strike","Rage+1","Battle Trance","Shrug It Off","Pommel Strike","Body Slam","Body Slam+1"],"relics":["Burning Blood","NeowsBlessing","Golden Idol","Frozen Egg 2","Smiling Mask","PreservedInsect","Orichalcum","Molten Egg 2"],"acts_visited":["Exordium"],"potions_floor_usage":[8,13],"damage_taken":[{"damage":0,"enemies":"Jaw Worm","floor":1,"turns":1},{"damage":0,"enemies":"2 Louse","floor":3,"turns":1},{"damage":0,"enemies":"Lagavulin","floor":6,"turns":1},{"damage":32,"enemies":"3 Sentries","floor":8,"turns":9},{"damage":17,"enemies":"Lagavulin","floor":11,"turns":5},{"damage":2,"enemies":"Small Slimes","floor":12,"turns":3},{"damage":4,"enemies":"3 Sentries","floor":13,"turns":7},{"damage":25,"enemies":"Gremlin Nob","floor":14,"turns":3}],"seed_played":"8829649845582007164","potions_obtained":[{"floor":6,"key":"ColorlessPotion"},{"floor":11,"key":"SkillPotion"},{"floor":13,"key":"Dexterity Potion"}],"is_trial":false,"path_per_floor":["M","?","M","?","?","E","R","E","T","R","E","M","?","E"],"character_chosen":"IRONCLAD","items_purchased":[],"campfire_rested":0,"item_purchase_floors":[],"current_hp_per_floor":[74,79,80,52,45,51,51,25,25,25,14,18,20,0,0],"gold":351,"neow_bonus":"THREE_ENEMY_KILL","is_daily":false,"chose_seed":false,"campfire_upgraded":2,"win_rate":0.0,"timestamp":1609948285,"path_taken":["M","?","M","?","?","E","R","E","T","R","E","?","?","E"],"items_purchased_type":[],"build_version":"2020-12-22","purchased_purges":0,"victory":false,"max_hp_per_floor":[75,80,80,80,80,80,80,80,80,80,80,80,80,80,80],"relic_stats":{"counters":[8,30],"Golden Idol":30,"PreservedInsect":85,"Orichalcum":[18],"Smiling Mask":0,"obtain_stats":[{"NeowsBlessing":0,"Golden Idol":4,"Molten Egg 2":13,"PreservedInsect":9,"Frozen Egg 2":6,"Orichalcum":11,"Smiling Mask":8,"Burning Blood":0},{"NeowsBlessing":0,"Golden Idol":2,"Molten Egg 2":7,"PreservedInsect":4,"Frozen Egg 2":3,"Orichalcum":5,"Smiling Mask":4,"Burning Blood":0},{"NeowsBlessing":0,"Golden Idol":2,"Molten Egg 2":27,"PreservedInsect":12,"Frozen Egg 2":3,"Orichalcum":17,"Smiling Mask":12,"Burning Blood":0}],"Burning Blood":37},"card_choices":[{"not_picked":["Twin Strike","Bloodletting","Reckless Charge"],"picked":"SKIP","floor":1},{"not_picked":["Bloodletting","Reckless Charge"],"picked":"Twin Strike","floor":1},{"not_picked":["Searing Blow","Hemokinesis"],"picked":"Rage","floor":3},{"not_picked":["Bloodletting","Twin Strike"],"picked":"Battle Trance","floor":6},{"not_picked":["Ghostly Armor","Disarm"],"picked":"Shrug It Off","floor":8},{"not_picked":["True Grit","Limit Break"],"picked":"Pommel Strike","floor":11},{"not_picked":["Battle Trance","Intimidate"],"picked":"Body Slam","floor":12},{"not_picked":["Warcry","Pummel+1"],"picked":"Body Slam+1","floor":13}],"player_experience":1040640,"relics_obtained":[{"floor":6,"key":"Frozen Egg 2"},{"floor":8,"key":"Smiling Mask"},{"floor":9,"key":"PreservedInsect"},{"floor":11,"key":"Orichalcum"},{"floor":13,"key":"Molten Egg 2"}],"event_choices":[{"damage_healed":0,"gold_gain":0,"player_choice":"Donut","damage_taken":0,"max_hp_gain":5,"max_hp_loss":0,"event_name":"Big Fish","floor":2,"gold_loss":0},{"damage_healed":0,"gold_gain":0,"player_choice":"Take Damage","damage_taken":28,"relics_obtained":["Golden Idol"],"max_hp_gain":0,"max_hp_loss":0,"event_name":"Golden Idol","floor":4,"gold_loss":0},{"cards_removed":["Strike_R"],"damage_healed":0,"gold_gain":0,"player_choice":"Card Removal","damage_taken":7,"max_hp_gain":0,"max_hp_loss":0,"event_name":"Golden Wing","floor":5,"gold_loss":0},{"damage_healed":0,"gold_gain":30,"player_choice":"Searched \u00272\u0027 times","damage_taken":0,"max_hp_gain":0,"max_hp_loss":0,"event_name":"Dead Adventurer","floor":13,"gold_loss":0}],"is_beta":false,"boss_relics":[],"items_purged_floors":[],"is_endless":false,"potions_floor_spawned":[6,11,13],"killed_by":"Gremlin Nob","ascension_level":20}}