{"host":"9c5kazgg71l3jb6l","time":1609929161,"event":{"mods":["Arknights The Spire","BaseMod","Minty Spire (QoL Compilation)","StSLib","Waifu the Spire"],"gold_per_floor":[110,128,145,155,155,155,191,191,191,215,215,229,229,243,243,371,371,392,72,72,72,90,124,124,399,444,459,478,493,513,513,513,644,644,659,679,246,261,261,302,302,323,376,390,390,428,173,254,254,254,254],"floor_reached":50,"playtime":2303,"items_purged":["Regret","ats:Flexible Camouflage+1"],"score":602,"play_id":"3001a324-5651-40d7-a0c7-087cca7860c2","local_time":"20210106183241","is_ascension_mode":true,"campfire_choices":[{"data":"ats:Neurotoxin","floor":6.0,"key":"SMITH"},{"floor":8.0,"key":"REST"},{"data":"ats:Soul Absorption","floor":15.0,"key":"SMITH"},{"data":"Sadistic Nature","floor":24,"key":"SMITH"},{"floor":32,"key":"REST"},{"data":"ats:Neurotoxin","floor":41,"key":"SMITH"},{"data":"Good Instincts","floor":45,"key":"SMITH"},{"floor":49,"key":"REST"}],"circlet_count":0,"master_deck":["ats:Strike C","ats:Strike G","ats:Strike S","ats:Strike V","ats:Armor Crushing Shot","ats:Defend","ats:Defend","ats:Defend","ats:Defend+1","ats:Emotion Absorption+1","Dramatic Entrance","ats:Rapid Magazine","ats:Composite Medical Shells","ats:Volcano","ats:Neurotoxin+1","ats:Soul Absorption+1","ats:Apocalypse","ats:Neurotoxin+1","Blind","ats:Poison Spread","ats:Rat Pack","ats:Collapsing Strike+1","Sadistic Nature+1","ats:Explosion Area Strengthen+1","ats:Chain Hook+1","ats:Poison Spread","ats:Volcano","ats:Steam Pump+1","ats:Childhood Dance+1","Good Instincts+1","ats:Neurotoxin+1","ats:Blood Oath"],"relics":["ats:Sanity","Golden Idol","ats:Originium","Orichalcum","Question Card","Letter Opener","Busted Crown","ats:Hidden Killer","Pear","Meat on the Bone","Regal Pillow","Tiny Chest","Lantern","SacredBark","Mercury Hourglass","Mango","Omamori","ats:Rhine Circuitry","War Paint","StrikeDummy"],"acts_visited":["Exordium","TheCity","TheBeyond"],"potions_floor_usage":[27,28,42,50],"damage_taken":[{"damage":0.0,"enemies":"2 Louse","floor":1.0,"turns":3.0},{"damage":0.0,"enemies":"Small Slimes","floor":2.0,"turns":3.0},{"damage":1.0,"enemies":"Cultist","floor":3.0,"turns":4.0},{"damage":0.0,"enemies":"Lots of Slimes","floor":4.0,"turns":2.0},{"damage":47.0,"enemies":"3 Sentries","floor":7.0,"turns":9.0},{"damage":7.0,"enemies":"Blue Slaver","floor":10.0,"turns":4.0},{"damage":0.0,"enemies":"Exordium Wildlife","floor":12.0,"turns":2.0},{"damage":0.0,"enemies":"Gremlin Gang","floor":14.0,"turns":3.0},{"damage":30.0,"enemies":"Slime Boss","floor":16.0,"turns":9.0},{"damage":13.0,"enemies":"3 Byrds","floor":18.0,"turns":4.0},{"damage":19.0,"enemies":"2 Thieves","floor":22.0,"turns":4.0},{"damage":37.0,"enemies":"Gremlin Leader","floor":23.0,"turns":7.0},{"damage":11,"enemies":"Snecko","floor":27,"turns":5},{"damage":16,"enemies":"Snake Plant","floor":28,"turns":5},{"damage":27,"enemies":"Centurion and Healer","floor":29,"turns":5},{"damage":8,"enemies":"Cultist and Chosen","floor":30,"turns":4},{"damage":82,"enemies":"Collector","floor":33,"turns":9},{"damage":24,"enemies":"3 Darklings","floor":35,"turns":4},{"damage":5,"enemies":"Orb Walker","floor":36,"turns":3},{"damage":23,"enemies":"3 Darklings","floor":38,"turns":5},{"damage":18,"enemies":"Reptomancer","floor":40,"turns":7},{"damage":0,"enemies":"Transient","floor":42,"turns":5},{"damage":73,"enemies":"Writhing Mass","floor":44,"turns":5},{"damage":59,"enemies":"Nemesis","floor":46,"turns":7},{"damage":75,"enemies":"Time Eater","floor":50,"turns":7}],"seed_played":"-3021495402206592970","potions_obtained":[{"floor":4.0,"key":"Fruit Juice"},{"floor":10.0,"key":"LiquidMemories"},{"floor":12.0,"key":"ats:Top Emergency Sanity Potion"},{"floor":23.0,"key":"DistilledChaos"},{"floor":27,"key":"Block Potion"},{"floor":29,"key":"FairyPotion"},{"floor":33,"key":"ats:Top Emergency Sanity Potion"},{"floor":38,"key":"AttackPotion"},{"floor":46,"key":"LiquidMemories"}],"is_trial":false,"path_per_floor":["M","M","M","M","?","R","E","R","T","M","?","M","?","M","R","B",null,"M","$","?","T","M","E","R","?","T","M","M","M","M","T","R","B",null,"M","M","$","M","?","E","R","M","T","M","R","E","$","T","R","B"],"character_chosen":"DOCTOR_CLASS","items_purchased":["Sadistic Nature","ats:Hidden Killer","Mercury Hourglass","Good Instincts","War Paint"],"campfire_rested":3,"item_purchase_floors":[19,19,37,37,47],"current_hp_per_floor":[72,72,71,71,58,58,11,34,34,27,27,31,31,31,31,9,77,64,64,74,74,59,42,42,42,42,43,43,32,40,40,81,19,87,63,62,62,51,51,63,63,67,67,60,60,17,17,17,62,0,0],"gold":254,"neow_bonus":"RANDOM_COLORLESS","is_daily":false,"chose_seed":false,"campfire_upgraded":5,"win_rate":0.0,"timestamp":1609929161,"path_taken":["M","M","M","M","?","R","E","R","T","M","?","M","?","?","R","BOSS","M","?","?","?","?","E","R","?","T","M","M","M","?","?","R","BOSS","M","M","$","M","?","E","R","M","T","M","R","E","$","?","R","BOSS"],"items_purchased_type":["Card","Relic","Relic","Card","Relic"],"build_version":"2020-12-22","purchased_purges":2,"victory":false,"max_hp_per_floor":[72,72,72,72,77,77,77,77,77,77,77,77,77,77,77,77,77,77,77,87,87,87,87,87,87,87,87,87,87,87,87,87,87,87,87,87,87,87,87,101,101,101,101,101,101,101,101,101,101,101,101],"card_choices":[{"not_picked":["Madness","Discovery"],"picked":"Dramatic Entrance","floor":0.0},{"not_picked":["ats:Flame Of Heaven","ats:Shell Defense"],"picked":"ats:Rapid Magazine","floor":1.0},{"not_picked":["ats:Ignite","ats:Assault Order"],"picked":"ats:Composite Medical Shells","floor":2.0},{"not_picked":["ats:Curse Doll","ats:Cat Scratch"],"picked":"ats:Volcano","floor":3.0},{"not_picked":["ats:Assault Order","ats:Ignite"],"picked":"ats:Neurotoxin","floor":4.0},{"not_picked":["ats:Leaping Hammer","ats:Healing Strengthening"],"picked":"ats:Soul Absorption","floor":7.0},{"not_picked":["ats:Leaping Hammer","ats:Shell Defense","ats:Demon Strength"],"picked":"ats:Apocalypse","floor":10.0},{"not_picked":["ats:Powerful Strike","ats:Flame Of Heaven","ats:Shell Defense"],"picked":"ats:Neurotoxin","floor":12.0},{"not_picked":["ats:Hammer On","ats:Chain Hook","ats:Revitalization"],"picked":"ats:Poison Spread","floor":14.0},{"not_picked":["ats:Shadow Assault","ats:Echo Reverb","ats:Durian"],"picked":"ats:Rat Pack","floor":16.0},{"not_picked":["ats:Consecutive Shot Auto+1"],"picked":"ats:Collapsing Strike+1","floor":18.0},{"not_picked":["ats:Composite Medical Shells"],"picked":"ats:Explosion Area Strengthen+1","floor":22.0},{"not_picked":["ats:Healing Strengthening"],"picked":"ats:Chain Hook+1","floor":23.0},{"not_picked":["ats:Revitalization"],"picked":"ats:Flexible Camouflage+1","floor":27},{"not_picked":["ats:Support Order"],"picked":"ats:Poison Spread","floor":28},{"not_picked":["ats:Collapsing Strike","ats:Childhood Dance"],"picked":"SKIP","floor":29},{"not_picked":["ats:Sword Rain"],"picked":"ats:Explosion Area Strengthen","floor":30},{"not_picked":["ats:Durian"],"picked":"ats:Volcano","floor":33},{"not_picked":["ats:LN2 Cannon"],"picked":"ats:Steam Pump+1","floor":35},{"not_picked":["ats:Support Order+1"],"picked":"ats:Childhood Dance+1","floor":36},{"not_picked":["ats:Curse Doll+1"],"picked":"ats:Neurotoxin+1","floor":38},{"not_picked":["ats:Leaping Hammer","ats:Hammer On"],"picked":"SKIP","floor":40},{"not_picked":["ats:Revitalization+1","ats:Curse Doll+1"],"picked":"SKIP","floor":42},{"not_picked":["ats:Leaping Hammer+1","ats:Curse Doll"],"picked":"SKIP","floor":44},{"not_picked":["ats:Roar Of Ursus"],"picked":"ats:Blood Oath","floor":46}],"player_experience":1300827,"relics_obtained":[{"floor":7.0,"key":"ats:Originium"},{"floor":7.0,"key":"Orichalcum"},{"floor":9.0,"key":"Question Card"},{"floor":21.0,"key":"Meat on the Bone"},{"floor":23.0,"key":"ats:Originium"},{"floor":23.0,"key":"Regal Pillow"},{"floor":26,"key":"Tiny Chest"},{"floor":31,"key":"Lantern"},{"floor":40,"key":"ats:Originium"},{"floor":40,"key":"Mango"},{"floor":43,"key":"Omamori"},{"floor":46,"key":"ats:Rhine Circuitry"},{"floor":48,"key":"StrikeDummy"}],"event_choices":[{"damage_healed":0.0,"max_hp_gain":0.0,"max_hp_loss":0.0,"gold_gain":0.0,"event_name":"Golden Idol","player_choice":"Take Damage","floor":5.0,"gold_loss":0.0,"damage_taken":18.0,"relics_obtained":["Golden Idol"]},{"damage_healed":0.0,"max_hp_gain":0.0,"max_hp_loss":0.0,"gold_gain":0.0,"event_name":"Dead Adventurer","player_choice":"Searched \u00272\u0027 times","floor":11.0,"gold_loss":0.0,"damage_taken":0.0,"relics_obtained":["Letter Opener"]},{"damage_healed":0.0,"max_hp_gain":0.0,"max_hp_loss":0.0,"gold_gain":0.0,"event_name":"Match and Keep!","player_choice":"1 cards matched","floor":13.0,"gold_loss":0.0,"damage_taken":0.0,"cards_obtained":["Blind"]},{"damage_healed":0.0,"max_hp_gain":0.0,"max_hp_loss":0.0,"gold_gain":0.0,"event_name":"The Mausoleum","player_choice":"Opened","floor":20.0,"gold_loss":0.0,"damage_taken":0.0,"relics_obtained":["Pear"]},{"damage_healed":0,"gold_gain":275,"player_choice":"Desecrate","damage_taken":0,"max_hp_gain":0,"max_hp_loss":0,"event_name":"Golden Shrine","floor":25,"gold_loss":0,"cards_obtained":["Regret"]},{"cards_removed":["ats:Explosion Area Strengthen"],"damage_healed":0,"gold_gain":0,"player_choice":"Removed Attack","damage_taken":0,"max_hp_gain":0,"max_hp_loss":0,"event_name":"Falling","floor":39,"gold_loss":0}],"is_beta":false,"boss_relics":[{"not_picked":["Philosopher\u0027s Stone","Velvet Choker"],"picked":"Busted Crown"},{"not_picked":["Runic Dome","Sozu"],"picked":"SacredBark"}],"items_purged_floors":[37,47],"is_endless":false,"potions_floor_spawned":[4,10,12,23,27,29,33,38,46],"killed_by":"Time Eater","ascension_level":1}}