{"host":"1jyvlwrg3lqf29t2","time":1609971915,"event":{"mods":["BaseMod","Colored Powertips","Downfall","Googly Eyes","Hermit","Minty Spire (QoL Compilation)","StSLib","The Blackbeard","The Cursed","The Poker Player","TheBandit"],"gold_per_floor":[113,113,125,125,140,171,171,191,191,42,55,55,55,67,67,162,162,179,79,93,93,93,93,37,67,67,67,80,95,95,121,121,226,226,240,240,240,253,70,99,99,109,109,124,158,172,92,147,147,147],"floor_reached":51,"playtime":3172,"items_purged":["blackbeard:BlackbeardStrike","blackbeard:BlackbeardDefend"],"score":770,"play_id":"02d286e1-a41b-4b2d-89c4-c624d832a55c","local_time":"20210106162515","is_ascension_mode":false,"campfire_choices":[{"data":"blackbeard:BeatUp","floor":7.0,"key":"SMITH"},{"data":"blackbeard:PirateEarring","floor":12.0,"key":"SMITH"},{"data":"blackbeard:Toast","floor":15.0,"key":"SMITH"},{"data":"blackbeard:VampiricScepter","floor":23.0,"key":"SMITH"},{"data":"blackbeard:Parrot","floor":27.0,"key":"SMITH"},{"data":"blackbeard:PirateStrength","floor":32.0,"key":"SMITH"},{"data":"blackbeard:PirateStrength","floor":41.0,"key":"SMITH"},{"data":"blackbeard:WeaponProficiency","floor":49,"key":"SMITH"}],"circlet_count":0,"master_deck":["blackbeard:BlackbeardStrike","blackbeard:BlackbeardStrike","blackbeard:IntimidatingStrike","blackbeard:BlackbeardDefend+1","blackbeard:BlackbeardDefend+1","blackbeard:BlackbeardDefend","blackbeard:BeatUp+1","blackbeard:Toast+1","blackbeard:Parrot+1","blackbeard:BoostMorale+1","blackbeard:VampiricScepter+1","blackbeard:PirateEarring","blackbeard:PirateStrength+1","blackbeard:PiratesWill","blackbeard:PirateEarring+1","blackbeard:PirateStrength+1","blackbeard:WeaponProficiency+1","blackbeard:InfiniteBarrage+1","blackbeard:CloakAndCannonball+1"],"relics":["blackbeard:LoadTheGoldenCannons","NeowsBlessing","Mummified Hand","Sundial","The Courier","Strawberry","blackbeard:GoldenRing","Darkstone Periapt","Toy Ornithopter","blackbeard:Karategi","PreservedInsect","Prayer Wheel","Juzu Bracelet","War Paint","Mango"],"acts_visited":["Exordium","TheCity","TheBeyond"],"potions_floor_usage":[46,46,50],"damage_taken":[{"damage":0.0,"enemies":"2 Louse","floor":1.0,"turns":1.0},{"damage":0.0,"enemies":"Cultist","floor":3.0,"turns":1.0},{"damage":0.0,"enemies":"Jaw Worm","floor":5.0,"turns":1.0},{"damage":23.0,"enemies":"Lagavulin","floor":6.0,"turns":5.0},{"damage":7.0,"enemies":"Large Slime","floor":8.0,"turns":7.0},{"damage":0.0,"enemies":"Looter","floor":11.0,"turns":3.0},{"damage":3.0,"enemies":"Gremlin Gang","floor":14.0,"turns":4.0},{"damage":6.0,"enemies":"Hexaghost","floor":16.0,"turns":11.0},{"damage":10.0,"enemies":"Shell Parasite","floor":18.0,"turns":5.0},{"damage":2.0,"enemies":"Spheric Guardian","floor":20.0,"turns":3.0},{"damage":12.0,"enemies":"Book of Stabbing","floor":25.0,"turns":6.0},{"damage":12.0,"enemies":"Cultist and Chosen","floor":28.0,"turns":5.0},{"damage":29.0,"enemies":"Centurion and Healer","floor":29.0,"turns":5.0},{"damage":36.0,"enemies":"Slavers","floor":31.0,"turns":7.0},{"damage":26.0,"enemies":"Collector","floor":33.0,"turns":7.0},{"damage":19.0,"enemies":"3 Shapes","floor":35.0,"turns":5.0},{"damage":14.0,"enemies":"3 Darklings","floor":38.0,"turns":5.0},{"damage":0.0,"enemies":"Nemesis","floor":40.0,"turns":3.0},{"damage":14.0,"enemies":"Sphere and 2 Shapes","floor":42.0,"turns":5.0},{"damage":33.0,"enemies":"Spire Growth","floor":44.0,"turns":4.0},{"damage":4.0,"enemies":"Giant Head","floor":45.0,"turns":4.0},{"damage":0,"enemies":"Transient","floor":46,"turns":5},{"damage":34,"enemies":"2 Orb Walkers","floor":48,"turns":5},{"damage":162,"enemies":"Awakened One","floor":50,"turns":15}],"seed_played":"9140014437115057406","potions_obtained":[{"floor":3.0,"key":"Fruit Juice"},{"floor":5.0,"key":"DuplicationPotion"},{"floor":8.0,"key":"GamblersBrew"},{"floor":14.0,"key":"hexamod:EctoCoolerPotion"},{"floor":18.0,"key":"Block Potion"},{"floor":29.0,"key":"blackbeard:UpgradePotion"},{"floor":46,"key":"Ancient Potion"}],"is_trial":false,"path_per_floor":["M","?","M","?","M","E","R","M","T","$","M","R","?","M","R","B",null,"M","?","M","?","?","R","$","E","T","R","M","M","T","E","R","B",null,"M","?","?","M","$","E","R","M","T","M","E","M","$","?","R","B",null],"character_chosen":"BLACKBEARD_CLASS","items_purchased":["blackbeard:PirateEarring","blackbeard:PirateEarring","blackbeard:WeaponProficiency","PreservedInsect"],"campfire_rested":0,"item_purchase_floors":[10,24,39,39],"current_hp_per_floor":[75,75,75,80,80,57,57,50,50,50,50,50,43,40,40,34,80,70,70,78,78,78,78,78,87,87,87,86,72,72,57,57,58,87,82,82,82,83,83,83,83,83,83,68,82,88,88,89,89,58],"gold":147,"neow_bonus":"THREE_ENEMY_KILL","is_daily":false,"chose_seed":false,"campfire_upgraded":8,"win_rate":0.0,"timestamp":1609971915,"path_taken":["M","?","?","?","M","E","R","M","T","$","M","R","?","M","R","BOSS","M","?","M","?","?","R","$","E","T","R","M","?","?","E","R","BOSS","M","?","?","M","?","E","R","M","T","M","E","M","$","?","R","BOSS"],"items_purchased_type":["Card","Card","Card","Relic"],"build_version":"2020-12-22","purchased_purges":2,"victory":true,"max_hp_per_floor":[75,75,75,80,80,80,80,80,80,80,80,80,80,80,80,80,80,80,80,80,80,80,80,80,87,87,87,87,87,87,87,87,87,87,87,87,83,83,83,83,83,83,83,83,83,88,88,102,102,102],"card_choices":[{"not_picked":["blackbeard:FieryDefense","blackbeard:PiratesWill"],"picked":"blackbeard:BeatUp","floor":1.0},{"not_picked":["blackbeard:PirateHook","blackbeard:FieryDefense","blackbeard:DeadlyArsenal"],"picked":"SKIP","floor":3.0},{"not_picked":["blackbeard:Sword","blackbeard:GoldenStrike"],"picked":"blackbeard:Toast","floor":5.0},{"not_picked":["blackbeard:SwordDance","blackbeard:GoldenDefense","blackbeard:DoubleBottom"],"picked":"SKIP","floor":6.0},{"not_picked":["blackbeard:BlindAttacks","blackbeard:MegaUpgrade","blackbeard:Fencing"],"picked":"SKIP","floor":8.0},{"not_picked":["blackbeard:GoldenStrike","blackbeard:Sword","blackbeard:Shrapnel"],"picked":"SKIP","floor":11.0},{"not_picked":["blackbeard:CloakAndCannonball","blackbeard:Shrapnel"],"picked":"blackbeard:Parrot","floor":14.0},{"not_picked":["blackbeard:FinalBarrage","blackbeard:UndeadForm"],"picked":"blackbeard:BoostMorale","floor":16.0},{"not_picked":["blackbeard:FieryDefense","blackbeard:Provisioning","blackbeard:Spear"],"picked":"SKIP","floor":18.0},{"not_picked":["blackbeard:WiseDefense","blackbeard:Sharpening","blackbeard:TacticalRetreat"],"picked":"SKIP","floor":20.0},{"not_picked":["blackbeard:PirateHook","blackbeard:FishingNets+1"],"picked":"blackbeard:PirateStrength","floor":25.0},{"not_picked":["blackbeard:DeadlyArsenal+1","blackbeard:CatONineTails"],"picked":"blackbeard:PiratesWill","floor":28.0},{"not_picked":["blackbeard:Fencing","blackbeard:CannonBarrage"],"picked":"blackbeard:PirateEarring+1","floor":29.0},{"not_picked":["blackbeard:CaptainsCabin+1","blackbeard:Boarding","blackbeard:Sharpening+1"],"picked":"SKIP","floor":31.0},{"not_picked":["blackbeard:Lifeboat","blackbeard:Parrot"],"picked":"blackbeard:PirateStrength","floor":33.0},{"not_picked":["blackbeard:GoldenCannonball","blackbeard:TacticalRetreat+1","blackbeard:SmithingHammer+1"],"picked":"SKIP","floor":35.0},{"not_picked":["blackbeard:Shrapnel","blackbeard:Dagger+1","blackbeard:FieryDefense"],"picked":"SKIP","floor":38.0},{"not_picked":["blackbeard:GoldenStrike+1","blackbeard:BeatUp","blackbeard:BlindAttacks+1"],"picked":"SKIP","floor":40.0},{"not_picked":["blackbeard:ChaoticDefense+1","blackbeard:GoldenDefense","blackbeard:RearmingStrike+1"],"picked":"SKIP","floor":42.0},{"not_picked":["blackbeard:CannonBarrage+1","blackbeard:Recklessness+1","blackbeard:DangerousBlow"],"picked":"SKIP","floor":42.0},{"not_picked":["blackbeard:AgileStrike","blackbeard:Parrot","blackbeard:WiseDefense+1"],"picked":"SKIP","floor":44.0},{"not_picked":["blackbeard:DeadlyArsenal+1","blackbeard:Sharpening","blackbeard:Fencing+1"],"picked":"SKIP","floor":44.0},{"not_picked":["blackbeard:PiratesWill+1","blackbeard:WiseDefense"],"picked":"blackbeard:InfiniteBarrage+1","floor":45.0},{"not_picked":["blackbeard:GoldenDefense","blackbeard:WeaponProficiency"],"picked":"blackbeard:CloakAndCannonball+1","floor":46},{"not_picked":["blackbeard:FishingNets","blackbeard:RemoveScurvy","blackbeard:Intoxication"],"picked":"SKIP","floor":46}],"player_experience":405702,"relics_obtained":[{"floor":6.0,"key":"Mummified Hand"},{"floor":9.0,"key":"Sundial"},{"floor":25.0,"key":"Strawberry"},{"floor":26.0,"key":"blackbeard:GoldenRing"},{"floor":30.0,"key":"Darkstone Periapt"},{"floor":31.0,"key":"Toy Ornithopter"},{"floor":40.0,"key":"Prayer Wheel"},{"floor":43.0,"key":"Juzu Bracelet"},{"floor":45.0,"key":"War Paint"},{"floor":48,"key":"Mango"}],"event_choices":[{"cards_removed":["blackbeard:Cutlass"],"damage_healed":0.0,"max_hp_gain":0.0,"max_hp_loss":0.0,"gold_gain":0.0,"event_name":"Bonfire Elementals","player_choice":"Offered Basic","floor":2.0,"gold_loss":0.0,"damage_taken":0.0},{"damage_healed":0.0,"max_hp_gain":5.0,"max_hp_loss":0.0,"gold_gain":0.0,"event_name":"Big Fish","player_choice":"Donut","floor":4.0,"gold_loss":0.0,"damage_taken":0.0},{"cards_removed":["blackbeard:BlackbeardStrike"],"damage_healed":0.0,"max_hp_gain":0.0,"max_hp_loss":0.0,"gold_gain":0.0,"event_name":"Golden Wing","player_choice":"Card Removal","floor":13.0,"gold_loss":0.0,"damage_taken":7.0},{"damage_healed":0.0,"max_hp_gain":0.0,"max_hp_loss":0.0,"gold_gain":0.0,"event_name":"blackbeard:Vampires","player_choice":"Bought Vampiric Scepter","floor":19.0,"gold_loss":125.0,"damage_taken":0.0,"cards_obtained":["blackbeard:VampiricScepter"]},{"damage_healed":0.0,"max_hp_gain":0.0,"max_hp_loss":0.0,"gold_gain":0.0,"event_name":"The Mausoleum","player_choice":"Opened","floor":21.0,"gold_loss":0.0,"damage_taken":0.0,"relics_obtained":["The Courier"]},{"damage_healed":0.0,"max_hp_gain":0.0,"max_hp_loss":0.0,"gold_gain":0.0,"event_name":"Upgrade Shrine","player_choice":"Upgraded","floor":22.0,"gold_loss":0.0,"damage_taken":0.0,"cards_upgraded":["blackbeard:BoostMorale"]},{"cards_removed":["blackbeard:PirateEarring"],"damage_healed":0.0,"max_hp_gain":0.0,"max_hp_loss":0.0,"gold_gain":0.0,"event_name":"Falling","player_choice":"Removed Power","floor":36.0,"gold_loss":0.0,"damage_taken":0.0},{"damage_healed":0.0,"max_hp_gain":0.0,"max_hp_loss":4.0,"gold_gain":0.0,"event_name":"Winding Halls","player_choice":"Max HP","floor":37.0,"gold_loss":0.0,"damage_taken":0.0},{"damage_healed":0,"gold_gain":0,"player_choice":"Fight","damage_taken":0,"max_hp_gain":0,"max_hp_loss":0,"event_name":"Mysterious Sphere","floor":48,"gold_loss":0}],"is_beta":false,"boss_relics":[{"not_picked":["SlaversCollar","Empty Cage"],"picked":"blackbeard:LoadTheGoldenCannons"},{"not_picked":["Runic Dome","Black Star"],"picked":"blackbeard:Karategi"}],"items_purged_floors":[10,47],"is_endless":false,"potions_floor_spawned":[3,5,8,14,18,20,29,31,38,44,45,46],"ascension_level":0}}