{"host":"f7rb14kzcw8hx1r1","time":1609970950,"event":{"mods":["BaseMod","Better Note","Better Third Choice","Colored Map","Highlight Path","Hubris","Minty Spire (QoL Compilation)","Replay The Spire","StSLib","The Forsaken"],"gold_per_floor":[367,367,367,19,44,44,63,107,107,107,148,159,179,179,179,291,291,303,303,326,338,367,392,392,39,39,219,228,257,257,297,297,402,402,430,455,184,201,228,228,278,278,278,278,130,158,180,197,197,197],"floor_reached":51,"playtime":2091,"items_purged":["Strike_G","Strike_G","Defend_G"],"score":902,"play_id":"49141856-d54a-410a-ab6c-bf48b8a06747","local_time":"20210106230910","is_ascension_mode":false,"campfire_choices":[{"data":"Neutralize","floor":6,"key":"SMITH"},{"data":"Cloak And Dagger","floor":10,"key":"SMITH"},{"data":"Choke","floor":15,"key":"SMITH"},{"data":"Replay:Bag of Tricks","floor":24,"key":"SMITH"},{"floor":32,"key":"REST"},{"data":"A Thousand Cuts","floor":40,"key":"SMITH"},{"data":"Cloak And Dagger","floor":44,"key":"SMITH"},{"data":"Malaise","floor":49,"key":"SMITH"}],"circlet_count":0,"master_deck":["Defend_G","Defend_G","Defend_G","Defend_G","Survivor","Neutralize+1","Cloak And Dagger+1","Backflip+1","Acrobatics","ReplayTheSpireMod:From All Sides","ReplayTheSpireMod:Speed Training","Choke+1","Replay:Bag of Tricks+1","Flying Knee+1","Blade Dance","Skim+1","Blade Dance","Cloak And Dagger+1","A Thousand Cuts+1","Dagger Spray+1","Backflip+1","Malaise+1","Footwork"],"relics":["Ring of the Snake","CeramicFish","Shuriken","FossilizedHelix","Letter Opener","hubris:Metronome","SacredBark","Ancient Tea Set","Gremlin Horn","Bottled Lightning","hubris:Icosahedron","Bronze Scales","hubris:Backtick","Kunai","TheAbacus","hubris:CuriousFeather","Blue Doll","Sling","Dream Catcher"],"acts_visited":["Exordium","TheCity","TheBeyond"],"potions_floor_usage":[8,16,18,23,23,31,41,50,50,50],"damage_taken":[{"damage":0,"enemies":"Jaw Worm","floor":1,"turns":4},{"damage":0,"enemies":"2 Louse","floor":5,"turns":3},{"damage":0,"enemies":"Cultist","floor":7,"turns":4},{"damage":27,"enemies":"Gremlin Nob","floor":8,"turns":6},{"damage":0,"enemies":"Replay:BlueRogue","floor":11,"turns":7},{"damage":0,"enemies":"Large Slime","floor":12,"turns":2},{"damage":0,"enemies":"2 Fungi Beasts","floor":13,"turns":2},{"damage":0,"enemies":"Hexaghost","floor":16,"turns":7},{"damage":0,"enemies":"Spheric Guardian","floor":18,"turns":5},{"damage":0,"enemies":"Shell Parasite","floor":20,"turns":6},{"damage":0,"enemies":"3 Cultists","floor":21,"turns":5},{"damage":7,"enemies":"Sentry and Sphere","floor":22,"turns":4},{"damage":0,"enemies":"Gremlin Leader","floor":23,"turns":3},{"damage":0,"enemies":"Shelled Parasite and Fungi","floor":29,"turns":2},{"damage":0,"enemies":"Slavers","floor":31,"turns":2},{"damage":10,"enemies":"Collector","floor":33,"turns":6},{"damage":0,"enemies":"3 Shapes","floor":35,"turns":2},{"damage":21,"enemies":"3 Darklings","floor":36,"turns":4},{"damage":0,"enemies":"4 Shapes","floor":38,"turns":4},{"damage":0,"enemies":"Jaw Worm Horde","floor":39,"turns":4},{"damage":0,"enemies":"Mind Bloom Boss Battle","floor":41,"turns":5},{"damage":0,"enemies":"Giant Head","floor":46,"turns":5},{"damage":0,"enemies":"3 Darklings","floor":47,"turns":2},{"damage":0,"enemies":"Transient","floor":48,"turns":5},{"damage":5,"enemies":"Awakened One","floor":50,"turns":9}],"seed_played":"-5168831443852844823","potions_obtained":[{"floor":7,"key":"Swift Potion"},{"floor":11,"key":"Languid Potion"},{"floor":12,"key":"LiquidBronze"},{"floor":18,"key":"Toxic Potion"},{"floor":21,"key":"BlessingOfTheForge"},{"floor":33,"key":"SpeedPotion"},{"floor":35,"key":"Swift Potion"},{"floor":38,"key":"CultistPotion"},{"floor":41,"key":"Toxic Potion"},{"floor":47,"key":"LiquidMemories"}],"is_trial":false,"path_per_floor":["M","?","?","$","M","R","M","E","T","R","E","M","M","?","R","B",null,"M","?","M","M","M","E","R","$","T","?","?","M","?","E","R","B",null,"M","M","$","M","M","R","?","?","T","R","$","E","M","M","R","B",null],"character_chosen":"THE_SILENT","items_purchased":["Shuriken","Backflip+1","Gremlin Horn","TheAbacus","Sling"],"campfire_rested":1,"item_purchase_floors":[4,4,25,37,45],"current_hp_per_floor":[63,56,56,56,56,56,56,29,29,29,29,29,29,22,22,22,63,63,63,63,63,56,56,56,56,56,24,24,24,24,24,42,32,63,63,42,42,42,42,42,42,42,42,42,42,42,42,42,42,37],"gold":197,"neow_bonus":"TWO_FIFTY_GOLD","is_daily":false,"chose_seed":false,"campfire_upgraded":7,"win_rate":0.0,"timestamp":1609970950,"path_taken":["M","?","?","$","M","R","M","E","T","R","E","M","?","?","R","BOSS","M","?","?","M","M","E","R","$","T","?","?","M","?","E","R","BOSS","M","M","$","M","M","R","?","?","T","R","$","E","?","M","R","BOSS"],"items_purchased_type":["Relic","Card","Relic","Relic","Relic"],"build_version":"2020-12-22","purchased_purges":3,"victory":true,"max_hp_per_floor":[63,63,63,63,63,63,63,63,63,63,63,63,63,63,63,63,63,63,63,63,63,63,63,63,63,63,63,63,63,63,63,63,63,63,63,63,63,63,63,63,63,63,63,63,63,63,63,63,63,63],"card_choices":[{"not_picked":["Acrobatics","Bane"],"picked":"Cloak And Dagger","floor":1},{"not_picked":["Deadly Poison","Backflip"],"picked":"Acrobatics","floor":5},{"not_picked":["Draining Mist","Sucker Punch","Finisher"],"picked":"SKIP","floor":7},{"not_picked":["Well Laid Plans","Expertise"],"picked":"ReplayTheSpireMod:From All Sides","floor":8},{"not_picked":["Deadly Poison","Masterful Stab"],"picked":"ReplayTheSpireMod:Speed Training","floor":11},{"not_picked":["Outmaneuver","hubris:Sniper","ReplayTheSpireMod:Exploit Weakness"],"picked":"SKIP","floor":12},{"not_picked":["Dash","ReplayTheSpireMod:The Works"],"picked":"Choke","floor":13},{"not_picked":["ReplayTheSpireMod:From All Sides","Night Terror"],"picked":"Replay:Bag of Tricks","floor":16},{"not_picked":["Skewer","hubris:SlightOfHand","Bane"],"picked":"SKIP","floor":18},{"not_picked":["Draining Mist+1","Bane"],"picked":"Flying Knee+1","floor":20},{"not_picked":["Deadly Poison","Slice","Acrobatics"],"picked":"SKIP","floor":21},{"not_picked":["hubris:SlightOfHand","Die Die Die"],"picked":"Blade Dance","floor":22},{"not_picked":["hubris:Counter+1","Masterful Stab","Flying Knee+1"],"picked":"SKIP","floor":23},{"not_picked":["Masterful Stab","Prepared"],"picked":"Blade Dance","floor":29},{"not_picked":["Bane+1","Slice"],"picked":"Cloak And Dagger","floor":31},{"not_picked":["Unload","Wraith Form v2"],"picked":"A Thousand Cuts","floor":33},{"not_picked":["Slice","Quick Slash"],"picked":"Dagger Spray+1","floor":35},{"not_picked":["Deadly Poison+1","Deflect+1"],"picked":"Backflip+1","floor":36},{"not_picked":["Prepared","Dagger Throw+1","Flechettes"],"picked":"SKIP","floor":38},{"not_picked":["Flying Knee+1","Backflip+1"],"picked":"Malaise","floor":39},{"not_picked":["Bouncing Flask","Bullet Time","ReplayTheSpireMod:The Works"],"picked":"SKIP","floor":46},{"not_picked":["Slice","Crippling Poison+1"],"picked":"Footwork","floor":47},{"not_picked":["hubris:TrickCloak+1","Sucker Punch+1","Cloak And Dagger"],"picked":"SKIP","floor":48}],"player_experience":905577,"relics_obtained":[{"floor":8,"key":"FossilizedHelix"},{"floor":9,"key":"Letter Opener"},{"floor":11,"key":"hubris:Metronome"},{"floor":23,"key":"Ancient Tea Set"},{"floor":26,"key":"Bottled Lightning"},{"floor":31,"key":"Bronze Scales"},{"floor":41,"key":"hubris:CuriousFeather"},{"floor":43,"key":"Blue Doll"},{"floor":46,"key":"Dream Catcher"}],"event_choices":[{"damage_healed":0,"gold_gain":0,"player_choice":"Relic ","damage_taken":7,"max_hp_gain":0,"max_hp_loss":0,"event_name":"betterThird:BetterScrap","floor":2,"gold_loss":0,"cards_obtained":["Aggregate"]},{"cards_removed":["Strike_G"],"damage_healed":0,"gold_gain":0,"player_choice":"Purged","damage_taken":0,"max_hp_gain":0,"max_hp_loss":0,"event_name":"Purifier","floor":3,"gold_loss":0},{"cards_removed":["Strike_G"],"damage_healed":0,"gold_gain":0,"player_choice":"Card Removal","damage_taken":7,"max_hp_gain":0,"max_hp_loss":0,"event_name":"Golden Wing","floor":14,"gold_loss":0},{"cards_removed":["Strike_G"],"damage_healed":0,"gold_gain":0,"player_choice":"Purged","damage_taken":0,"max_hp_gain":0,"max_hp_loss":0,"event_name":"Purifier","floor":19,"gold_loss":0},{"damage_healed":0,"gold_gain":180,"player_choice":"POTION POTION GOLD GOLD ","damage_taken":32,"max_hp_gain":0,"max_hp_loss":0,"event_name":"Knowing Skull","floor":27,"potions_obtained":["LiquidBronze","Explosive Potion"],"gold_loss":0,"cards_obtained":[]},{"cards_removed":["ReplayTheSpireMod:From All Sides"],"damage_healed":0,"gold_gain":0,"player_choice":"Take \u0026 Give","damage_taken":0,"max_hp_gain":0,"max_hp_loss":0,"event_name":"betterNote:BetterNote","floor":28,"gold_loss":0,"cards_obtained":["Skim"]},{"damage_healed":0,"gold_gain":0,"player_choice":"Fight","damage_taken":0,"max_hp_gain":0,"max_hp_loss":0,"event_name":"MindBloom","floor":41,"gold_loss":0}],"is_beta":false,"boss_relics":[{"not_picked":["hubris:CrackedHourglass","hubris:HollowSoul"],"picked":"SacredBark"},{"not_picked":["Runic Pyramid","Replay:Grab Bag"],"picked":"hubris:Backtick"}],"items_purged_floors":[4,25,37],"is_endless":false,"potions_floor_spawned":[7,11,12,18,21,33,35,38,41,47],"ascension_level":0}}