{"host":"4vq2xwkpdrxril92","time":1609894487,"event":{"mods":["BaseMod","Better Third Choice","Card Forge","Custom Start","Dota2Spire","Energized Spire","Fireblade Mod","Hubris","Infinite Spire","Minty Spire (QoL Compilation)","Quick Restart","Rare Cards Sparkle","Shop Mod","StSLib","The Cursed","Åy?ï®?îvÅzREMEMod"],"gold_per_floor":[506,557,578,580,657,764,912,1023,1072,1179,1218,1316,1420,1420,1420,1961,2061,2100,2100,2165,2365,2365,2646,2646,2591,2791,2791,3141,3455,3759,3759,3759,4500,4500,4542,4363,4363,4399,4349,4630,4685,4910,5191,5472,5566,5605,3278,3646,3646,4405,4405,4405],"floor_reached":51,"playtime":9611,"items_purged":[],"score":1533,"play_id":"48812acf-1637-4e42-8a59-5a879bd85a76","local_time":"20210106095447","daily_mods":["SealedDeck","Vintage","Heirloom","Time Dilation","Flight","Cursed Run","Elite Swarm","Lethality","Midas"],"is_ascension_mode":false,"campfire_choices":[{"data":"1","floor":15.0,"key":"LIFT"},{"data":"2","floor":32.0,"key":"LIFT"},{"data":"3","floor":49,"key":"LIFT"}],"circlet_count":0,"master_deck":["FireBladeMod:LightningCombo+1","FireBladeMod:LightningCombo+1","FireBladeMod:ComboCleave+1","FireBladeMod:ComboCleave+1","Offering+1","REME_Scribble+1","Offering+1","infinitespire:OneForAll+1","Seek+1","hubris:DuctTapeCard","Writhe","hubris:Wrath"],"relics":["Cursed Key","Darkstone Periapt","Du-Vu Doll","Hammer of Thor","Seething Fire","Anvil of the Gods","REME_ComplimentaryCards","Girya","Membership Card","Medical Kit","Blue Candle","Fusion Hammer","Girya","Vajra","Philosopher\u0027s Stone","infinitespire:WardingShard","infinitespire:FocusingShard","infinitespire:EmpoweringShard","REME_DemonsWealth","hubris:Potato","Bag of Preparation","Black Star","REME_LimitBreaker","Singing Bowl","WristBlade","Peace Pipe","Orichalcum","infinitespire:Midas Blood","Mummified Hand","energizedSpire:NeverEndingSparkler","hubris:MobiusCoin","Lantern","FossilizedHelix","hubris:EmptyBottle","hubris:OldNail","Ice Cream","Dota2Spire:EchoSabre","Strange Spoon","TungstenRod","Turnip","Thread and Needle","Smiling Mask","hubris:64BitClover","hubris:TenFootPole","Calipers","Ginger","Inserter","The Specimen","Unceasing Top","Nuclear Battery","Pen Nib","Art of War","MerchantsRug","Golden Idol","Paper Frog","Letter Opener","Tiny Chest","PreservedInsect","Ancient Tea Set","infinitespire:Magic Flask","MealTicket","Self Forming Clay","InkBottle","Oddly Smooth Stone","Dota2Spire:MaskOfMadness","Dota2Spire:Satanic","Dota2Spire:PhaseBoots","Dota2Spire:Desolator","Dota2Spire:Dagon","hubris:Icosahedron","War Paint","StrikeDummy","hubris:FruitBowl","hubris:EvacipatedBox","hubris:Macrotransations","Brimstone","Anchor","Toy Ornithopter","Lizard Tail","Frozen Egg 2","Eternal Feather","Toxic Egg 2","ClockworkSouvenir","infinitespire:PuzzleCube","Dota2Spire:HeartOfTarrasque","Regal Pillow","Dota2Spire:CrimsonGuard","Dota2Spire:LotusOrb","Dota2Spire:OrchidMalevolence","Torii","MutagenicStrength","energizedSpire:NeverEndingSparkler","Mercury Hourglass","Shuriken","Bronze Scales","TheAbacus","Gremlin Horn","infinitespire:Eraser","The Courier","CaptainsWheel","Dota2Spire:ShadowBlade","Molten Egg 2","Dota2Spire:Vanguard","hubris:AstralHammer","Juzu Bracelet","Dota2Spire:ArmletOfMordiggian","HandDrill","hubris:SphereOfDissonance","Akabeko","Boot","infinitespire:Joker Card","infinitespire:ShieldingShard","Happy Flower","Kunai","Pocketwatch","hubris:ToyBattleship","hubris:DisguiseKit","Dota2Spire:EyeOfSkadi","Dota2Spire:MagicBottle","hubris:Zylophone","hubris:IronBody","Bag of Marbles","Dota2Spire:Mjollnir","Nunchaku","infinitespire:Lychee Nut","infinitespire:BottledMercury","CeramicFish","hubris:DuctTape","Dota2Spire:PowerTreads","Dota2Spire:EtherealBlade","Centennial Puzzle","hubris:CuriousFeather","hubris:BundleOfHerbs","REME_LowDesire","Blood Vial","Dota2Spire:UrnOfShadows"],"acts_visited":["Exordium","TheCity","TheBeyond","Exordium"],"potions_floor_usage":[],"damage_taken":[{"damage":0.0,"enemies":"2 Louse","floor":1.0,"turns":1.0},{"damage":0.0,"enemies":"Jaw Worm","floor":2.0,"turns":1.0},{"damage":0.0,"enemies":"Lagavulin","floor":6.0,"turns":1.0},{"damage":0.0,"enemies":"3 Sentries","floor":7.0,"turns":1.0},{"damage":0.0,"enemies":"Gremlin Nob","floor":8.0,"turns":1.0},{"damage":0.0,"enemies":"3 Sentries","floor":10.0,"turns":1.0},{"damage":0.0,"enemies":"Small Slimes","floor":11.0,"turns":1.0},{"damage":0.0,"enemies":"Lagavulin","floor":12.0,"turns":1.0},{"damage":0.0,"enemies":"Gremlin Nob","floor":13.0,"turns":1.0},{"damage":0.0,"enemies":"The Guardian","floor":16.0,"turns":1.0},{"damage":0.0,"enemies":"3 Byrds","floor":18.0,"turns":1.0},{"damage":0.0,"enemies":"Shell Parasite","floor":20.0,"turns":1.0},{"damage":0.0,"enemies":"Nightmare","floor":23.0,"turns":1.0},{"damage":0.0,"enemies":"Slavers","floor":29.0,"turns":1.0},{"damage":0.0,"enemies":"REME_1_Revenger","floor":30.0,"turns":1.0},{"damage":0.0,"enemies":"Champ","floor":33.0,"turns":1.0},{"damage":0,"enemies":"3 Shapes","floor":35,"turns":1},{"damage":0,"enemies":"3 Darklings","floor":38,"turns":1},{"damage":0,"enemies":"Reptomancer","floor":40,"turns":1},{"damage":0,"enemies":"Writhing Mass","floor":41,"turns":1},{"damage":0,"enemies":"Nightmare","floor":44,"turns":1},{"damage":0,"enemies":"Nemesis","floor":45,"turns":1},{"damage":0,"enemies":"Sphere and 2 Shapes","floor":46,"turns":1},{"damage":0,"enemies":"2 Orb Walkers","floor":48,"turns":1},{"damage":0,"enemies":"infinitespire:MassOfShapes","floor":50,"turns":2}],"seed_played":"-1733679761414553050","potions_obtained":[{"floor":6.0,"key":"LiquidMemories"},{"floor":7.0,"key":"Energy Potion"},{"floor":8.0,"key":"Fruit Juice"},{"floor":10.0,"key":"SpeedPotion"},{"floor":29.0,"key":"Dexterity Potion"},{"floor":30.0,"key":"Ancient Potion"},{"floor":33.0,"key":"Regen Potion"},{"floor":38,"key":"DistilledChaos"},{"floor":41,"key":"FearPotion"},{"floor":48,"key":"FearPotion"},{"floor":50,"key":"Dota2Spire:HealingSalve"}],"is_trial":true,"path_per_floor":["M","M","$","?","?","E","E","E","T","E","M","E","E","?","R","B",null,"M","?","M","T","?","NM","$","$","T","?","T","E","E","?","R","B",null,"M","$","?","M","NS","E","M","T","T","NM","E","M","$","?","R","B",null],"character_chosen":"IRONCLAD","items_purchased":["MerchantsRug","hubris:FruitBowl","hubris:EvacipatedBox","hubris:Macrotransations","Brimstone","Anchor","Toy Ornithopter","Lizard Tail","Frozen Egg 2","Eternal Feather","Toxic Egg 2","ClockworkSouvenir","infinitespire:PuzzleCube","Shuriken","Bronze Scales","TheAbacus","REME_PuzzleBox+1","Dota2Spire:ArmletOfMordiggian","HandDrill","hubris:SphereOfDissonance","Akabeko","Boot","infinitespire:Joker Card","infinitespire:ShieldingShard","Happy Flower","Kunai","Pocketwatch","hubris:ToyBattleship","hubris:DisguiseKit","Dota2Spire:EyeOfSkadi","Dota2Spire:MagicBottle","hubris:Zylophone","hubris:IronBody","Bag of Marbles","Dota2Spire:Mjollnir","Nunchaku","infinitespire:Lychee Nut","infinitespire:BottledMercury","CeramicFish","hubris:DuctTape","Dota2Spire:PowerTreads","Dota2Spire:EtherealBlade","Centennial Puzzle","hubris:CuriousFeather"],"campfire_rested":0,"item_purchase_floors":[3,24,24,24,24,24,24,24,24,24,24,25,25,36,36,36,36,47,47,47,47,47,47,47,47,47,47,47,47,47,47,47,47,47,47,47,47,47,47,47,47,47,47,47],"current_hp_per_floor":[121,124,124,109,104,109,114,132,132,143,146,157,174,174,174,183,203,205,205,209,212,212,217,62,77,87,87,91,201,208,208,214,223,255,255,255,255,259,259,292,312,321,330,346,357,361,230,283,283,365,365,365],"gold":4405,"neow_bonus":"","is_daily":false,"chose_seed":false,"campfire_upgraded":0,"win_rate":0.0,"timestamp":1609894487,"path_taken":["M","M","$","?","?","E","E","E","T","E","M","E","E","?","R","BOSS","M","?","?","?","?","NM","?","$","T","?","?","E","E","?","R","BOSS","M","$","?","M","NS","E","?","?","T","NM","E","?","$","?","R","BOSS"],"items_purchased_type":["Relic","Relic","Relic","Relic","Relic","Relic","Relic","Relic","Relic","Relic","Relic","Relic","Relic","Relic","Relic","Relic","Card","Relic","Relic","Relic","Relic","Relic","Relic","Relic","Relic","Relic","Relic","Relic","Relic","Relic","Relic","Relic","Relic","Relic","Relic","Relic","Relic","Relic","Relic","Relic","Relic","Relic","Relic","Relic"],"build_version":"2020-12-22","purchased_purges":0,"victory":false,"max_hp_per_floor":[121,124,124,124,124,129,134,152,152,163,166,177,194,194,194,203,203,205,205,209,212,212,217,217,217,227,227,231,239,246,246,246,255,255,255,255,255,259,259,292,312,321,330,346,357,361,230,283,283,365,365,365],"card_choices":[{"not_picked":["REME_Fury","Reaper","Demon Form","hubris:Sloth"],"picked":"Singing Bowl","floor":6.0},{"not_picked":["Brutality","REME_Fury","Impervious","TheCursedMod:Dregs"],"picked":"Singing Bowl","floor":7.0},{"not_picked":["Offering","REME_Fury","hubris:StunningStrike","TheCursedMod:Dregs"],"picked":"Singing Bowl","floor":8.0},{"not_picked":["Demon Form","Immolate","Exhume","hubris:Envy"],"picked":"Singing Bowl","floor":10.0},{"not_picked":["Feed","Fiend Fire","Impervious","Doubt"],"picked":"Singing Bowl","floor":12.0},{"not_picked":["REME_Fury","Immolate","Demon Form","Clumsy"],"picked":"Singing Bowl","floor":13.0},{"not_picked":["Double Tap","Limit Break","Reaper"],"picked":"Injury","floor":16.0},{"not_picked":["Immolate","Exhume","Limit Break"],"picked":"Writhe","floor":23.0},{"not_picked":["hubris:StunningStrike","REME_Fury+1","Juggernaut+1"],"picked":"Writhe","floor":29.0},{"not_picked":["Limit Break+1","REME_ACTH+1","Exhume+1"],"picked":"hubris:Gluttony","floor":30.0},{"not_picked":["Limit Break+1","Impervious+1","Brutality+1"],"picked":"Shame","floor":33.0},{"not_picked":["REME_Fury+1","Exhume+1","Feed"],"picked":"Normality","floor":40},{"not_picked":["infinitespire:SevenWalls+1","infinitespire:UltimateForm","hubris:Rewind"],"picked":"Singing Bowl","floor":44},{"not_picked":["REME_Fury+1","Immolate+1","Limit Break+1","Barricade+1"],"picked":"Writhe","floor":44},{"not_picked":["Barricade+1","Brutality+1","REME_Fury+1","Decay"],"picked":"Singing Bowl","floor":45},{"not_picked":["Armaments+1","Metallicize+1","Clash+1","FireBladeMod:Robust"],"picked":"hubris:Wrath","floor":48},{"not_picked":["REME_ACTH+1","REME_TheLastStrike+1","hubris:StunningStrike+1","FireBladeMod:BattleMage"],"picked":"hubris:Wrath","floor":50}],"player_experience":1240452,"relics_obtained":[{"floor":1.0,"key":"Pen Nib"},{"floor":2.0,"key":"Art of War"},{"floor":7.0,"key":"Paper Frog"},{"floor":7.0,"key":"Letter Opener"},{"floor":8.0,"key":"Tiny Chest"},{"floor":8.0,"key":"PreservedInsect"},{"floor":9.0,"key":"Ancient Tea Set"},{"floor":10.0,"key":"infinitespire:Magic Flask"},{"floor":10.0,"key":"MealTicket"},{"floor":11.0,"key":"Self Forming Clay"},{"floor":12.0,"key":"InkBottle"},{"floor":12.0,"key":"Oddly Smooth Stone"},{"floor":13.0,"key":"Dota2Spire:MaskOfMadness"},{"floor":13.0,"key":"Dota2Spire:Satanic"},{"floor":18.0,"key":"Dota2Spire:PhaseBoots"},{"floor":20.0,"key":"Dota2Spire:Desolator"},{"floor":21.0,"key":"Dota2Spire:Dagon"},{"floor":23.0,"key":"War Paint"},{"floor":23.0,"key":"StrikeDummy"},{"floor":26.0,"key":"Dota2Spire:HeartOfTarrasque"},{"floor":28.0,"key":"Regal Pillow"},{"floor":29.0,"key":"Dota2Spire:CrimsonGuard"},{"floor":29.0,"key":"Dota2Spire:LotusOrb"},{"floor":30.0,"key":"Dota2Spire:OrchidMalevolence"},{"floor":30.0,"key":"Torii"},{"floor":35,"key":"Mercury Hourglass"},{"floor":38,"key":"Gremlin Horn"},{"floor":40,"key":"infinitespire:Eraser"},{"floor":40,"key":"The Courier"},{"floor":41,"key":"CaptainsWheel"},{"floor":42,"key":"Dota2Spire:ShadowBlade"},{"floor":44,"key":"Molten Egg 2"},{"floor":45,"key":"Dota2Spire:Vanguard"},{"floor":45,"key":"hubris:AstralHammer"},{"floor":46,"key":"Juzu Bracelet"},{"floor":48,"key":"hubris:BundleOfHerbs"},{"floor":51,"key":"Blood Vial"},{"floor":51,"key":"Dota2Spire:UrnOfShadows"}],"event_choices":[{"damage_healed":0.0,"max_hp_gain":0.0,"max_hp_loss":0.0,"gold_gain":0.0,"event_name":"Golden Idol","player_choice":"Take Damage","floor":4.0,"gold_loss":0.0,"damage_taken":31.0,"relics_obtained":["Golden Idol"]},{"damage_healed":0.0,"max_hp_gain":1.0,"max_hp_loss":0.0,"gold_gain":75.0,"event_name":"betterThird:BetterGoop","player_choice":"Gold","floor":5.0,"gold_loss":0.0,"damage_taken":11.0},{"damage_healed":0.0,"max_hp_gain":0.0,"max_hp_loss":0.0,"gold_gain":0.0,"event_name":"The Cleric","player_choice":"Leave","floor":14.0,"gold_loss":0.0,"damage_taken":0.0},{"damage_healed":0.0,"max_hp_gain":0.0,"max_hp_loss":0.0,"gold_gain":0.0,"event_name":"Purifier","player_choice":"Ignored","floor":19.0,"gold_loss":0.0,"damage_taken":0.0},{"damage_healed":0.0,"max_hp_gain":0.0,"max_hp_loss":0.0,"gold_gain":0.0,"event_name":"Ghosts","player_choice":"Ignored","floor":27.0,"gold_loss":0.0,"damage_taken":0.0},{"damage_healed":0.0,"max_hp_gain":0.0,"max_hp_loss":0.0,"gold_gain":0.0,"event_name":"Drug Dealer","player_choice":"Inject Mutagens","floor":31.0,"gold_loss":0.0,"damage_taken":0.0,"relics_obtained":["MutagenicStrength"]},{"damage_healed":0,"gold_gain":0,"player_choice":"Ignored","damage_taken":0,"max_hp_gain":0,"max_hp_loss":0,"event_name":"Duplicator","floor":37,"gold_loss":0},{"damage_healed":0,"gold_gain":0,"player_choice":"Fight","damage_taken":0,"max_hp_gain":0,"max_hp_loss":0,"event_name":"Mysterious Sphere","floor":48,"gold_loss":0}],"is_beta":false,"boss_relics":[{"not_picked":["hubris:CrackedHourglass","Astrolabe"],"picked":"energizedSpire:TabascoSauce"},{"not_picked":["energizedSpire:MagnifyingGlass","Tiny House","hubris:Stopwatch"],"picked":"energizedSpire:NeverEndingSparkler"},{"not_picked":["Philosopher\u0027s Stone","energizedSpire:OgreHead","energizedSpire:EnergizedDie"],"picked":"REME_LowDesire"}],"items_purged_floors":[],"is_endless":true,"potions_floor_spawned":[6,7,8,10,16,29,30,33,38,41,48,50],"ascension_level":0}}