{"host":"eydwxg59205c3vtl","time":1609955013,"event":{"mods":["2.2 Compatiblity","BaseMod","Colored Map","Colored Powertips","Hubris","Minty Spire (QoL Compilation)","StSLib","The Jungle","The Necromancer"],"gold_per_floor":[111,130,130,55,65,65,91,143,191,203,215,227,259,301,313,401,413,443,110,160,85,85,113,113,113,185,185,195,248,282,298,298,371,371,390,340,355,368,368,368],"floor_reached":39,"playtime":872,"items_purged":["Strike_W"],"score":831,"play_id":"513dc611-b85c-4db0-9b6d-45e42783b756","local_time":"20210106124333","is_ascension_mode":true,"campfire_choices":[{"data":"Bone_Bullets","floor":6,"key":"SMITH"},{"data":"Bone_Wall","floor":10,"key":"SMITH"},{"data":"Thousand_Bone_Knives","floor":12,"key":"SMITH"},{"data":"Thousand_Bone_Knives","floor":15,"key":"SMITH"},{"data":"Grasp_Heart","floor":25,"key":"SMITH"},{"data":"Bone_Shift","floor":27,"key":"SMITH"},{"floor":32,"key":"REST"}],"circlet_count":0,"master_deck":["AscendersBane","Defend_W+1","Defend_W","Defend_W","Defend_W","Negative_Energy_Arrows+1","Bone_Wall+1","Bone_Spikes+1","Bone_Bullets+1","Thousand_Bone_Knives+1","Scare+1","Bone_Shift+1","Thousand_Bone_Knives+1","Grasp_Heart+1","Siphon_Strength+1","Summon_Vampire_Lady+1","Blood_Curse+1","Bones_to_Steel"],"relics":["Vampire_Amulet","hubris:Icosahedron","Smiling Mask","hubris:ToyBattleship","MawBank","Frozen Egg 2","Philosopher\u0027s Stone","Sling","PreservedInsect","MealTicket","Shuriken","Bronze Scales","Bottled Lightning","Sozu"],"acts_visited":["Exordium","TheCity","TheBeyond"],"potions_floor_usage":[23,31,39],"damage_taken":[{"damage":1,"enemies":"Cultist","floor":1,"turns":4},{"damage":2,"enemies":"Small Slimes","floor":2,"turns":3},{"damage":2,"enemies":"Jaw Worm","floor":5,"turns":4},{"damage":29,"enemies":"Lagavulin","floor":7,"turns":5},{"damage":2,"enemies":"Looter","floor":13,"turns":2},{"damage":15,"enemies":"3 Sentries","floor":14,"turns":8},{"damage":13,"enemies":"Slime Boss","floor":16,"turns":7},{"damage":14,"enemies":"Shell Parasite","floor":18,"turns":3},{"damage":15,"enemies":"Slavers","floor":23,"turns":4},{"damage":7,"enemies":"2 Thieves","floor":28,"turns":2},{"damage":10,"enemies":"Book of Stabbing","floor":30,"turns":2},{"damage":8,"enemies":"Centurion and Healer","floor":31,"turns":2},{"damage":12,"enemies":"hubris:MusketHawk","floor":33,"turns":6},{"damage":5,"enemies":"Orb Walker","floor":35,"turns":3},{"damage":29,"enemies":"3 Darklings","floor":37,"turns":3},{"damage":38,"enemies":"Spire Growth","floor":38,"turns":4},{"damage":12,"enemies":"Sphere and 2 Shapes","floor":39,"turns":2}],"seed_played":"1792233558777533817","potions_obtained":[{"floor":7,"key":"SpeedPotion"},{"floor":14,"key":"AttackPotion"},{"floor":23,"key":"Weak Potion"},{"floor":28,"key":"AttackPotion"}],"is_trial":false,"path_per_floor":["M","M","?","?","M","R","E","T","T","R","?","R","M","E","R","B",null,"M","$","?","?","?","E","?","R","T","R","M","T","E","M","R","B",null,"M","?","M","M","M"],"character_chosen":"NECROMANCER","items_purchased":["Sling","PreservedInsect"],"campfire_rested":1,"item_purchase_floors":[19,19],"current_hp_per_floor":[65,67,67,67,67,67,40,40,40,40,40,40,40,31,31,24,59,47,47,47,47,47,38,38,38,38,38,35,35,27,23,44,34,62,62,62,41,8,0,0],"gold":368,"neow_bonus":"UPGRADE_CARD","is_daily":false,"chose_seed":false,"campfire_upgraded":6,"win_rate":0.0,"timestamp":1609955013,"path_taken":["M","M","?","?","M","R","E","?","T","R","?","R","?","E","R","BOSS","M","$","?","?","?","E","?","R","T","R","?","?","E","M","R","BOSS","M","?","?","M","?"],"items_purchased_type":["Relic","Relic"],"build_version":"2020-12-22","purchased_purges":1,"victory":false,"max_hp_per_floor":[71,71,71,71,71,71,71,71,71,71,71,71,71,71,71,71,71,71,71,71,71,71,71,71,71,71,71,71,71,71,71,71,71,71,71,71,71,71,71,71],"card_choices":[{"not_picked":["Blood_Curse","Death_Coil"],"picked":"Bone_Spikes","floor":1},{"not_picked":["Bone_Shift","Negative_Energy_Sphere"],"picked":"Bone_Bullets","floor":2},{"not_picked":["Bone_Bullets","Negative_Energy_Mist"],"picked":"Thousand_Bone_Knives","floor":5},{"not_picked":["Blood_for_Blood","Negative_Energy_Burst"],"picked":"Scare","floor":7},{"not_picked":["Uncharnel","Scare","Death_March_Dance"],"picked":"SKIP","floor":13},{"not_picked":["Scare","Shackles_Of_Pain"],"picked":"Thousand_Bone_Knives","floor":14},{"not_picked":["Summon_Death_Knight+1","Requiem"],"picked":"Grasp_Heart","floor":16},{"not_picked":["Shackles_Of_Pain+1","Negative_Energy_Mist+1","Deaths_Shadow+1"],"picked":"SKIP","floor":18},{"not_picked":["Consume_Illness","Shackles_Of_Pain","Toxic_Smoke_Screen"],"picked":"SKIP","floor":23},{"not_picked":["Cloudkill","Blood_Whip","Death_Knell"],"picked":"SKIP","floor":28},{"not_picked":["Scare","Consume_Illness+1"],"picked":"Siphon_Strength+1","floor":30},{"not_picked":["Blood_Whip","Negative_Energy_Shield","Blood_for_Blood+1"],"picked":"SKIP","floor":31},{"not_picked":["Grasp_Heart","Summon_Death_Knight+1"],"picked":"Summon_Vampire_Lady+1","floor":33},{"not_picked":["Life_Tap","Death_Coil"],"picked":"Blood_Curse+1","floor":35},{"not_picked":["Bone_Bullets","Bone_Armor"],"picked":"Bones_to_Steel","floor":37},{"not_picked":["Scare","Stop_Heart+1","Shackles_Of_Pain"],"picked":"SKIP","floor":38}],"player_experience":594650,"relics_obtained":[{"floor":7,"key":"Smiling Mask"},{"floor":8,"key":"hubris:ToyBattleship"},{"floor":9,"key":"MawBank"},{"floor":14,"key":"Frozen Egg 2"},{"floor":23,"key":"MealTicket"},{"floor":26,"key":"Shuriken"},{"floor":29,"key":"Bronze Scales"},{"floor":30,"key":"Bottled Lightning"}],"event_choices":[{"cards_removed":["Strike_W"],"damage_healed":0,"gold_gain":0,"player_choice":"Card Removal","damage_taken":0,"max_hp_gain":0,"max_hp_loss":0,"event_name":"The Cleric","floor":4,"gold_loss":75},{"damage_healed":0,"gold_gain":0,"cards_transformed":["Strike_W"],"player_choice":"Transformed","damage_taken":0,"max_hp_gain":0,"max_hp_loss":0,"event_name":"Transmorgrifier","floor":11,"gold_loss":0,"cards_obtained":["Bone_Shift"]},{"damage_healed":0,"gold_gain":50,"player_choice":"Stole From Cult","damage_taken":0,"max_hp_gain":0,"max_hp_loss":0,"event_name":"Nest","floor":20,"gold_loss":0},{"cards_removed":["Strike_W"],"damage_healed":0,"gold_gain":0,"player_choice":"Gave Gold","damage_taken":0,"max_hp_gain":0,"max_hp_loss":0,"event_name":"Beggar","floor":21,"gold_loss":75},{"damage_healed":0,"gold_gain":0,"player_choice":"Ignored","damage_taken":0,"max_hp_gain":0,"max_hp_loss":0,"event_name":"Vampires","floor":22,"gold_loss":0},{"damage_healed":0,"gold_gain":0,"player_choice":"Upgraded Two","damage_taken":0,"max_hp_gain":0,"max_hp_loss":0,"event_name":"Designer","floor":36,"gold_loss":50,"cards_upgraded":["Scare","Defend_W"]}],"is_beta":false,"boss_relics":[{"not_picked":["Fusion Hammer","SlaversCollar"],"picked":"Philosopher\u0027s Stone"},{"not_picked":["hubris:BlackHole","Astrolabe"],"picked":"Sozu"}],"items_purged_floors":[19],"is_endless":false,"potions_floor_spawned":[7,14,23,28,35,37],"killed_by":"Sphere and 2 Shapes","ascension_level":15}}