{"host":"vumwfieg2b2mnrfl","time":1609896159,"event":{"mods":["AchievementEnabler","BaseMod","Minty Spire (QoL Compilation)","Rare Cards Sparkle","Relic Stats"],"gold_per_floor":[115,115,132,142,155,186,186,186,186,206,206,216,230,256,256,330,330,340,340,355,355,62,62,62],"floor_reached":23,"playtime":756,"items_purged":[],"score":355,"play_id":"841c7023-c677-4a8c-8a50-48f5c2d949fc","local_time":"20210105192239","is_ascension_mode":true,"campfire_choices":[{"floor":8,"key":"REST"},{"floor":11,"key":"REST"},{"floor":15,"key":"REST"}],"circlet_count":0,"master_deck":["AscendersBane","Strike_G","Strike_G","Strike_G","Strike_G","Strike_G","Defend_G","Defend_G","Defend_G","Defend_G","Defend_G","Survivor","Neutralize+1","Deadly Poison","Terror","Backstab","Deadly Poison","Footwork","PiercingWail+1","Noxious Fumes","Poisoned Stab","Finisher","Adrenaline+1","Acrobatics+1","Backflip+1","Bouncing Flask+1","Apotheosis+1","Footwork"],"relics":["Ring of the Snake","Girya","Toxic Egg 2","Meat on the Bone","Kunai","Cursed Key"],"acts_visited":["Exordium","TheCity"],"potions_floor_usage":[13,23],"damage_taken":[{"damage":4,"enemies":"Cultist","floor":1,"turns":5},{"damage":4,"enemies":"Small Slimes","floor":3,"turns":5},{"damage":1,"enemies":"Jaw Worm","floor":4,"turns":3},{"damage":3,"enemies":"Blue Slaver","floor":5,"turns":3},{"damage":26,"enemies":"Lagavulin","floor":6,"turns":8},{"damage":4,"enemies":"Red Slaver","floor":10,"turns":3},{"damage":8,"enemies":"Looter","floor":12,"turns":2},{"damage":16,"enemies":"Lots of Slimes","floor":13,"turns":3},{"damage":28,"enemies":"Gremlin Nob","floor":14,"turns":4},{"damage":27,"enemies":"Hexaghost","floor":16,"turns":10},{"damage":8,"enemies":"Shell Parasite","floor":18,"turns":5},{"damage":35,"enemies":"Chosen","floor":20,"turns":6},{"damage":32,"enemies":"Gremlin Leader","floor":23,"turns":5}],"seed_played":"2697416842657607388","potions_obtained":[{"floor":5,"key":"ColorlessPotion"},{"floor":6,"key":"FearPotion"},{"floor":16,"key":"Explosive Potion"},{"floor":18,"key":"EssenceOfSteel"},{"floor":21,"key":"CultistPotion"}],"is_trial":false,"path_per_floor":["M","?","M","M","M","E","?","R","T","M","R","M","M","E","R","B",null,"M","?","M","?","$","E"],"character_chosen":"THE_SILENT","items_purchased":["Bouncing Flask+1","Apotheosis+1","Footwork"],"campfire_rested":3,"item_purchase_floors":[22,22,22],"current_hp_per_floor":[55,55,51,50,47,21,21,39,39,35,53,45,41,25,43,28,52,44,44,21,21,21,0,0],"gold":62,"neow_bonus":"ONE_RARE_RELIC","is_daily":false,"chose_seed":false,"campfire_upgraded":0,"win_rate":0.0,"timestamp":1609896159,"path_taken":["M","?","M","?","M","E","?","R","T","M","R","M","M","E","R","BOSS","M","?","M","?","$","E"],"items_purchased_type":["Card","Card","Card"],"build_version":"2020-12-22","purchased_purges":0,"victory":false,"max_hp_per_floor":[60,60,60,60,60,60,60,60,60,60,60,60,60,60,60,60,60,60,60,60,60,60,60,60],"relic_stats":{"counters":[13,62],"Kunai":[6],"Cursed Key":0,"obtain_stats":[{"Girya":0,"Kunai":14,"Toxic Egg 2":6,"Cursed Key":17,"Ring of the Snake":0,"Meat on the Bone":9},{"Girya":0,"Kunai":9,"Toxic Egg 2":5,"Cursed Key":10,"Ring of the Snake":0,"Meat on the Bone":5},{"Girya":0,"Kunai":36,"Toxic Egg 2":24,"Cursed Key":46,"Ring of the Snake":0,"Meat on the Bone":24}],"Ring of the Snake":[26],"Meat on the Bone":48},"card_choices":[{"not_picked":["Deflect","Outmaneuver"],"picked":"Deadly Poison","floor":1},{"not_picked":["Backstab","Acrobatics"],"picked":"Terror","floor":3},{"not_picked":["Infinite Blades","Slice"],"picked":"Backstab","floor":4},{"not_picked":["Bane","Dodge and Roll"],"picked":"Deadly Poison","floor":5},{"not_picked":["Dagger Spray","Cloak And Dagger+1"],"picked":"Footwork","floor":6},{"not_picked":["Outmaneuver+1","Wraith Form v2"],"picked":"PiercingWail+1","floor":10},{"not_picked":["Backstab","Poisoned Stab"],"picked":"Noxious Fumes","floor":12},{"not_picked":["Endless Agony","Blade Dance+1"],"picked":"Poisoned Stab","floor":13},{"not_picked":["Heel Hook","Dagger Throw"],"picked":"Finisher","floor":14},{"not_picked":["Grand Finale","Tools of the Trade"],"picked":"Adrenaline+1","floor":16},{"not_picked":["Masterful Stab+1","Dagger Throw"],"picked":"Acrobatics+1","floor":18},{"not_picked":["Dagger Spray","PiercingWail+1"],"picked":"Backflip+1","floor":20}],"player_experience":378737,"relics_obtained":[{"floor":6,"key":"Toxic Egg 2"},{"floor":9,"key":"Meat on the Bone"},{"floor":14,"key":"Kunai"}],"event_choices":[{"damage_healed":0,"gold_gain":0,"player_choice":"Upgraded","damage_taken":0,"max_hp_gain":0,"max_hp_loss":0,"event_name":"Upgrade Shrine","floor":2,"gold_loss":0,"cards_upgraded":["Neutralize"]},{"damage_healed":0,"gold_gain":0,"player_choice":"Ignored","damage_taken":0,"max_hp_gain":0,"max_hp_loss":0,"event_name":"Liars Game","floor":7,"gold_loss":0},{"damage_healed":0,"gold_gain":0,"player_choice":"Ignored","damage_taken":0,"max_hp_gain":0,"max_hp_loss":0,"event_name":"Ghosts","floor":19,"gold_loss":0},{"damage_healed":0,"gold_gain":0,"player_choice":"Got Potions","damage_taken":0,"max_hp_gain":0,"max_hp_loss":0,"event_name":"Lab","floor":21,"gold_loss":0}],"is_beta":false,"boss_relics":[{"not_picked":["Runic Pyramid","Calling Bell"],"picked":"Cursed Key"}],"items_purged_floors":[],"is_endless":false,"potions_floor_spawned":[5,6,10,16,18],"killed_by":"Gremlin Leader","ascension_level":15}}