{"host":"xu70nncme2eq5w87","time":1609891572,"event":{"mods":["AchievementEnabler","BaseMod","Colored Map","Colored Powertips","Minty Spire (QoL Compilation)","Quick Restart","StSLib"],"gold_per_floor":[109,109,129,129,129,157,173,173,173,198,213,167,186,186,186,291,291,301,76,76,76,76,76,108,118,118,42,42,42],"floor_reached":28,"playtime":643,"items_purged":[],"score":294,"play_id":"531b9fc2-de83-468c-ac1d-02f9d4b807ba","local_time":"20210105160612","is_ascension_mode":false,"campfire_choices":[{"data":"Zap","floor":8,"key":"SMITH"},{"data":"Dualcast","floor":15,"key":"SMITH"},{"data":"Zap","floor":23,"key":"SMITH"}],"circlet_count":0,"master_deck":["Strike_B","Strike_B","Strike_B","Strike_B","Defend_B+1","Defend_B","Defend_B","Defend_B+1","Zap+1","Dualcast+1","White Noise","Conserve Battery","Zap+1","Creative AI","Ball Lightning","Storm","Ball Lightning+1","Writhe","Static Discharge"],"relics":["Cracked Core","NeowsBlessing","Cables","Pear","Orichalcum","Bag of Preparation","Cursed Key","Juzu Bracelet","Symbiotic Virus"],"acts_visited":["Exordium","TheCity"],"potions_floor_usage":[1,24,28],"damage_taken":[{"damage":0,"enemies":"Small Slimes","floor":1,"turns":1},{"damage":0,"enemies":"Jaw Worm","floor":3,"turns":1},{"damage":0,"enemies":"Gremlin Nob","floor":6,"turns":1},{"damage":0,"enemies":"2 Louse","floor":7,"turns":2},{"damage":33,"enemies":"Lagavulin","floor":10,"turns":6},{"damage":0,"enemies":"Red Slaver","floor":11,"turns":3},{"damage":0,"enemies":"Looter","floor":13,"turns":3},{"damage":6,"enemies":"Slime Boss","floor":16,"turns":6},{"damage":5,"enemies":"Spheric Guardian","floor":18,"turns":3},{"damage":33,"enemies":"Gremlin Leader","floor":24,"turns":5},{"damage":10,"enemies":"Shell Parasite","floor":25,"turns":3},{"damage":29,"enemies":"Colosseum Slavers","floor":28,"turns":3},{"damage":17,"enemies":"Colosseum Nobs","floor":28,"turns":3}],"seed_played":"-6982295153537430305","potions_obtained":[{"floor":1,"key":"Fruit Juice"},{"floor":16,"key":"Dexterity Potion"},{"floor":18,"key":"SkillPotion"},{"floor":24,"key":"PotionOfCapacity"}],"is_trial":false,"path_per_floor":["M","$","M","?","?","E","M","R","T","E","M","$","M","?","R","B",null,"M","$","?","?","$","R","E","M","T","$","?"],"character_chosen":"DEFECT","items_purchased":["Conserve Battery","Juzu Bracelet","Storm","Static Discharge"],"campfire_rested":0,"item_purchase_floors":[12,19,19,27],"current_hp_per_floor":[80,80,80,64,61,71,71,71,71,38,38,38,38,38,38,32,90,85,85,85,85,85,85,52,42,42,42,0,0],"gold":42,"neow_bonus":"THREE_ENEMY_KILL","is_daily":false,"chose_seed":false,"campfire_upgraded":3,"win_rate":0.0,"timestamp":1609891572,"path_taken":["M","$","M","?","?","E","M","R","T","E","M","$","M","?","R","BOSS","M","$","?","?","$","R","E","M","T","$","?"],"items_purchased_type":["Card","Relic","Card","Card"],"build_version":"2020-12-22","purchased_purges":0,"victory":false,"max_hp_per_floor":[80,80,80,80,80,90,90,90,90,90,90,90,90,90,90,90,90,90,90,90,90,90,90,90,90,90,90,90,90],"card_choices":[{"not_picked":["Reprogram","Undo","Go for the Eyes"],"picked":"SKIP","floor":1},{"not_picked":["Turbo","Auto Shields"],"picked":"White Noise","floor":3},{"not_picked":["Streamline","Cold Snap","Redo"],"picked":"SKIP","floor":6},{"not_picked":["Cold Snap","Scrape","Rip and Tear"],"picked":"SKIP","floor":7},{"not_picked":["Cold Snap","Barrage","Capacitor"],"picked":"SKIP","floor":10},{"not_picked":["Sweeping Beam","Compile Driver","Streamline"],"picked":"SKIP","floor":11},{"not_picked":["Sweeping Beam","Compile Driver","Streamline"],"picked":"SKIP","floor":11},{"not_picked":["Compile Driver","Skim","Reprogram"],"picked":"SKIP","floor":13},{"not_picked":["Seek","All For One"],"picked":"Creative AI","floor":16},{"not_picked":["Conserve Battery","Cold Snap"],"picked":"Ball Lightning","floor":18},{"not_picked":["Amplify","Gash"],"picked":"Ball Lightning+1","floor":24},{"not_picked":["Undo","Beam Cell","Cold Snap+1"],"picked":"SKIP","floor":25}],"player_experience":217398,"relics_obtained":[{"floor":6,"key":"Pear"},{"floor":9,"key":"Orichalcum"},{"floor":10,"key":"Bag of Preparation"},{"floor":24,"key":"Symbiotic Virus"}],"event_choices":[{"damage_healed":0,"gold_gain":0,"player_choice":"Entered Light","damage_taken":16,"max_hp_gain":0,"max_hp_loss":0,"event_name":"Shining Light","floor":4,"gold_loss":0,"cards_upgraded":["Defend_B","Defend_B"]},{"damage_healed":0,"gold_gain":0,"player_choice":"Success","damage_taken":3,"relics_obtained":["Cables"],"max_hp_gain":0,"max_hp_loss":0,"event_name":"Scrap Ooze","floor":5,"gold_loss":0},{"damage_healed":0,"gold_gain":0,"player_choice":"1 cards matched","damage_taken":0,"max_hp_gain":0,"max_hp_loss":0,"event_name":"Match and Keep!","floor":14,"gold_loss":0,"cards_obtained":["Zap"]},{"damage_healed":0,"gold_gain":0,"player_choice":"Ignored","damage_taken":0,"max_hp_gain":0,"max_hp_loss":0,"event_name":"Ghosts","floor":20,"gold_loss":0},{"damage_healed":0,"gold_gain":0,"player_choice":"Fight","damage_taken":0,"max_hp_gain":0,"max_hp_loss":0,"event_name":"Colosseum","floor":28,"gold_loss":0},{"damage_healed":0,"gold_gain":0,"player_choice":"Fought Nobs","damage_taken":0,"max_hp_gain":0,"max_hp_loss":0,"event_name":"Colosseum","floor":28,"gold_loss":0}],"is_beta":false,"boss_relics":[{"not_picked":["Runic Dome","Snecko Eye"],"picked":"Cursed Key"}],"items_purged_floors":[],"is_endless":false,"potions_floor_spawned":[1,16,18,24],"killed_by":"Colosseum Nobs","ascension_level":0}}