{"host":"36mulxq349byzoa2","time":1609892620,"event":{"mods":["AchievementEnabler","BaseMod","Better Match","Block Reminder","Colored Map","Colored Powertips","Minty Spire (QoL Compilation)","Rare Cards Sparkle","StSLib","SuperFastMode"],"gold_per_floor":[112,112,131,56,56,96,96,96,119,119,163,163,10,10,10,10,10],"floor_reached":16,"playtime":319,"items_purged":["Defend_G","Strike_G"],"score":252,"play_id":"78008dc8-567d-418c-9664-7841a3c67909","local_time":"20210105192340","is_ascension_mode":true,"campfire_choices":[{"data":"Neutralize","floor":7,"key":"SMITH"},{"data":"Burst","floor":12,"key":"SMITH"},{"floor":15,"key":"REST"}],"circlet_count":0,"master_deck":["AscendersBane","Strike_G","Strike_G","Strike_G","Defend_G","Defend_G","Defend_G","Survivor","Neutralize+1","Sucker Punch","Finisher","Heel Hook","Burst+1","Blade Dance","Concentrate"],"relics":["Ring of the Snake","NeowsBlessing","Blue Candle","Golden Idol","Regal Pillow","Bag of Marbles","Eternal Feather"],"acts_visited":["Exordium"],"potions_floor_usage":[11,16],"damage_taken":[{"damage":0,"enemies":"Jaw Worm","floor":1,"turns":1},{"damage":0,"enemies":"Small Slimes","floor":3,"turns":1},{"damage":0,"enemies":"Lagavulin","floor":6,"turns":1},{"damage":22,"enemies":"3 Sentries","floor":11,"turns":9},{"damage":66,"enemies":"The Guardian","floor":16,"turns":14}],"seed_played":"-6101343109689879750","potions_obtained":[{"floor":1,"key":"DuplicationPotion"},{"floor":11,"key":"Dexterity Potion"}],"is_trial":false,"path_per_floor":["M","?","M","$","?","E","R","?","T","?","E","R","$","?","R","B"],"character_chosen":"THE_SILENT","items_purchased":["Blade Dance"],"campfire_rested":1,"item_purchase_floors":[13],"current_hp_per_floor":[59,41,41,41,41,41,41,34,34,39,17,26,26,26,65,0,0],"gold":10,"neow_bonus":"THREE_ENEMY_KILL","is_daily":false,"chose_seed":false,"campfire_upgraded":2,"win_rate":0.0,"timestamp":1609892620,"path_taken":["M","?","M","$","?","E","R","?","T","?","E","R","$","?","R","BOSS"],"items_purchased_type":["Card"],"build_version":"2020-12-22","purchased_purges":2,"victory":false,"max_hp_per_floor":[66,66,66,66,60,60,60,60,60,65,65,65,65,65,65,65,65],"card_choices":[{"not_picked":["Reflex","Accuracy"],"picked":"Sucker Punch","floor":1},{"not_picked":["Flechettes","Blur"],"picked":"Finisher","floor":3},{"not_picked":["Choke","Accuracy"],"picked":"Heel Hook","floor":6},{"not_picked":["Finisher","Backflip"],"picked":"Burst","floor":11}],"player_experience":1004665,"relics_obtained":[{"floor":6,"key":"Regal Pillow"},{"floor":9,"key":"Bag of Marbles"},{"floor":11,"key":"Eternal Feather"}],"event_choices":[{"damage_healed":0,"gold_gain":0,"player_choice":"Success","damage_taken":18,"relics_obtained":["Blue Candle"],"max_hp_gain":0,"max_hp_loss":0,"event_name":"Scrap Ooze","floor":2,"gold_loss":0},{"damage_healed":0,"gold_gain":0,"player_choice":"Lose Max HP","damage_taken":0,"relics_obtained":["Golden Idol"],"max_hp_gain":0,"max_hp_loss":6,"event_name":"Golden Idol","floor":5,"gold_loss":0},{"cards_removed":["Defend_G"],"damage_healed":0,"gold_gain":0,"player_choice":"Card Removal","damage_taken":7,"max_hp_gain":0,"max_hp_loss":0,"event_name":"Golden Wing","floor":8,"gold_loss":0},{"damage_healed":0,"gold_gain":0,"player_choice":"Donut","damage_taken":0,"max_hp_gain":5,"max_hp_loss":0,"event_name":"Big Fish","floor":10,"gold_loss":0},{"damage_healed":0,"gold_gain":0,"cards_transformed":["Strike_G"],"player_choice":"Transformed","damage_taken":0,"max_hp_gain":0,"max_hp_loss":0,"event_name":"Transmorgrifier","floor":14,"gold_loss":0,"cards_obtained":["Concentrate"]}],"is_beta":false,"boss_relics":[],"items_purged_floors":[4,13],"is_endless":false,"potions_floor_spawned":[1,11],"killed_by":"The Guardian","ascension_level":19}}