{"host":"y36bp6mnm73x3iob","time":1609936329,"event":{"mods":["2.2 Compatiblity","Aspiration","BaseMod","Downfall","GifTheSpireLib","Hermit","Hubris","Marisa????????","Minty Spire (QoL Compilation)","Replay The Spire","Retaliation","StSLib","Stuff the Spire","The Disciple","The Servant 0.9.4"],"gold_per_floor":[114,1,1,1,14,14,56,56,105,27,46,46,46],"floor_reached":12,"playtime":365,"items_purged":[],"score":84,"play_id":"df3e258a-32e7-4fc3-ba95-bbf483e68e1a","local_time":"20210106143209","is_ascension_mode":true,"campfire_choices":[{"data":"expansioncontent:TimeRipple","floor":6,"key":"SMITH"},{"data":"ForeignInfluence","floor":8,"key":"SMITH"}],"circlet_count":0,"master_deck":["Strike_P","Strike_P","Strike_P","Defend_P","Defend_P","Defend_P","Eruption","Vigilance","CutThroughFate","Replay:Vibes","Crescendo","ForeignInfluence+1","Steam","expansioncontent:TimeRipple+1","Eruption","CutThroughFate","Prostrate","Study","Replay:Hum"],"relics":["SacredBark","CeramicFish","hubris:OldNail"],"acts_visited":["Exordium"],"potions_floor_usage":[7,12],"damage_taken":[{"damage":33,"enemies":"Cultist","floor":1,"turns":5},{"damage":0,"enemies":"Small Slimes","floor":5,"turns":3},{"damage":18,"enemies":"3 Sentries","floor":7,"turns":2},{"damage":3,"enemies":"Jaw Worm","floor":11,"turns":1},{"damage":57,"enemies":"Lagavulin","floor":12,"turns":3}],"seed_played":"8585660245790259945","potions_obtained":[{"floor":5,"key":"Fruit Juice"}],"is_trial":false,"path_per_floor":["M","$","?","?","M","R","E","R","T","$","M","E"],"character_chosen":"WATCHER","items_purchased":["Replay:Vibes","Crescendo","Study","AttackPotion"],"campfire_rested":0,"item_purchase_floors":[2,2,10,10],"current_hp_per_floor":[39,39,39,39,39,39,31,31,31,31,28,0,0],"gold":46,"neow_bonus":"BOSS_RELIC","is_daily":false,"chose_seed":false,"campfire_upgraded":2,"win_rate":0.0,"timestamp":1609936329,"path_taken":["M","$","?","?","M","R","E","R","T","$","?","E"],"items_purchased_type":["Card","Card","Card","Potion"],"build_version":"2020-12-22","purchased_purges":0,"victory":false,"max_hp_per_floor":[72,72,72,72,72,72,82,82,82,82,82,82,82],"card_choices":[{"not_picked":["Adaptation","SandsOfTime"],"picked":"CutThroughFate","floor":1},{"not_picked":["LikeWater","FlurryOfBlows"],"picked":"CutThroughFate","floor":5},{"not_picked":["Halt","CutThroughFate"],"picked":"Prostrate","floor":7},{"not_picked":["SashWhip","Collect"],"picked":"Replay:Hum","floor":11}],"player_experience":397976,"relics_obtained":[{"floor":7,"key":"CeramicFish"},{"floor":9,"key":"hubris:OldNail"}],"event_choices":[{"damage_healed":0,"gold_gain":0,"player_choice":"2 cards matched","damage_taken":0,"max_hp_gain":0,"max_hp_loss":0,"event_name":"Match and Keep!","floor":4,"gold_loss":0,"cards_obtained":["expansioncontent:TimeRipple","Eruption"]}],"is_beta":false,"boss_relics":[],"items_purged_floors":[],"is_endless":false,"potions_floor_spawned":[5],"killed_by":"Lagavulin","ascension_level":2}}