{"host":"yiit85oc4oi3nqs8","time":1609938365,"event":{"mods":["AchievementEnabler","BaseMod","Better Third Choice","Block Reminder","DeckTracker","Highlight Path","Keyboard Shortcuts","Minty Spire (QoL Compilation)","MonsterHotkey","Quick Restart","Random Character Button","Relic Stats","StSLib"],"gold_per_floor":[216,141,155,155,167,167,180,180,198,198,198,210,210,210,210,210,210,210,257,257,275,275,275,350,350,350,350,426,426,445,370,270,160,35,49,59,59,59,59,59,59,59,86,86,96,96,96,96,96,96,112,112,112,186,186,198,223,249,249,249,266,283,283,312,312,331,331,362,362,388,413,467,467,467,487,487,487,487,337,337,337,337,337],"floor_reached":84,"playtime":1941,"items_purged":["Strike_B","Strike_B","Defend_B","Dualcast+1"],"score":1912,"play_id":"876d4d07-ca49-44c5-a543-1e42d4e73d30","local_time":"20210106220605","is_ascension_mode":true,"campfire_choices":[{"floor":10.0,"key":"REST"},{"data":"Hologram","floor":11.0,"key":"SMITH"},{"floor":22.0,"key":"REST"},{"data":"Searing Blow","floor":23.0,"key":"SMITH"},{"floor":26.0,"key":"REST"},{"data":"Searing Blow+1","floor":27.0,"key":"SMITH"},{"data":"Searing Blow+2","floor":39.0,"key":"SMITH"},{"data":"Echo Form","floor":40.0,"key":"SMITH"},{"data":"Searing Blow+5","floor":49.0,"key":"SMITH"},{"data":"Zap","floor":50.0,"key":"SMITH"},{"data":"Searing Blow+6","floor":52.0,"key":"SMITH"},{"data":"Searing Blow+7","floor":53.0,"key":"SMITH"},{"data":"Dualcast","floor":63.0,"key":"SMITH"},{"data":"Searing Blow+8","floor":65.0,"key":"SMITH"},{"data":"Machine Learning","floor":67.0,"key":"SMITH"},{"data":"Searing Blow+9","floor":69.0,"key":"SMITH"},{"data":"Searing Blow+10","floor":76,"key":"SMITH"},{"data":"Searing Blow+11","floor":77,"key":"SMITH"},{"data":"Searing Blow+12","floor":80,"key":"SMITH"},{"data":"Defend_B","floor":81,"key":"SMITH"},{"data":"Gash","floor":82,"key":"SMITH"}],"circlet_count":0,"master_deck":["AscendersBane","Defend_B+1","Zap+1","Beam Cell+1","Gash+1","Go for the Eyes+1","Hologram+1","Searing Blow+13","Echo Form+1","Machine Learning+1"],"relics":["FrozenCore","FossilizedHelix","Matryoshka","Orichalcum","Juzu Bracelet","Bronze Scales","Omamori","Ginger","Coffee Dripper","Bird Faced Urn","CaptainsWheel","Toy Ornithopter","Pocketwatch","TungstenRod","Oddly Smooth Stone","Bag of Preparation","Du-Vu Doll"],"acts_visited":["Exordium","TheCity","TheBeyond"],"potions_floor_usage":[83],"damage_taken":[{"damage":14.0,"enemies":"Small Slimes","floor":1.0,"turns":3.0},{"damage":4.0,"enemies":"2 Louse","floor":3.0,"turns":3.0},{"damage":7.0,"enemies":"Jaw Worm","floor":5.0,"turns":3.0},{"damage":4.0,"enemies":"Large Slime","floor":7.0,"turns":5.0},{"damage":17.0,"enemies":"2 Fungi Beasts","floor":9.0,"turns":4.0},{"damage":17.0,"enemies":"Exordium Thugs","floor":12.0,"turns":5.0},{"damage":6.0,"enemies":"3 Louse","floor":21.0,"turns":2.0},{"damage":29.0,"enemies":"Hexaghost","floor":28.0,"turns":8.0},{"damage":0.0,"enemies":"2 Thieves","floor":30.0,"turns":3.0},{"damage":0.0,"enemies":"Spheric Guardian","floor":35.0,"turns":3.0},{"damage":30.0,"enemies":"Shelled Parasite and Fungi","floor":36.0,"turns":4.0},{"damage":2.0,"enemies":"Snecko","floor":45.0,"turns":4.0},{"damage":8.0,"enemies":"Snake Plant","floor":51.0,"turns":2.0},{"damage":0.0,"enemies":"Champ","floor":54.0,"turns":5.0},{"damage":0.0,"enemies":"Orb Walker","floor":56.0,"turns":2.0},{"damage":0.0,"enemies":"Mind Bloom Boss Battle","floor":57.0,"turns":4.0},{"damage":4.0,"enemies":"3 Shapes","floor":61.0,"turns":4.0},{"damage":15.0,"enemies":"Transient","floor":62.0,"turns":6.0},{"damage":0.0,"enemies":"Giant Head","floor":64.0,"turns":5.0},{"damage":39.0,"enemies":"Jaw Worm Horde","floor":66.0,"turns":4.0},{"damage":9.0,"enemies":"Reptomancer","floor":68.0,"turns":2.0},{"damage":0,"enemies":"2 Orb Walkers","floor":72,"turns":3},{"damage":0,"enemies":"Spire Growth","floor":75,"turns":2},{"damage":18,"enemies":"Donu and Deca","floor":83,"turns":4}],"seed_played":"6315744930011482403","potions_obtained":[{"floor":5.0,"key":"SkillPotion"},{"floor":9.0,"key":"SpeedPotion"},{"floor":12.0,"key":"BlessingOfTheForge"},{"floor":28.0,"key":"Block Potion"},{"floor":30.0,"key":"LiquidBronze"},{"floor":45.0,"key":"SteroidPotion"},{"floor":56.0,"key":"LiquidMemories"},{"floor":72,"key":"LiquidMemories"}],"is_trial":false,"path_per_floor":["M","?","M","?","M","$","M","?","M","R","R","M","?","?","T","T","T","?","T","?","M","R","R","?","?","R","R","B",null,"M","$","$","?","$","M","M","?","?","R","R","?","?","T","T","M","?","$","?","R","R","M","R","R","B",null,"M","?","T","?","?","M","M","R","E","R","M","R","E","R","T","T","?","?","?","M","R","R","$","$","R","R","R","B",null],"character_chosen":"DEFECT","items_purchased":[],"campfire_rested":3,"item_purchase_floors":[],"current_hp_per_floor":[50,50,46,39,32,32,28,28,11,32,32,15,12,12,12,12,12,12,12,12,6,27,27,16,16,37,37,8,55,55,55,55,55,55,55,25,39,39,39,39,39,39,39,39,39,39,39,39,39,39,31,31,31,33,62,64,68,68,68,68,68,56,56,62,62,27,27,27,27,27,27,29,58,58,58,58,58,58,58,58,58,58,40],"gold":337,"neow_bonus":"HUNDRED_GOLD","is_daily":false,"chose_seed":false,"campfire_upgraded":18,"win_rate":0.0,"timestamp":1609938365,"path_taken":["M","?","M","?","M","?","M","?","M","R","R","M","?","?","T","T","T","?","?","?","M","R","R","?","?","R","R","BOSS","M","$","$","?","?","M","M","?","?","R","R","?","?","T","T","M","?","?","?","R","R","M","R","R","BOSS","M","?","?","?","?","M","M","R","E","R","M","R","E","R","T","T","?","?","?","M","R","R","$","$","R","R","R","BOSS"],"items_purchased_type":[],"build_version":"2020-12-22","purchased_purges":4,"victory":true,"max_hp_per_floor":[71,71,71,71,71,71,71,71,71,71,71,71,71,71,71,71,71,71,71,71,71,71,71,71,71,71,71,71,71,71,71,71,71,71,71,71,71,71,71,71,71,71,71,71,71,71,71,71,71,71,71,71,71,71,71,71,71,71,71,71,71,71,71,71,71,71,71,71,71,71,71,71,58,58,58,58,58,58,58,58,58,58,58],"relic_stats":{"counters":[24,90],"Bronze Scales":[162],"Bird Faced Urn":[33],"Juzu Bracelet":6,"Bag of Preparation":[6],"Ginger":[5],"Orichalcum":[42],"obtain_stats":[{"Oddly Smooth Stone":70,"Juzu Bracelet":17,"Omamori":19,"Bag of Preparation":71,"Ginger":20,"Orichalcum":17,"FrozenCore":55,"Du-Vu Doll":72,"CaptainsWheel":57,"Matryoshka":16,"Bronze Scales":19,"Bird Faced Urn":44,"Coffee Dripper":29,"Cracked Core":0,"FossilizedHelix":15,"Toy Ornithopter":58,"TungstenRod":68,"Pocketwatch":64},{"Oddly Smooth Stone":21,"Juzu Bracelet":6,"Omamori":6,"Bag of Preparation":21,"Ginger":6,"Orichalcum":6,"FrozenCore":14,"Du-Vu Doll":22,"CaptainsWheel":16,"Matryoshka":6,"Bronze Scales":6,"Bird Faced Urn":11,"Coffee Dripper":8,"Cracked Core":0,"FossilizedHelix":6,"Toy Ornithopter":16,"TungstenRod":21,"Pocketwatch":19},{"Oddly Smooth Stone":81,"Juzu Bracelet":23,"Omamori":23,"Bag of Preparation":81,"Ginger":23,"Orichalcum":23,"FrozenCore":54,"Du-Vu Doll":84,"CaptainsWheel":60,"Matryoshka":23,"Bronze Scales":23,"Bird Faced Urn":43,"Coffee Dripper":33,"Cracked Core":0,"FossilizedHelix":23,"Toy Ornithopter":60,"TungstenRod":81,"Pocketwatch":75}],"Toy Ornithopter":5,"TungstenRod":2,"FrozenCore":[22],"Pocketwatch":[0]},"card_choices":[{"not_picked":["Chaos","Reinforced Body"],"picked":"Beam Cell","floor":1.0},{"not_picked":["Conserve Battery","Skim"],"picked":"Gash","floor":3.0},{"not_picked":["Fusion","Turbo","Lockon"],"picked":"SKIP","floor":5.0},{"not_picked":["Static Discharge","Fusion"],"picked":"Go for the Eyes","floor":7.0},{"not_picked":["Coolheaded","Blizzard"],"picked":"Hologram","floor":9.0},{"not_picked":["Coolheaded","Rip and Tear","Ball Lightning"],"picked":"SKIP","floor":12.0},{"not_picked":["Rebound","Melter","Heatsinks"],"picked":"SKIP","floor":21.0},{"not_picked":["Core Surge","Electrodynamics"],"picked":"Echo Form","floor":28.0},{"not_picked":["Go for the Eyes","Heatsinks","Gash"],"picked":"SKIP","floor":30.0},{"not_picked":["Beam Cell","Go for the Eyes","Skim"],"picked":"SKIP","floor":35.0},{"not_picked":["Beam Cell","Loop","Hologram"],"picked":"SKIP","floor":36.0},{"not_picked":["Conserve Battery+1","Leap+1","Darkness"],"picked":"SKIP","floor":45.0},{"not_picked":["Buffer","Gash","Ball Lightning"],"picked":"SKIP","floor":51.0},{"not_picked":["Thunder Strike","Creative AI"],"picked":"Machine Learning","floor":54.0},{"not_picked":["Sunder+1","Consume","Rebound"],"picked":"SKIP","floor":56.0},{"not_picked":["BootSequence","Leap+1","Steam"],"picked":"SKIP","floor":61.0},{"not_picked":["Steam","Static Discharge+1","Tempest"],"picked":"SKIP","floor":62.0},{"not_picked":["Streamline+1","Beam Cell","Ball Lightning+1"],"picked":"SKIP","floor":64.0},{"not_picked":["Hello World+1","Streamline","Reinforced Body+1"],"picked":"SKIP","floor":66.0},{"not_picked":["Biased Cognition","White Noise","Loop"],"picked":"SKIP","floor":68.0},{"not_picked":["Undo","Ball Lightning","Beam Cell+1"],"picked":"SKIP","floor":75}],"player_experience":487502,"relics_obtained":[{"floor":15.0,"key":"FossilizedHelix"},{"floor":16.0,"key":"Matryoshka"},{"floor":17.0,"key":"Orichalcum"},{"floor":17.0,"key":"Juzu Bracelet"},{"floor":19.0,"key":"Bronze Scales"},{"floor":19.0,"key":"Omamori"},{"floor":20.0,"key":"Ginger"},{"floor":44.0,"key":"Bird Faced Urn"},{"floor":57.0,"key":"CaptainsWheel"},{"floor":58.0,"key":"Toy Ornithopter"},{"floor":64.0,"key":"Pocketwatch"},{"floor":68.0,"key":"TungstenRod"},{"floor":70.0,"key":"Oddly Smooth Stone"},{"floor":71.0,"key":"Bag of Preparation"},{"floor":72,"key":"Du-Vu Doll"}],"event_choices":[{"cards_removed":["Strike_B"],"damage_healed":0.0,"max_hp_gain":0.0,"max_hp_loss":0.0,"gold_gain":0.0,"event_name":"The Cleric","player_choice":"Card Removal","floor":2.0,"gold_loss":75.0,"damage_taken":0.0},{"cards_removed":["Strike_B"],"damage_healed":0.0,"max_hp_gain":0.0,"max_hp_loss":0.0,"gold_gain":0.0,"event_name":"Golden Wing","player_choice":"Card Removal","floor":4.0,"gold_loss":0.0,"damage_taken":7.0},{"damage_healed":0.0,"max_hp_gain":0.0,"max_hp_loss":0.0,"gold_gain":0.0,"event_name":"betterThird:BetterScrap","player_choice":"Card ","floor":13.0,"gold_loss":0.0,"damage_taken":3.0,"cards_obtained":["Searing Blow"]},{"damage_healed":12.0,"max_hp_gain":0.0,"max_hp_loss":71.0,"gold_gain":0.0,"event_name":"betterThird:BetterShining","player_choice":"Leave","floor":14.0,"gold_loss":0.0,"damage_taken":0.0},{"damage_healed":0.0,"max_hp_gain":0.0,"max_hp_loss":0.0,"gold_gain":0.0,"event_name":"Dead Adventurer","player_choice":"Searched \u00270\u0027 times","floor":18.0,"gold_loss":0.0,"damage_taken":0.0},{"damage_healed":0.0,"max_hp_gain":0.0,"max_hp_loss":0.0,"gold_gain":75.0,"event_name":"betterThird:BetterGoop","player_choice":"Gold","floor":24.0,"gold_loss":0.0,"damage_taken":11.0},{"damage_healed":0.0,"max_hp_gain":0.0,"max_hp_loss":0.0,"gold_gain":0.0,"event_name":"betterThird:BetterSerpent","player_choice":"Ignored","floor":25.0,"gold_loss":0.0,"damage_taken":350.0},{"cards_removed":["Defend_B"],"damage_healed":0.0,"max_hp_gain":0.0,"max_hp_loss":0.0,"gold_gain":0.0,"event_name":"Designer","player_choice":"Upgrade and Remove","floor":33.0,"gold_loss":110.0,"damage_taken":0.0,"cards_upgraded":["Go for the Eyes"]},{"damage_healed":14.0,"max_hp_gain":0.0,"max_hp_loss":0.0,"gold_gain":0.0,"event_name":"The Library","player_choice":"Heal","floor":37.0,"gold_loss":0.0,"damage_taken":0.0},{"damage_healed":0.0,"max_hp_gain":0.0,"max_hp_loss":0.0,"gold_gain":0.0,"event_name":"Vampires","player_choice":"Ignored","floor":38.0,"gold_loss":0.0,"damage_taken":0.0},{"damage_healed":0.0,"max_hp_gain":0.0,"max_hp_loss":0.0,"gold_gain":0.0,"event_name":"Transmorgrifier","player_choice":"Ignored","floor":41.0,"gold_loss":0.0,"damage_taken":0.0},{"damage_healed":0.0,"max_hp_gain":0.0,"max_hp_loss":0.0,"gold_gain":0.0,"event_name":"Upgrade Shrine","player_choice":"Upgraded","floor":42.0,"gold_loss":0.0,"damage_taken":0.0,"cards_upgraded":["Searing Blow"]},{"damage_healed":0.0,"max_hp_gain":0.0,"max_hp_loss":0.0,"gold_gain":0.0,"event_name":"Upgrade Shrine","player_choice":"Upgraded","floor":46.0,"gold_loss":0.0,"damage_taken":0.0,"cards_upgraded":["Searing Blow"]},{"damage_healed":0.0,"max_hp_gain":0.0,"max_hp_loss":0.0,"gold_gain":0.0,"event_name":"MindBloom","player_choice":"Fight","floor":57.0,"gold_loss":0.0,"damage_taken":0.0},{"damage_healed":0.0,"max_hp_gain":0.0,"max_hp_loss":0.0,"gold_gain":0.0,"event_name":"SensoryStone","player_choice":"Memory 1","floor":59.0,"gold_loss":0.0,"damage_taken":0.0},{"damage_healed":0.0,"max_hp_gain":0.0,"max_hp_loss":0.0,"gold_gain":0.0,"event_name":"Accursed Blacksmith","player_choice":"Forge","floor":60.0,"gold_loss":0.0,"damage_taken":0.0,"cards_upgraded":["Beam Cell"]},{"damage_healed":0,"gold_gain":0,"player_choice":"Fight","damage_taken":0,"max_hp_gain":0,"max_hp_loss":0,"event_name":"Mysterious Sphere","floor":72,"gold_loss":0},{"damage_healed":58,"gold_gain":0,"player_choice":"Heal","damage_taken":0,"max_hp_gain":0,"max_hp_loss":13,"event_name":"The Moai Head","floor":73,"gold_loss":0},{"cards_removed":["Defend_B"],"damage_healed":0,"gold_gain":0,"player_choice":"Removed Skill","damage_taken":0,"max_hp_gain":0,"max_hp_loss":0,"event_name":"Falling","floor":74,"gold_loss":0}],"is_beta":false,"boss_relics":[{"not_picked":["Inserter","Nuclear Battery"],"picked":"Coffee Dripper"},{"not_picked":["Fusion Hammer","Philosopher\u0027s Stone"],"picked":"FrozenCore"}],"items_purged_floors":[31,32,34,79],"is_endless":false,"potions_floor_spawned":[5,9,12,21,28,30,45,54,56,57,64,72],"ascension_level":18}}