{"host":"1183f001whnzd7mj","time":1609900975,"event":{"mods":["AchievementEnabler","BaseMod","Beaked The Cultist","BetterRewards","Conspire","Downfall","Friendly Minions","Highlight Path","Infinite Spire","Mimic Mod","Minty Spire (QoL Compilation)","Permanent Neow","Quick Restart","Replay The Spire","Shop Mod","StSLib","The Bug Knight","The Mystic"],"gold_per_floor":[109,123,123,48,148,148,184,184,184,197,237,237,237,237,237,237,237],"floor_reached":16,"playtime":903,"items_purged":["HollowMod:NailStrikeStart"],"score":106,"play_id":"7411880e-2b99-4844-adc9-2dc00b56f301","local_time":"20210106024255","is_ascension_mode":false,"campfire_choices":[{"data":"HollowMod:FocusHealStart","floor":6,"key":"SMITH"},{"data":"HollowMod:MawleksShell","floor":8,"key":"SMITH"},{"floor":13,"key":"REST"},{"data":"HollowMod:ChannelNail","floor":15,"key":"SMITH"}],"circlet_count":0,"master_deck":["HollowMod:NailStrikeStart","HollowMod:NailStrikeStart","HollowMod:NailStrikeStart","HollowMod:QuickDashStart","HollowMod:QuickDashStart","HollowMod:QuickDashStart","HollowMod:QuickDashStart","HollowMod:FocusHealStart+1","HollowMod:PogoStrike","HollowMod:DashSlash","HollowMod:CycloneSlash","HollowMod:MawleksShell+1","HollowMod:SoulStrike","HollowMod:ChannelNail+1","HollowMod:Hiveblood"],"relics":["HollowMod:VesselMask","Golden Idol","Garlic","White Beast Statue"],"acts_visited":["Exordium"],"potions_floor_usage":[7],"damage_taken":[{"damage":0,"enemies":"2 Louse","floor":1,"turns":3},{"damage":1,"enemies":"Cultist","floor":2,"turns":3},{"damage":36,"enemies":"3 Sentries","floor":7,"turns":12},{"damage":0,"enemies":"Small Slimes","floor":10,"turns":2},{"damage":44,"enemies":"Replay:BlueRogue","floor":11,"turns":16},{"damage":59,"enemies":"Hexaghost","floor":16,"turns":14}],"seed_played":"2838984505852232425","potions_obtained":[{"floor":2,"key":"AttackPotion"}],"is_trial":false,"path_per_floor":["M","M","?","$","?","R","E","R","T","M","E","?","R","?","R","B"],"character_chosen":"THE_BUGKNIGHT","items_purchased":[],"campfire_rested":1,"item_purchase_floors":[],"current_hp_per_floor":[75,75,57,57,57,57,33,33,33,33,1,6,30,30,30,0,0],"gold":237,"neow_bonus":"THREE_CARDS","is_daily":false,"chose_seed":false,"campfire_upgraded":3,"win_rate":0.0,"timestamp":1609900975,"path_taken":["M","M","?","$","?","R","E","R","T","?","E","?","R","?","R","BOSS"],"items_purchased_type":[],"build_version":"2020-12-22","purchased_purges":1,"victory":false,"max_hp_per_floor":[75,75,75,75,75,75,75,75,75,75,75,80,80,80,80,80,80],"card_choices":[{"not_picked":["HollowMod:NewLittleFool","HollowMod:InfectedAttack"],"picked":"HollowMod:DashSlash","floor":0},{"not_picked":["HollowMod:SoulStrike","HollowMod:TaintedHusks"],"picked":"HollowMod:CycloneSlash","floor":1},{"not_picked":["HollowMod:DesolateDive","HollowMod:RecoilStrike"],"picked":"HollowMod:MawleksShell","floor":2},{"not_picked":["HollowMod:Grubsong","HollowMod:DescendingDark"],"picked":"HollowMod:SoulStrike","floor":7},{"not_picked":["HollowMod:GrimmsGift","HollowMod:InfectedAttack"],"picked":"HollowMod:ChannelNail","floor":10},{"not_picked":["HollowMod:CrystalDash","HollowMod:SharpenedNail"],"picked":"HollowMod:Hiveblood","floor":11}],"player_experience":103183,"relics_obtained":[{"floor":7,"key":"Garlic"},{"floor":11,"key":"White Beast Statue"}],"event_choices":[{"damage_healed":0,"gold_gain":0,"player_choice":"Take Damage","damage_taken":18,"relics_obtained":["Golden Idol"],"max_hp_gain":0,"max_hp_loss":0,"event_name":"Golden Idol","floor":3,"gold_loss":0},{"damage_healed":0,"gold_gain":100,"player_choice":"Pray","damage_taken":0,"max_hp_gain":0,"max_hp_loss":0,"event_name":"Golden Shrine","floor":5,"gold_loss":0},{"damage_healed":0,"gold_gain":0,"player_choice":"Donut","damage_taken":0,"max_hp_gain":5,"max_hp_loss":0,"event_name":"Big Fish","floor":12,"gold_loss":0}],"is_beta":false,"boss_relics":[],"items_purged_floors":[4],"is_endless":false,"potions_floor_spawned":[2],"killed_by":"Hexaghost","ascension_level":0}}