{"host":"uflv0e3ja7hvnij7","time":1609947235,"event":{"mods":["BaseMod","Better Altar","Better Match","Better Note","Better Sensory Stone","Better Skull","Better Third Choice","Conspire","Minty Spire (QoL Compilation)","Permanent Neow","Replay The Spire","StSLib"],"gold_per_floor":[116,129,29,29,29,62,62,76,121,148,148,148,167,52,52,149,149,162,2,2,19,35,35,64,64,64,176,189,215,226,126,126,230,230,243,257,56,71,85,85,113,138,138,138,138,88,106,141,141,141],"floor_reached":51,"playtime":4104,"items_purged":["Defend_P","Strike_P","Pot Of Greed","Defend_P"],"score":910,"play_id":"eff61f17-b930-4f36-b16d-cd0b774a8d0f","local_time":"20210106103355","is_ascension_mode":true,"campfire_choices":[{"data":"Adaptation","floor":7,"key":"SMITH"},{"floor":11,"key":"REST"},{"data":"Replay:Battleflow","floor":15,"key":"SMITH"},{"data":"MentalFortress","floor":23,"key":"SMITH"},{"data":"Vault","floor":25,"key":"SMITH"},{"data":"Defend_P","floor":32,"key":"PURGE"},{"data":"Replay:Battleflow","floor":40,"key":"SMITH"},{"data":"ClearTheMind","floor":45,"key":"SMITH"},{"data":"FlurryOfBlows","floor":49,"key":"SMITH"}],"circlet_count":0,"master_deck":["Strike_P","Strike_P","Strike_P","Defend_P","Eruption+1","Vigilance+1","FlurryOfBlows+1","Replay:Battleflow+1","Adaptation+1","Adaptation+1","EmptyFist","EmptyFist","Pot Of Greed+1","Pot Of Greed","DeusExMachina+1","MentalFortress+1","DeusExMachina","Replay:Battleflow+1","LessonLearned+1","Double Energy+1","EmptyBody+1","ReachHeaven+1","Vault+1","MentalFortress+1","EmptyBody","FlurryOfBlows+1","Replay:AllIn","ClearTheMind+1","Replay:Battleflow+1","Crescendo+1","Wallop+1"],"relics":["PureWater","ReplayFunnel","ReplayTheSpireMod:Lightbulb","Grinning Jar","Coffee Dripper","Nunchaku","Counterbalance","Omamori","VioletLotus","Smiling Mask","Dream Catcher","Divine Protection","Simple Rune"],"acts_visited":["Exordium","TheCity","TheBeyond"],"potions_floor_usage":[10,18,21,24,33,33,39,50,50],"damage_taken":[{"damage":0,"enemies":"Cultist","floor":1,"turns":4},{"damage":0,"enemies":"2 Louse","floor":2,"turns":2},{"damage":17,"enemies":"Lagavulin","floor":6,"turns":5},{"damage":0,"enemies":"Small Slimes","floor":8,"turns":2},{"damage":16,"enemies":"Gremlin Nob","floor":10,"turns":3},{"damage":0,"enemies":"Exordium Wildlife","floor":13,"turns":2},{"damage":0,"enemies":"Slime Boss","floor":16,"turns":5},{"damage":12,"enemies":"Shell Parasite","floor":18,"turns":4},{"damage":2,"enemies":"3 Byrds","floor":21,"turns":4},{"damage":0,"enemies":"Centurion and Healer","floor":22,"turns":5},{"damage":1,"enemies":"conspire:SneckoGhost","floor":24,"turns":6},{"damage":0,"enemies":"Sentry and Sphere","floor":28,"turns":3},{"damage":0,"enemies":"Replay:Snechameleon","floor":29,"turns":4},{"damage":3,"enemies":"3 Cultists","floor":30,"turns":6},{"damage":34,"enemies":"Collector","floor":33,"turns":9},{"damage":2,"enemies":"Orb Walker","floor":35,"turns":3},{"damage":1,"enemies":"3 Shapes","floor":36,"turns":3},{"damage":2,"enemies":"Writhing Mass","floor":38,"turns":5},{"damage":44,"enemies":"Jaw Worm Horde","floor":39,"turns":5},{"damage":0,"enemies":"conspire:MimicChest","floor":41,"turns":5},{"damage":0,"enemies":"Nemesis","floor":42,"turns":4},{"damage":0,"enemies":"4 Shapes","floor":47,"turns":3},{"damage":0,"enemies":"Giant Head","floor":48,"turns":3},{"damage":0,"enemies":"Replay:Hell Engine","floor":50,"turns":4}],"seed_played":"-7010367002327413248","potions_obtained":[{"floor":10,"key":"Fruit Juice"},{"floor":12,"key":"Explosive Potion"},{"floor":12,"key":"SpeedPotion"},{"floor":12,"key":"BottledMiracle"},{"floor":18,"key":"AttackPotion"},{"floor":21,"key":"SpeedPotion"},{"floor":28,"key":"Dexterity Potion"},{"floor":29,"key":"SkillPotion"},{"floor":38,"key":"SkillPotion"},{"floor":39,"key":"SteroidPotion"},{"floor":42,"key":"Venom Potion"}],"is_trial":false,"path_per_floor":["M","M","$","$","?","E","R","M","T","E","R","?","M","$","R","B",null,"M","$","?","M","M","R","E","R","T","?","M","E","M","$","R","B",null,"M","M","$","M","M","R","?","E","T","?","R","$","M","E","R","B",null],"character_chosen":"WATCHER","items_purchased":["Adaptation","EmptyFist","MentalFortress","LessonLearned","Replay:Battleflow"],"campfire_rested":1,"item_purchase_floors":[3,3,14,19,37],"current_hp_per_floor":[72,72,72,72,77,60,60,60,60,49,73,73,73,73,73,73,80,68,68,68,66,66,66,65,65,65,57,57,57,54,54,54,20,67,65,64,64,62,18,18,18,18,18,18,18,18,18,18,18,18],"gold":141,"neow_bonus":"UPGRADE_CARD","is_daily":false,"chose_seed":false,"campfire_upgraded":7,"win_rate":0.0,"timestamp":1609947235,"path_taken":["M","M","?","$","?","E","R","M","T","E","R","?","?","$","R","BOSS","M","$","?","?","M","R","E","R","T","?","M","E","M","$","R","BOSS","M","M","$","M","M","R","?","E","T","?","R","$","M","E","R","BOSS"],"items_purchased_type":["Card","Card","Card","Card","Card"],"build_version":"2020-12-22","purchased_purges":4,"victory":true,"max_hp_per_floor":[72,72,72,72,77,77,77,77,77,82,82,82,82,82,82,82,82,82,82,82,82,82,82,82,82,82,82,82,82,82,82,82,82,82,82,82,82,82,82,82,82,82,82,82,82,82,82,82,82,82],"card_choices":[{"not_picked":["SashWhip","PathToVictory"],"picked":"FlurryOfBlows","floor":1},{"not_picked":["Replay:Anticipation","FollowUp"],"picked":"Replay:Battleflow","floor":2},{"not_picked":["PathToVictory","Evaluate","LikeWater"],"picked":"SKIP","floor":6},{"not_picked":["Vengeance","ForeignInfluence"],"picked":"EmptyFist","floor":8},{"not_picked":["SashWhip","ThirdEye"],"picked":"DeusExMachina","floor":10},{"not_picked":["Consecrate","ThirdEye","CrushJoints"],"picked":"SKIP","floor":13},{"not_picked":["Judgement","Ragnarok"],"picked":"DeusExMachina","floor":16},{"not_picked":["WreathOfFlame","Sanctity"],"picked":"Replay:Battleflow+1","floor":18},{"not_picked":["FlyingSleeves","EmptyMind+1"],"picked":"EmptyBody","floor":21},{"not_picked":["EmptyFist","Prostrate+1"],"picked":"ReachHeaven","floor":22},{"not_picked":["BowlingBash","TalkToTheHand+1"],"picked":"Vault","floor":24},{"not_picked":["Prostrate+1","Replay:ManipulateFuture"],"picked":"MentalFortress+1","floor":28},{"not_picked":["LikeWater","Evaluate"],"picked":"EmptyBody","floor":29},{"not_picked":["SashWhip","ThirdEye"],"picked":"FlurryOfBlows+1","floor":30},{"not_picked":["SpiritShield","MasterReality"],"picked":"Replay:AllIn","floor":33},{"not_picked":["Consecrate+1","Replay:AtTheReady"],"picked":"ClearTheMind","floor":35},{"not_picked":["Halt","Consecrate+1","Replay:AtTheReady"],"picked":"SKIP","floor":36},{"not_picked":["Halt","FlyingSleeves+1","Perseverance+1"],"picked":"SKIP","floor":38},{"not_picked":["Crescendo","EmptyFist","Replay:AtTheReady"],"picked":"SKIP","floor":39},{"not_picked":["Meditate+1","LikeWater+1"],"picked":"Crescendo+1","floor":41},{"not_picked":["BowlingBash+1","InnerPeace","Worship"],"picked":"SKIP","floor":42},{"not_picked":["JustLucky","Consecrate+1"],"picked":"Wallop+1","floor":47},{"not_picked":["Blasphemy","Protect+1","SashWhip"],"picked":"SKIP","floor":48}],"player_experience":497442,"relics_obtained":[{"floor":6,"key":"ReplayFunnel"},{"floor":9,"key":"ReplayTheSpireMod:Lightbulb"},{"floor":10,"key":"Grinning Jar"},{"floor":24,"key":"Nunchaku"},{"floor":26,"key":"Counterbalance"},{"floor":29,"key":"Omamori"},{"floor":41,"key":"Smiling Mask"},{"floor":42,"key":"Dream Catcher"},{"floor":43,"key":"Divine Protection"},{"floor":48,"key":"Simple Rune"}],"event_choices":[{"damage_healed":0,"gold_gain":0,"player_choice":"Donut","damage_taken":0,"max_hp_gain":5,"max_hp_loss":0,"event_name":"Big Fish","floor":5,"gold_loss":0},{"damage_healed":0,"gold_gain":0,"player_choice":"Got Potions","damage_taken":0,"max_hp_gain":0,"max_hp_loss":0,"event_name":"Lab","floor":12,"gold_loss":0},{"cards_removed":["LessonLearned"],"damage_healed":0,"gold_gain":0,"player_choice":"Take \u0026 Give","damage_taken":0,"max_hp_gain":0,"max_hp_loss":0,"event_name":"betterNote:BetterNote","floor":20,"gold_loss":0,"cards_obtained":["Double Energy"]},{"damage_healed":0,"gold_gain":112,"player_choice":"GO ","damage_taken":9,"relics_obtained":[],"max_hp_gain":0,"max_hp_loss":0,"event_name":"betterSkull:BetterSkull","floor":27,"gold_loss":0,"cards_upgraded":[]}],"is_beta":false,"boss_relics":[{"not_picked":["Calling Bell","Ring of Chaos"],"picked":"Coffee Dripper"},{"not_picked":["Runic Pyramid","Sozu"],"picked":"VioletLotus"}],"items_purged_floors":[14,31,37,46],"is_endless":false,"potions_floor_spawned":[10,13,16,18,21,28,29,38,39,42],"ascension_level":5}}