{"host":"nyymohfe1sl7x3d2","time":1609948377,"event":{"mods":["BaseMod","Minty Spire (QoL Compilation)"],"gold_per_floor":[112,39,39,56,66,66,82,82,130,149,149,162,182,213,213,317,317,628,628,642,642,742,742,757,182,251,251,276,37,55,55,55,152,152,162,175,25,25,75,109,123,123,150,169,224,258,258,273,273,273],"floor_reached":51,"playtime":5563,"items_purged":[],"score":827,"play_id":"42545cb0-3535-4ff2-9b04-76ed075caced","local_time":"20210106165257","daily_mods":["Vintage"],"is_ascension_mode":false,"campfire_choices":[{"floor":6,"key":"REST"},{"floor":8,"key":"REST"},{"floor":11,"key":"REST"},{"data":"FlurryOfBlows","floor":15,"key":"SMITH"},{"floor":23,"key":"REST"},{"data":"ForeignInfluence","floor":27,"key":"SMITH"},{"floor":32,"key":"REST"},{"data":"Eruption","floor":42,"key":"SMITH"},{"data":"Study","floor":49,"key":"SMITH"}],"circlet_count":0,"master_deck":["Eruption+1","Vigilance","Evaluate","EmptyFist","Prostrate","FlyingSleeves","FlurryOfBlows+1","Study+1","Brilliance","Fasting2","FearNoEvil","TalkToTheHand","CarveReality","SashWhip","ReachHeaven","CarveReality","Judgement","ThirdEye","Prostrate+1","Evaluate","Meditate","FlurryOfBlows","Tantrum+1","WindmillStrike+1","ForeignInfluence+1","LikeWater","Blind","Violence","CutThroughFate","EmptyMind+1","Sanctity+1","Vengeance+1","Parasite","Halt+1","LessonLearned"],"relics":["HolyWater","PreservedInsect","Gambling Chip","Question Card","Dream Catcher","White Beast Statue","Vajra","Toy Ornithopter","InkBottle","Singing Bowl","Pandora\u0027s Box","Old Coin","Nloth\u0027s Gift","Centennial Puzzle","Pantograph","Orrery","HornCleat","Yang","Toxic Egg 2","Juzu Bracelet","Art of War","Darkstone Periapt","Anchor","Shovel","Shuriken","Bronze Scales","Boot","Bag of Marbles","FossilizedHelix","Akabeko","Bag of Preparation"],"acts_visited":["Exordium","TheCity","TheBeyond"],"potions_floor_usage":[14,16,24,30,33,33,36,39,40,50,50],"damage_taken":[{"damage":0,"enemies":"2 Louse","floor":1,"turns":2},{"damage":0,"enemies":"Cultist","floor":4,"turns":3},{"damage":0,"enemies":"Jaw Worm","floor":5,"turns":6},{"damage":0,"enemies":"Blue Slaver","floor":7,"turns":4},{"damage":27,"enemies":"Exordium Thugs","floor":10,"turns":6},{"damage":0,"enemies":"Exordium Wildlife","floor":12,"turns":3},{"damage":3,"enemies":"2 Fungi Beasts","floor":13,"turns":3},{"damage":6,"enemies":"3 Sentries","floor":14,"turns":3},{"damage":26,"enemies":"The Guardian","floor":16,"turns":11},{"damage":12,"enemies":"2 Thieves","floor":18,"turns":3},{"damage":0,"enemies":"Spheric Guardian","floor":20,"turns":3},{"damage":16,"enemies":"Shelled Parasite and Fungi","floor":24,"turns":3},{"damage":10,"enemies":"Slavers","floor":28,"turns":4},{"damage":3,"enemies":"Snake Plant","floor":30,"turns":2},{"damage":4,"enemies":"Automaton","floor":33,"turns":5},{"damage":8,"enemies":"3 Darklings","floor":35,"turns":5},{"damage":0,"enemies":"3 Shapes","floor":36,"turns":2},{"damage":3,"enemies":"Mind Bloom Boss Battle","floor":39,"turns":4},{"damage":0,"enemies":"Reptomancer","floor":40,"turns":4},{"damage":0,"enemies":"Writhing Mass","floor":41,"turns":4},{"damage":0,"enemies":"Transient","floor":44,"turns":5},{"damage":1,"enemies":"2 Orb Walkers","floor":45,"turns":4},{"damage":0,"enemies":"Nemesis","floor":46,"turns":1},{"damage":0,"enemies":"3 Darklings","floor":48,"turns":3},{"damage":32,"enemies":"Time Eater","floor":50,"turns":6}],"seed_played":"-5361657467404434244","potions_obtained":[{"floor":5,"key":"SmokeBomb"},{"floor":10,"key":"PowerPotion"},{"floor":12,"key":"ColorlessPotion"},{"floor":13,"key":"LiquidBronze"},{"floor":14,"key":"GamblersBrew"},{"floor":16,"key":"Swift Potion"},{"floor":20,"key":"Strength Potion"},{"floor":24,"key":"PowerPotion"},{"floor":28,"key":"BlessingOfTheForge"},{"floor":30,"key":"Block Potion"},{"floor":33,"key":"FearPotion"},{"floor":35,"key":"SpeedPotion"},{"floor":36,"key":"BottledMiracle"},{"floor":39,"key":"BlessingOfTheForge"},{"floor":40,"key":"Swift Potion"},{"floor":44,"key":"Regen Potion"},{"floor":48,"key":"PowerPotion"}],"is_trial":true,"path_per_floor":["M","$","?","M","M","R","M","R","T","M","R","M","M","E","R","B",null,"M","?","M","?","?","R","M","$","T","R","E","$","M","?","R","B",null,"M","M","$","?","?","E","M","R","T","M","?","E","?","M","R","B",null],"character_chosen":"WATCHER","items_purchased":["Evaluate","EmptyFist","Orrery","ForeignInfluence","LikeWater","Blind","Violence","Toxic Egg 2","Anchor"],"campfire_rested":5,"item_purchase_floors":[2,2,25,25,25,25,25,29,37],"current_hp_per_floor":[72,72,65,65,65,72,72,72,72,45,66,66,63,62,62,41,72,60,60,60,60,60,72,56,56,56,56,46,46,48,48,69,68,72,64,69,69,69,69,72,78,78,78,78,77,77,77,77,77,51],"gold":273,"neow_bonus":"","is_daily":false,"chose_seed":false,"campfire_upgraded":4,"win_rate":0.0,"timestamp":1609948377,"path_taken":["M","$","?","M","M","R","M","R","T","M","R","M","M","E","R","BOSS","M","?","?","?","?","R","M","$","T","R","E","$","M","?","R","BOSS","M","M","$","?","?","E","M","R","T","M","?","E","?","M","R","BOSS"],"items_purchased_type":["Card","Card","Relic","Card","Card","Card","Card","Relic","Relic"],"build_version":"2020-12-22","purchased_purges":0,"victory":true,"max_hp_per_floor":[72,72,72,72,72,72,72,72,72,72,72,72,72,72,72,72,72,72,72,72,72,72,72,72,72,72,72,72,72,72,72,72,72,72,72,72,72,72,72,72,78,78,78,78,78,78,78,78,78,78],"card_choices":[{"not_picked":["CutThroughFate","JustLucky","FearNoEvil"],"picked":"Prostrate","floor":6},{"not_picked":["Conclude","EmptyBody","EmptyFist"],"picked":"FlyingSleeves","floor":8},{"not_picked":["Worship","BowlingBash","ClearTheMind"],"picked":"FlurryOfBlows","floor":11},{"not_picked":["ThirdEye","Devotion","Crescendo"],"picked":"Study","floor":14},{"not_picked":["ConjureBlade","Judgement","Devotion"],"picked":"Brilliance","floor":16},{"not_picked":["EmptyFist+1","FollowUp","LikeWater"],"picked":"Prostrate+1","floor":23},{"not_picked":["Prostrate","SignatureMove","InnerPeace"],"picked":"Evaluate","floor":25},{"not_picked":["CrushJoints+1","Collect+1","Protect"],"picked":"Meditate","floor":25},{"not_picked":["Vengeance","Conclude","CrushJoints"],"picked":"FlurryOfBlows","floor":25},{"not_picked":["Pray","Fasting2","FearNoEvil+1"],"picked":"Tantrum+1","floor":25},{"not_picked":["Wireheading","WaveOfTheHand","BowlingBash+1"],"picked":"WindmillStrike+1","floor":25},{"not_picked":["Crescendo","WaveOfTheHand","Adaptation"],"picked":"CutThroughFate","floor":28},{"not_picked":["FlurryOfBlows+1","BowlingBash","Consecrate"],"picked":"EmptyMind+1","floor":32},{"not_picked":["ConjureBlade+1","Vault+1","Brilliance"],"picked":"Wish+1","floor":33},{"not_picked":["Scrawl+1","Swivel+1","CutThroughFate"],"picked":"Sanctity+1","floor":39},{"not_picked":["FollowUp","SashWhip","Conclude"],"picked":"Vengeance+1","floor":40},{"not_picked":["WheelKick","Fasting2+1","InnerPeace+1"],"picked":"Halt+1","floor":45},{"not_picked":["Evaluate+1","Vault+1","Worship+1"],"picked":"LessonLearned","floor":46}],"player_experience":58275,"relics_obtained":[{"floor":1,"key":"PreservedInsect"},{"floor":4,"key":"Question Card"},{"floor":5,"key":"Dream Catcher"},{"floor":7,"key":"White Beast Statue"},{"floor":9,"key":"Vajra"},{"floor":10,"key":"Toy Ornithopter"},{"floor":12,"key":"Blue Candle"},{"floor":13,"key":"InkBottle"},{"floor":14,"key":"Singing Bowl"},{"floor":18,"key":"Old Coin"},{"floor":20,"key":"Centennial Puzzle"},{"floor":24,"key":"Pantograph"},{"floor":26,"key":"HornCleat"},{"floor":28,"key":"Yang"},{"floor":30,"key":"Juzu Bracelet"},{"floor":35,"key":"Art of War"},{"floor":36,"key":"Darkstone Periapt"},{"floor":39,"key":"Shovel"},{"floor":40,"key":"Shuriken"},{"floor":41,"key":"Bronze Scales"},{"floor":43,"key":"Boot"},{"floor":44,"key":"Bag of Marbles"},{"floor":45,"key":"FossilizedHelix"},{"floor":46,"key":"Akabeko"},{"floor":48,"key":"Bag of Preparation"}],"event_choices":[{"damage_healed":0,"gold_gain":0,"player_choice":"Success","damage_taken":7,"relics_obtained":["Gambling Chip"],"max_hp_gain":0,"max_hp_loss":0,"event_name":"Scrap Ooze","floor":3,"gold_loss":0},{"damage_healed":0,"gold_gain":0,"player_choice":"Traded Relic","damage_taken":0,"relics_obtained":["Nloth\u0027s Gift"],"max_hp_gain":0,"max_hp_loss":0,"event_name":"N\u0027loth","floor":19,"relics_lost":["Blue Candle"],"gold_loss":0},{"damage_healed":0,"gold_gain":0,"player_choice":"Read","damage_taken":0,"max_hp_gain":0,"max_hp_loss":0,"event_name":"The Library","floor":21,"gold_loss":0,"cards_obtained":["ThirdEye"]},{"damage_healed":0,"gold_gain":100,"player_choice":"Pray","damage_taken":0,"max_hp_gain":0,"max_hp_loss":0,"event_name":"Golden Shrine","floor":22,"gold_loss":0},{"damage_healed":0,"gold_gain":0,"player_choice":"Ignored","damage_taken":0,"max_hp_gain":0,"max_hp_loss":0,"event_name":"The Mausoleum","floor":31,"gold_loss":0},{"cards_removed":["Wish"],"damage_healed":0,"gold_gain":0,"player_choice":"Removed Skill","damage_taken":0,"max_hp_gain":0,"max_hp_loss":0,"event_name":"Falling","floor":38,"gold_loss":0},{"damage_healed":0,"gold_gain":0,"player_choice":"Fight","damage_taken":0,"max_hp_gain":0,"max_hp_loss":0,"event_name":"MindBloom","floor":39,"gold_loss":0},{"damage_healed":0,"gold_gain":0,"player_choice":"Fight","damage_taken":0,"max_hp_gain":0,"max_hp_loss":0,"event_name":"Mysterious Sphere","floor":45,"gold_loss":0},{"damage_healed":0,"gold_gain":0,"player_choice":"Ignored","damage_taken":0,"max_hp_gain":0,"max_hp_loss":0,"event_name":"Tomb of Lord Red Mask","floor":47,"gold_loss":0}],"is_beta":false,"boss_relics":[{"not_picked":["Sozu","Calling Bell"],"picked":"Pandora\u0027s Box"},{"not_picked":["Runic Pyramid","Velvet Choker"],"picked":"HolyWater"}],"items_purged_floors":[],"is_endless":false,"potions_floor_spawned":[5,10,12,13,14,16,18,20,24,28,30,33,35,36,39,40,41,44,45,46,48],"ascension_level":0}}