{"host":"raaimkojny05jekw","time":1609903695,"event":{"mods":["AchievementEnabler","BaseMod","Colored Map","Colored Powertips","DeckTracker","Minty Spire (QoL Compilation)","Quick Restart","Rare Cards Sparkle","everything is the same but u backflip on backflip"],"gold_per_floor":[113,125,25,43,43,43,70,88,88,88,102,112,112,122,122,194,194,214,264,110,25,0,0,0,0],"floor_reached":24,"playtime":690,"items_purged":["Strike_G"],"score":392,"play_id":"97e28c14-de60-4e6b-96ea-fdaa68fd0f7a","local_time":"20210106122815","is_ascension_mode":true,"campfire_choices":[{"data":"Crippling Poison","floor":6,"key":"SMITH"},{"data":"Catalyst","floor":10,"key":"SMITH"},{"data":"Neutralize","floor":13,"key":"SMITH"},{"data":"Bouncing Flask","floor":15,"key":"SMITH"},{"data":"Corpse Explosion","floor":23,"key":"SMITH"}],"circlet_count":0,"master_deck":["AscendersBane","Strike_G","Defend_G","Defend_G","Defend_G","Defend_G","Defend_G","Survivor","Neutralize+1","Poisoned Stab","Crippling Poison+1","Bane","Bandage Up","Cloak And Dagger","Catalyst+1","Acrobatics","Blur","Bouncing Flask+1","Deadly Poison","Corpse Explosion+1","Storm of Steel+1","Calculated Gamble+1","PiercingWail+1","Crippling Poison","Footwork"],"relics":["Ring of the Snake","GremlinMask","Matryoshka","Ornamental Fan","InkBottle","Astrolabe","Boot"],"acts_visited":["Exordium","TheCity"],"potions_floor_usage":[7,7,24,24],"damage_taken":[{"damage":1,"enemies":"Jaw Worm","floor":1,"turns":3},{"damage":3,"enemies":"Cultist","floor":2,"turns":4},{"damage":11,"enemies":"2 Louse","floor":4,"turns":3},{"damage":6,"enemies":"Lagavulin","floor":7,"turns":5},{"damage":5,"enemies":"Looter","floor":8,"turns":4},{"damage":3,"enemies":"2 Fungi Beasts","floor":11,"turns":3},{"damage":4,"enemies":"Blue Slaver","floor":12,"turns":3},{"damage":11,"enemies":"Large Slime","floor":14,"turns":9},{"damage":23,"enemies":"Hexaghost","floor":16,"turns":6},{"damage":0,"enemies":"Chosen","floor":18,"turns":3},{"damage":75,"enemies":"Slavers","floor":24,"turns":3}],"seed_played":"9154129209466536496","potions_obtained":[{"floor":1,"key":"SkillPotion"},{"floor":2,"key":"EssenceOfSteel"},{"floor":7,"key":"CultistPotion"},{"floor":18,"key":"Weak Potion"}],"is_trial":false,"path_per_floor":["M","M","$","M","?","R","E","M","T","R","M","M","R","M","R","B",null,"M","?","$","?","?","R","E"],"character_chosen":"THE_SILENT","items_purchased":["Bandage Up","Footwork"],"campfire_rested":0,"item_purchase_floors":[3,20],"current_hp_per_floor":[58,55,55,48,48,48,46,45,45,45,46,46,46,39,39,20,55,59,59,59,59,59,59,0,0],"gold":0,"neow_bonus":"THREE_CARDS","is_daily":false,"chose_seed":false,"campfire_upgraded":5,"win_rate":0.0,"timestamp":1609903695,"path_taken":["M","M","$","M","?","R","E","M","T","R","M","?","R","M","R","BOSS","M","?","$","?","?","R","E"],"items_purchased_type":["Card","Card"],"build_version":"2020-12-22","purchased_purges":1,"victory":false,"max_hp_per_floor":[66,66,66,66,66,66,66,66,66,66,66,66,66,66,66,66,66,66,66,66,66,66,66,66,66],"card_choices":[{"not_picked":["Sucker Punch","Deflect"],"picked":"Poisoned Stab","floor":0},{"not_picked":["Catalyst","Backflip"],"picked":"Crippling Poison","floor":1},{"not_picked":["Predator","Backflip"],"picked":"Bane","floor":2},{"not_picked":["Prepared","Dagger Throw"],"picked":"Cloak And Dagger","floor":4},{"not_picked":["Prepared","Dash"],"picked":"Catalyst","floor":7},{"not_picked":["Poisoned Stab","Finisher"],"picked":"Acrobatics","floor":8},{"not_picked":["PiercingWail","Acrobatics"],"picked":"Blur","floor":11},{"not_picked":["Unload","Prepared"],"picked":"Bouncing Flask","floor":12},{"not_picked":["Eviscerate","Accuracy"],"picked":"Deadly Poison","floor":14},{"not_picked":["Phantasmal Killer","A Thousand Cuts"],"picked":"Corpse Explosion","floor":16},{"not_picked":["Outmaneuver","Heel Hook"],"picked":"Crippling Poison","floor":18}],"player_experience":716629,"relics_obtained":[{"floor":7,"key":"Matryoshka"},{"floor":9,"key":"Ornamental Fan"},{"floor":9,"key":"InkBottle"}],"event_choices":[{"damage_healed":0,"gold_gain":0,"player_choice":"Trade","damage_taken":0,"relics_obtained":["GremlinMask"],"max_hp_gain":0,"max_hp_loss":0,"event_name":"FaceTrader","floor":5,"gold_loss":0},{"damage_healed":0,"gold_gain":50,"player_choice":"Stole From Cult","damage_taken":0,"max_hp_gain":0,"max_hp_loss":0,"event_name":"Nest","floor":19,"gold_loss":0},{"damage_healed":0,"gold_gain":0,"player_choice":"Obtained Relic","damage_taken":0,"relics_obtained":["Boot"],"max_hp_gain":0,"max_hp_loss":0,"event_name":"Addict","floor":21,"gold_loss":85},{"damage_healed":0,"gold_gain":0,"player_choice":"Paid Fearfully","damage_taken":0,"max_hp_gain":0,"max_hp_loss":0,"event_name":"Masked Bandits","floor":22,"gold_loss":25}],"is_beta":false,"boss_relics":[{"not_picked":["SlaversCollar","Runic Pyramid"],"picked":"Astrolabe"}],"items_purged_floors":[20],"is_endless":false,"potions_floor_spawned":[1,2,7,18],"killed_by":"Slavers","ascension_level":20}}