{"host":"6gnv7me3tk2udb7q","time":1609945043,"event":{"mods":["BaseMod","Bestiary","Colored Map","Minty Spire (QoL Compilation)"],"gold_per_floor":[167,117,133,4,19,19,48,67,149,324,349,369,369,395,395,500,500,514,526,526,543,27,27,27],"floor_reached":23,"playtime":1125,"items_purged":["Zap"],"score":294,"play_id":"33669848-b136-4a05-9b77-f5da96c658e0","local_time":"20210106095723","is_ascension_mode":true,"campfire_choices":[{"data":"Reprogram","floor":6.0,"key":"SMITH"},{"data":"FTL","floor":13.0,"key":"SMITH"},{"floor":15.0,"key":"REST"}],"circlet_count":0,"master_deck":["Strike_B","Strike_B","Strike_B","Strike_B+1","Defend_B","Defend_B","Defend_B","Defend_B","Reprogram+1","Beam Cell","Conserve Battery","Sweeping Beam","Steam","FTL+1","Conserve Battery","Sweeping Beam","Rebound","Go for the Eyes","Amplify","Heatsinks+1","Leap+1","Hello World","Hyperbeam","Bandage Up","Heatsinks"],"relics":["Tiny House","Emotion Chip","Bottled Flame","Vajra","Bronze Scales","SlaversCollar","Spirit Poop","White Beast Statue"],"acts_visited":["Exordium","TheCity"],"potions_floor_usage":[23,23],"damage_taken":[{"damage":10.0,"enemies":"Small Slimes","floor":1.0,"turns":3.0},{"damage":3.0,"enemies":"2 Louse","floor":3.0,"turns":3.0},{"damage":3.0,"enemies":"Cultist","floor":5.0,"turns":4.0},{"damage":3.0,"enemies":"3 Sentries","floor":7.0,"turns":5.0},{"damage":0.0,"enemies":"2 Fungi Beasts","floor":8.0,"turns":3.0},{"damage":2.0,"enemies":"Lagavulin","floor":11.0,"turns":8.0},{"damage":27.0,"enemies":"Large Slime","floor":12.0,"turns":8.0},{"damage":21.0,"enemies":"3 Sentries","floor":14.0,"turns":6.0},{"damage":17.0,"enemies":"Hexaghost","floor":16.0,"turns":10.0},{"damage":9.0,"enemies":"Chosen","floor":18.0,"turns":6.0},{"damage":2.0,"enemies":"Shell Parasite","floor":19.0,"turns":7.0},{"damage":41.0,"enemies":"3 Cultists","floor":21.0,"turns":5.0},{"damage":23,"enemies":"Slavers","floor":23,"turns":3}],"seed_played":"-1364576738935546213","potions_obtained":[{"floor":0.0,"key":"SteroidPotion"},{"floor":1.0,"key":"SteroidPotion"},{"floor":5.0,"key":"SteroidPotion"},{"floor":7.0,"key":"FocusPotion"},{"floor":16.0,"key":"Dexterity Potion"},{"floor":18.0,"key":"CultistPotion"},{"floor":21.0,"key":"PowerPotion"}],"is_trial":false,"path_per_floor":["M","?","M","$","M","R","E","M","T","?","E","M","R","E","R","B",null,"M","M","?","M","$","E"],"character_chosen":"DEFECT","items_purchased":["Sweeping Beam","White Beast Statue","Hyperbeam","Bandage Up","Heatsinks"],"campfire_rested":1,"item_purchase_floors":[4,22,22,22,22],"current_hp_per_floor":[63,63,60,60,57,57,54,54,54,54,52,25,25,4,28,11,63,54,52,52,11,11,0,0],"gold":27,"neow_bonus":"BOSS_RELIC","is_daily":false,"chose_seed":false,"campfire_upgraded":2,"win_rate":0.0,"timestamp":1609945043,"path_taken":["M","?","M","$","M","R","E","M","T","?","E","M","R","E","R","BOSS","M","M","?","?","$","E"],"items_purchased_type":["Card","Relic","Card","Card","Card"],"build_version":"2020-12-22","purchased_purges":1,"victory":false,"max_hp_per_floor":[80,80,80,80,80,80,80,80,80,80,80,80,80,80,80,80,80,80,80,80,80,80,80,80],"card_choices":[{"not_picked":["Static Discharge","Self Repair"],"picked":"Reprogram","floor":0.0},{"not_picked":["Ball Lightning","Auto Shields"],"picked":"Beam Cell","floor":1.0},{"not_picked":["Tempest","Leap"],"picked":"Conserve Battery","floor":3.0},{"not_picked":["Redo","Ball Lightning"],"picked":"Steam","floor":5.0},{"not_picked":["Chaos","Glacier"],"picked":"FTL","floor":7.0},{"not_picked":["Beam Cell","Blizzard"],"picked":"Conserve Battery","floor":8.0},{"not_picked":["Leap","Steam Power"],"picked":"Sweeping Beam","floor":11.0},{"not_picked":["Coolheaded","Cold Snap"],"picked":"Rebound","floor":12.0},{"not_picked":["Coolheaded","Leap"],"picked":"Go for the Eyes","floor":14.0},{"not_picked":["Electrodynamics","Multi-Cast"],"picked":"Amplify","floor":16.0},{"not_picked":["BootSequence+1","Beam Cell+1"],"picked":"Heatsinks+1","floor":18.0},{"not_picked":["Compile Driver","Streamline"],"picked":"Leap+1","floor":19.0},{"not_picked":["Conserve Battery","Ball Lightning+1"],"picked":"Hello World","floor":21.0}],"player_experience":610207,"relics_obtained":[{"floor":7.0,"key":"Emotion Chip"},{"floor":9.0,"key":"Bottled Flame"},{"floor":11.0,"key":"Vajra"},{"floor":14.0,"key":"Bronze Scales"}],"event_choices":[{"cards_removed":["Dualcast"],"damage_healed":0.0,"max_hp_gain":0.0,"max_hp_loss":0.0,"gold_gain":0.0,"event_name":"The Cleric","player_choice":"Card Removal","floor":2.0,"gold_loss":50.0,"damage_taken":0.0},{"damage_healed":0.0,"max_hp_gain":0.0,"max_hp_loss":0.0,"gold_gain":175.0,"event_name":"Liars Game","player_choice":"AGREE","floor":10.0,"gold_loss":0.0,"damage_taken":0.0,"cards_obtained":["Doubt"]},{"cards_removed":["Doubt"],"damage_healed":0.0,"max_hp_gain":0.0,"max_hp_loss":0.0,"gold_gain":0.0,"event_name":"Bonfire Elementals","player_choice":"Offered Curse","floor":20.0,"gold_loss":0.0,"damage_taken":0.0,"relics_obtained":["Spirit Poop"]}],"is_beta":false,"boss_relics":[{"not_picked":["Velvet Choker","Runic Dome"],"picked":"SlaversCollar"}],"items_purged_floors":[4],"is_endless":false,"potions_floor_spawned":[1,5,7,16,18,21],"killed_by":"Slavers","ascension_level":8}}