{"host":"sl4rf9j4s63ev6os","time":1609906852,"event":{"mods":["AchievementEnabler","BaseMod","Colored Map","Colored Powertips","DeckTracker","Minty Spire (QoL Compilation)","Relic Sorter"],"gold_per_floor":[368,381,392,9,9,9,9,184,233,233,252,266,298,308,308,308,308],"floor_reached":16,"playtime":815,"items_purged":["Defend_P"],"score":102,"play_id":"0321c584-4c18-4023-a7db-ea92497e7727","local_time":"20210106142052","is_ascension_mode":false,"campfire_choices":[{"data":"Strike_P","floor":6,"key":"PURGE"},{"data":"FlurryOfBlows","floor":10,"key":"SMITH"},{"data":"BattleHymn","floor":15,"key":"SMITH"}],"circlet_count":0,"master_deck":["Strike_P","Strike_P","Strike_P","Defend_P","Defend_P","Defend_P","Eruption+1","Vigilance+1","ClearTheMind","FlurryOfBlows+1","Doubt","Crescendo","BattleHymn+1","EmptyBody"],"relics":["PureWater","Peace Pipe","Ancient Tea Set","Bottled Flame"],"acts_visited":["Exordium"],"potions_floor_usage":[11,16],"damage_taken":[{"damage":0,"enemies":"Cultist","floor":1,"turns":2},{"damage":0,"enemies":"Jaw Worm","floor":2,"turns":4},{"damage":0,"enemies":"2 Louse","floor":3,"turns":2},{"damage":0,"enemies":"Exordium Wildlife","floor":11,"turns":3},{"damage":7,"enemies":"3 Louse","floor":12,"turns":3},{"damage":21,"enemies":"Lagavulin","floor":13,"turns":6},{"damage":0,"enemies":"Exordium Thugs","floor":14,"turns":2},{"damage":23,"enemies":"Slime Boss","floor":16,"turns":3}],"seed_played":"2790429958467451657","potions_obtained":[{"floor":2,"key":"EssenceOfSteel"},{"floor":11,"key":"SmokeBomb"},{"floor":12,"key":"CultistPotion"}],"is_trial":false,"path_per_floor":["M","M","M","$","T","R","?","?","T","R","M","M","E","M","R","B"],"character_chosen":"WATCHER","items_purchased":["Peace Pipe"],"campfire_rested":0,"item_purchase_floors":[4],"current_hp_per_floor":[51,51,51,51,51,51,37,37,37,37,37,30,9,9,9,0,0],"gold":308,"neow_bonus":"TWO_FIFTY_GOLD","is_daily":false,"chose_seed":false,"campfire_upgraded":2,"win_rate":0.0,"timestamp":1609906852,"path_taken":["M","M","M","$","?","R","?","?","T","R","?","M","E","M","R","BOSS"],"items_purchased_type":["Relic"],"build_version":"2020-12-22","purchased_purges":1,"victory":false,"max_hp_per_floor":[72,72,72,72,72,72,72,72,72,72,72,72,72,72,72,72,72],"card_choices":[{"not_picked":["CutThroughFate","Prostrate"],"picked":"ClearTheMind","floor":1},{"not_picked":["Crescendo","ClearTheMind"],"picked":"FlurryOfBlows","floor":2},{"not_picked":["Tantrum","SashWhip","CutThroughFate"],"picked":"SKIP","floor":3},{"not_picked":["WindmillStrike","EmptyFist","ThirdEye"],"picked":"SKIP","floor":11},{"not_picked":["Omniscience","BowlingBash"],"picked":"Crescendo","floor":12},{"not_picked":["Consecrate","FollowUp"],"picked":"BattleHymn","floor":13},{"not_picked":["Weave","Protect"],"picked":"EmptyBody","floor":14}],"player_experience":184243,"relics_obtained":[{"floor":9,"key":"Ancient Tea Set"},{"floor":13,"key":"Bottled Flame"}],"event_choices":[{"damage_healed":0,"gold_gain":0,"player_choice":"Entered Light","damage_taken":14,"max_hp_gain":0,"max_hp_loss":0,"event_name":"Shining Light","floor":7,"gold_loss":0,"cards_upgraded":["Vigilance","Eruption"]},{"damage_healed":0,"gold_gain":175,"player_choice":"AGREE","damage_taken":0,"max_hp_gain":0,"max_hp_loss":0,"event_name":"Liars Game","floor":8,"gold_loss":0,"cards_obtained":["Doubt"]}],"is_beta":false,"boss_relics":[],"items_purged_floors":[4],"is_endless":false,"potions_floor_spawned":[2,11,12],"killed_by":"Slime Boss","ascension_level":0}}