{"host":"byfc0n0a1d7t61kp","time":1609945699,"event":{"mods":["BaseMod","Bestiary","Better Third Choice","BetterRewards","Colored Powertips","Conspire","Curses Come First","Downfall","Evolution","Hubris","Infinite Spire","Minty Spire (QoL Compilation)","Quick Restart","Replay The Spire","Shop Mod","Spicy Shops","StSLib","Synergy Search"],"gold_per_floor":[111,131,131,154,165,200,200,104,156,156,178,202,243,277,286,391,391,421,470,507,507,544,553,553,553],"floor_reached":24,"playtime":2398,"items_purged":[],"score":441,"play_id":"114494bf-b73e-44a1-94c5-a1888e6db182","local_time":"20210106160819","is_ascension_mode":true,"campfire_choices":[{"data":"Chrysalis","floor":10.0,"key":"SMITH"},{"floor":15.0,"key":"REST"},{"floor":23.0,"key":"REST"}],"circlet_count":0,"master_deck":["Strike_B","Strike_B","Strike_B","Strike_B","Defend_B","Defend_B","Defend_B","Defend_B","Zap","Dualcast","Stack","Go for the Eyes","Genetic Algorithm","White Noise","Auto Shields","Hologram","Undo","Burn","Hello World","Ball Lightning","Chrysalis+1","expansioncontent:SuperHexaguard","Replay:Parry","Doom and Gloom","Conserve Battery","Gash","Electrodynamics","Conserve Battery","Streamline","Redo+1","Conserve Battery","ReplayTheSpireMod:Splinters","Double Energy","Hologram+1","FTL","Auto Shields+1","Loop+1","Hologram"],"relics":["Cracked Core","EVO:Axolotl","White Beast Statue","Strange Spoon","hubris:Potato","Orrery","Happy Flower","CeramicFish","ReplayTheSpireMod:ShopPack","Dream Catcher","Nunchaku","Prayer Wheel","Inserter","hubris:Icosahedron"],"acts_visited":["Exordium","TheCity"],"potions_floor_usage":[],"damage_taken":[{"damage":7.0,"enemies":"2 Louse","floor":1.0,"turns":4.0},{"damage":0.0,"enemies":"Jaw Worm","floor":2.0,"turns":5.0},{"damage":0.0,"enemies":"Cultist","floor":5.0,"turns":4.0},{"damage":19.0,"enemies":"Replay:BlueRogue","floor":6.0,"turns":7.0},{"damage":17.0,"enemies":"Lots of Slimes","floor":11.0,"turns":2.0},{"damage":0.0,"enemies":"Looter","floor":12.0,"turns":4.0},{"damage":7.0,"enemies":"Gremlin Nob","floor":13.0,"turns":4.0},{"damage":0.0,"enemies":"Large Slime","floor":14.0,"turns":5.0},{"damage":8.0,"enemies":"Fading Forest","floor":16.0,"turns":11.0},{"damage":15.0,"enemies":"conspire:FuzzyDice","floor":18.0,"turns":5.0},{"damage":0.0,"enemies":"Shell Parasite","floor":20.0,"turns":6.0},{"damage":28.0,"enemies":"Shelled Parasite and Fungi","floor":22.0,"turns":6.0},{"damage":49,"enemies":"3 Cultists","floor":24,"turns":5}],"seed_played":"-788100502628202011","potions_obtained":[{"floor":1.0,"key":"Elixir"},{"floor":2.0,"key":"Adrenaline Potion"},{"floor":5.0,"key":"LiquidBronze"},{"floor":6.0,"key":"sneckomod:MuddlingPotion"},{"floor":7.0,"key":"EssenceOfDarkness"},{"floor":12.0,"key":"Guardian:BlockOnCardUsePotion"},{"floor":18.0,"key":"Venom Potion"},{"floor":19.0,"key":"PowerPotion"},{"floor":19.0,"key":"hexamod:EctoCoolerPotion"},{"floor":22.0,"key":"BlessingOfTheForge"}],"is_trial":false,"path_per_floor":["M","M","?","T","M","E","?","$","T","R","M","M","E","M","R","B",null,"M","?","M","?","M","R","M"],"character_chosen":"DEFECT","items_purchased":["White Beast Statue","Strange Spoon","hubris:Potato","Orrery","ReplayTheSpireMod:ShopPack"],"campfire_rested":2,"item_purchase_floors":[0,0,0,0,8],"current_hp_per_floor":[61,61,61,61,61,42,42,42,42,42,25,25,18,18,40,32,64,49,49,49,49,21,43,0,0],"gold":553,"neow_bonus":"","is_daily":false,"chose_seed":false,"campfire_upgraded":1,"win_rate":0.0,"timestamp":1609945699,"path_taken":["M","M","?","?","M","E","?","$","T","R","?","M","E","?","R","BOSS","M","?","?","?","M","R","M"],"items_purchased_type":["Relic","Relic","Relic","Relic","Relic"],"build_version":"2020-12-22","purchased_purges":0,"victory":false,"max_hp_per_floor":[75,75,75,75,75,75,75,75,75,75,75,75,75,75,75,75,75,75,75,75,75,75,75,75,75],"card_choices":[{"not_picked":["Multi-Cast","BasicCrystalCard"],"picked":"Stack","floor":0.0},{"not_picked":["Steam","Compile Driver"],"picked":"Go for the Eyes","floor":0.0},{"not_picked":["Streamline","Barrage"],"picked":"Genetic Algorithm","floor":0.0},{"not_picked":["Streamline","hubris:PowerSurge"],"picked":"White Noise","floor":0.0},{"not_picked":["Beam Cell","Compile Driver"],"picked":"Auto Shields","floor":0.0},{"not_picked":["Chill","Reboot"],"picked":"Hologram","floor":1.0},{"not_picked":["Sweeping Beam","Genetic Algorithm"],"picked":"Undo","floor":2.0},{"not_picked":["Go for the Eyes","Aggregate"],"picked":"Hello World","floor":5.0},{"not_picked":["ReplayGash","BasicCrystalCard"],"picked":"Ball Lightning","floor":6.0},{"not_picked":["Sadistic Nature","ReplayTheSpireMod:Necrogeddon"],"picked":"Chrysalis","floor":8.0},{"not_picked":["ReplayUltimateDefense","PanicButton"],"picked":"expansioncontent:SuperHexaguard","floor":8.0},{"not_picked":["expansioncontent:ChargeUp","expansioncontent:LastStand"],"picked":"Replay:Parry","floor":8.0},{"not_picked":["Sweeping Beam","Go for the Eyes"],"picked":"Doom and Gloom","floor":11.0},{"not_picked":["Hologram","Meteor Strike"],"picked":"Conserve Battery","floor":12.0},{"not_picked":["Beam Cell","Leap"],"picked":"Gash","floor":13.0},{"not_picked":["Leap","Fusion"],"picked":"Electrodynamics","floor":14.0},{"not_picked":["Compile Driver","Rip and Tear"],"picked":"Conserve Battery","floor":14.0},{"not_picked":["hubris:Ukulele","Cold Snap"],"picked":"Streamline","floor":15.0},{"not_picked":["ReplayTheSpireMod:GoodbyeWorld","Tempest"],"picked":"Redo+1","floor":18.0},{"not_picked":["Compile Driver","ReplayTheSpireMod:Reroute Power+1"],"picked":"Conserve Battery","floor":18.0},{"not_picked":["Sunder+1","Stack"],"picked":"Double Energy","floor":19.0},{"not_picked":["ReplayTheSpireMod:GoodbyeWorld+1","Stack"],"picked":"Hologram+1","floor":20.0},{"not_picked":["Redo","Reprogram+1"],"picked":"FTL","floor":20.0},{"not_picked":["Coolheaded","Stack"],"picked":"Auto Shields+1","floor":22.0},{"not_picked":["Go for the Eyes","All For One"],"picked":"Loop+1","floor":22.0},{"not_picked":["Glacier","ReplayTheSpireMod:GoodbyeWorld"],"picked":"Hologram","floor":23.0}],"player_experience":346182,"relics_obtained":[{"floor":4.0,"key":"Happy Flower"},{"floor":6.0,"key":"CeramicFish"},{"floor":9.0,"key":"Dream Catcher"},{"floor":13.0,"key":"Nunchaku"}],"event_choices":[{"damage_healed":61.0,"max_hp_gain":0.0,"max_hp_loss":75.0,"gold_gain":0.0,"event_name":"betterThird:BetterShining","player_choice":"Embrace Burn","floor":3.0,"gold_loss":0.0,"damage_taken":0.0},{"damage_healed":0.0,"max_hp_gain":0.0,"max_hp_loss":0.0,"gold_gain":0.0,"event_name":"Lab","player_choice":"Got Potions","floor":7.0,"gold_loss":0.0,"damage_taken":0.0}],"is_beta":false,"boss_relics":[{"not_picked":["Cursed Key","hubris:TerracottaHorce"],"picked":"Inserter"}],"items_purged_floors":[],"is_endless":false,"potions_floor_spawned":[1,2,5,6,11,12,13,14,16,18,20,22],"killed_by":"3 Cultists","ascension_level":7}}