{"host":"kig4ty9d1aubg29s","time":1609942731,"event":{"mods":["BaseMod","Minty Spire (QoL Compilation)","READ ME - Guardian Mod","READ ME - Snecko Mod","StSLib","The Cursed","The Gatherer","The Hierophant","The Runesmith"],"gold_per_floor":[18,18,29,45,45,45,62,62,62,87,87,12,26,26,26,102,102,117,148,158,158,173,173,203,203,256,256,256,276,290,303,303,374,374,390,410,35,35,48,73,103,103,103,115,115,132,159,33,33,33,33],"floor_reached":50,"playtime":2309,"items_purged":["Pain","Regret"],"score":1069,"play_id":"ddcef05d-eed0-4775-bc22-5c4b0eb11da7","local_time":"20210106231851","is_ascension_mode":true,"campfire_choices":[{"data":"Zap","floor":6.0,"key":"SMITH"},{"data":"Static Discharge","floor":8.0,"key":"SMITH"},{"floor":11.0,"key":"REST"},{"data":"Sunder","floor":15.0,"key":"SMITH"},{"floor":23.0,"key":"REST"},{"floor":25.0,"key":"REST"},{"data":"Thunder Strike","floor":27.0,"key":"SMITH"},{"data":"Double Energy","floor":32.0,"key":"SMITH"},{"floor":42.0,"key":"REST"},{"data":"Static Discharge","floor":45,"key":"SMITH"},{"floor":49,"key":"REST"}],"circlet_count":0,"master_deck":["AscendersBane","Zap+1","Dualcast+1","Buffer+1","Self Repair","Redo","Chill","Static Discharge+1","Cold Snap","Sunder+1","Thunder Strike+1","Multi-Cast+1","Self Repair","Multi-Cast","Rebound","Consume","Fusion","Turbo","Heatsinks","Coolheaded","Aggregate","Defragment+1","Steam+1","Sweeping Beam+1","Static Discharge+1","Force Field","Double Energy+1","Electrodynamics","Conserve Battery","Compile Driver+1","Flash of Steel+1","Ball Lightning+1","Redo+1","Double Energy+1","Injury","Capacitor","Steam","Core Surge+1"],"relics":["Cracked Core","WarpedTongs","Happy Flower","Bottled Lightning","Bag of Marbles","Pandora\u0027s Box","Red Mask","Boot","Akabeko","Cursed Key","Molten Egg 2","TungstenRod","War Paint","The Courier","Omamori","HandDrill"],"acts_visited":["Exordium","TheCity","TheBeyond"],"potions_floor_usage":[50,50],"damage_taken":[{"damage":3.0,"enemies":"2 Louse","floor":1.0,"turns":3.0},{"damage":12.0,"enemies":"Cultist","floor":3.0,"turns":5.0},{"damage":3.0,"enemies":"Jaw Worm","floor":4.0,"turns":3.0},{"damage":10.0,"enemies":"Exordium Thugs","floor":7.0,"turns":6.0},{"damage":26.0,"enemies":"Gremlin Nob","floor":10.0,"turns":4.0},{"damage":0.0,"enemies":"2 Fungi Beasts","floor":13.0,"turns":3.0},{"damage":49.0,"enemies":"Slime Boss","floor":16.0,"turns":10.0},{"damage":10.0,"enemies":"Shell Parasite","floor":18.0,"turns":4.0},{"damage":41.0,"enemies":"Masked Bandits","floor":19.0,"turns":5.0},{"damage":22.0,"enemies":"Chosen","floor":20.0,"turns":5.0},{"damage":6.0,"enemies":"Centurion and Healer","floor":22.0,"turns":9.0},{"damage":43.0,"enemies":"Slavers","floor":24.0,"turns":7.0},{"damage":14.0,"enemies":"Sentry and Sphere","floor":29.0,"turns":6.0},{"damage":10.0,"enemies":"Chosen and Byrds","floor":30.0,"turns":5.0},{"damage":0.0,"enemies":"Snecko","floor":31.0,"turns":2.0},{"damage":40.0,"enemies":"Automaton","floor":33.0,"turns":9.0},{"damage":10.0,"enemies":"3 Shapes","floor":35.0,"turns":6.0},{"damage":6.0,"enemies":"Orb Walker","floor":36.0,"turns":3.0},{"damage":5.0,"enemies":"Sphere and 2 Shapes","floor":39.0,"turns":2.0},{"damage":13.0,"enemies":"Mind Bloom Boss Battle","floor":40.0,"turns":4.0},{"damage":41.0,"enemies":"Reptomancer","floor":41.0,"turns":4.0},{"damage":0,"enemies":"3 Darklings","floor":44,"turns":2},{"damage":33,"enemies":"Transient","floor":46,"turns":6},{"damage":21,"enemies":"Nemesis","floor":47,"turns":7},{"damage":91,"enemies":"Time Eater","floor":50,"turns":8}],"seed_played":"-6331979610846871030","potions_obtained":[{"floor":4.0,"key":"ColorlessPotion"},{"floor":10.0,"key":"Energy Potion"},{"floor":13.0,"key":"Block Potion"},{"floor":18.0,"key":"EssenceOfDarkness"},{"floor":20.0,"key":"FocusPotion"},{"floor":31.0,"key":"SkillPotion"},{"floor":35.0,"key":"Strength Potion"},{"floor":39.0,"key":"Swift Potion"},{"floor":46,"key":"Strength Potion"}],"is_trial":false,"path_per_floor":["M","?","M","M","?","R","M","R","T","E","R","$","M","?","R","B",null,"M","?","M","?","M","R","E","R","T","R","?","M","M","M","R","B",null,"M","M","$","?","M","?","E","R","T","M","R","M","E","$","R","B"],"character_chosen":"DEFECT","items_purchased":["Molten Egg 2","HandDrill"],"campfire_rested":5,"item_purchase_floors":[37,48],"current_hp_per_floor":[61,61,56,60,60,60,60,60,60,44,65,65,71,71,71,29,61,71,37,29,29,40,61,32,53,53,53,53,56,63,70,70,37,63,67,71,71,71,66,67,40,61,61,61,61,42,41,41,62,0,0],"gold":33,"neow_bonus":"THREE_RARE_CARDS","is_daily":false,"chose_seed":false,"campfire_upgraded":6,"win_rate":0.0,"timestamp":1609942731,"path_taken":["M","?","M","?","?","R","M","R","T","E","R","?","M","?","R","BOSS","M","?","M","?","?","R","E","R","T","R","?","M","M","M","R","BOSS","M","?","?","?","M","?","E","R","T","M","R","M","E","$","R","BOSS"],"items_purchased_type":["Relic","Relic"],"build_version":"2020-12-22","purchased_purges":2,"victory":false,"max_hp_per_floor":[71,71,71,71,71,71,71,71,71,71,71,71,71,71,71,71,71,71,71,71,71,71,71,71,71,71,71,71,71,71,71,71,71,71,71,71,71,71,71,71,71,71,71,71,71,71,71,71,71,71,71],"card_choices":[{"not_picked":["Amplify","Rainbow"],"picked":"Buffer","floor":0.0},{"not_picked":["Cold Snap","Blizzard"],"picked":"Self Repair","floor":1.0},{"not_picked":["Fusion","Blizzard"],"picked":"Redo","floor":3.0},{"not_picked":["Reprogram","Rebound"],"picked":"Chill","floor":4.0},{"not_picked":["Darkness","Barrage"],"picked":"Static Discharge","floor":7.0},{"not_picked":["Turbo","Reprogram"],"picked":"Cold Snap","floor":10.0},{"not_picked":["Steam","Go for the Eyes"],"picked":"Sunder","floor":13.0},{"not_picked":["Hyperbeam","Machine Learning"],"picked":"Thunder Strike","floor":16.0},{"not_picked":["Fusion+1","Reprogram"],"picked":"Heatsinks","floor":18.0},{"not_picked":["Skim","Steam"],"picked":"Coolheaded","floor":19.0},{"not_picked":["Consume","Double Energy"],"picked":"Aggregate","floor":20.0},{"not_picked":["Coolheaded","Streamline"],"picked":"Steam+1","floor":22.0},{"not_picked":["Turbo","Streamline"],"picked":"Sweeping Beam+1","floor":24.0},{"not_picked":["Coolheaded","Reinforced Body"],"picked":"Static Discharge","floor":29.0},{"not_picked":["Doom and Gloom","Conserve Battery"],"picked":"Force Field","floor":30.0},{"not_picked":["Hologram","Turbo"],"picked":"Double Energy","floor":31.0},{"not_picked":["Fission","Amplify"],"picked":"Electrodynamics","floor":33.0},{"not_picked":["Compile Driver","Rip and Tear"],"picked":"Conserve Battery","floor":35.0},{"not_picked":["Leap+1","Sweeping Beam"],"picked":"Compile Driver+1","floor":36.0},{"not_picked":["Jack Of All Trades","Discovery"],"picked":"Flash of Steel+1","floor":38.0},{"not_picked":["Rebound+1","Leap"],"picked":"Ball Lightning+1","floor":39.0},{"not_picked":["Compile Driver+1","Steam"],"picked":"Redo+1","floor":40.0},{"not_picked":["Hologram","Capacitor"],"picked":"Double Energy+1","floor":41.0},{"not_picked":["Beam Cell+1","Darkness"],"picked":"Capacitor","floor":44},{"not_picked":["Hologram","Steam Power"],"picked":"Steam","floor":46},{"not_picked":["Loop","Double Energy"],"picked":"Core Surge+1","floor":47}],"player_experience":1918334,"relics_obtained":[{"floor":9.0,"key":"Happy Flower"},{"floor":10.0,"key":"Bottled Lightning"},{"floor":19.0,"key":"Red Mask"},{"floor":24.0,"key":"Boot"},{"floor":26.0,"key":"Akabeko"},{"floor":40.0,"key":"TungstenRod"},{"floor":41.0,"key":"War Paint"},{"floor":43.0,"key":"The Courier"},{"floor":47,"key":"Omamori"}],"event_choices":[{"damage_healed":0.0,"max_hp_gain":0.0,"max_hp_loss":0.0,"gold_gain":0.0,"event_name":"Accursed Blacksmith","player_choice":"Rummage","floor":2.0,"gold_loss":0.0,"damage_taken":0.0,"relics_obtained":["WarpedTongs"],"cards_obtained":["Pain"]},{"damage_healed":0.0,"max_hp_gain":0.0,"max_hp_loss":0.0,"gold_gain":0.0,"event_name":"Upgrade Shrine","player_choice":"Upgraded","floor":5.0,"gold_loss":0.0,"damage_taken":0.0,"cards_upgraded":["Buffer"]},{"damage_healed":0.0,"max_hp_gain":0.0,"max_hp_loss":0.0,"gold_gain":0.0,"event_name":"Big Fish","player_choice":"Box","floor":14.0,"gold_loss":0.0,"damage_taken":0.0,"relics_obtained":["Bag of Marbles"],"cards_obtained":["Regret"]},{"damage_healed":0.0,"max_hp_gain":0.0,"max_hp_loss":0.0,"gold_gain":0.0,"event_name":"Masked Bandits","player_choice":"Fought Bandits","floor":19.0,"gold_loss":0.0,"damage_taken":0.0},{"damage_healed":0.0,"max_hp_gain":0.0,"max_hp_loss":0.0,"gold_gain":0.0,"cards_transformed":["Hello World"],"event_name":"Transmorgrifier","player_choice":"Transformed","floor":21.0,"gold_loss":0.0,"damage_taken":0.0,"cards_obtained":["Defragment"]},{"damage_healed":0.0,"max_hp_gain":0.0,"max_hp_loss":0.0,"gold_gain":0.0,"event_name":"Upgrade Shrine","player_choice":"Upgraded","floor":28.0,"gold_loss":0.0,"damage_taken":0.0,"cards_upgraded":["Defragment"]},{"damage_healed":0.0,"max_hp_gain":0.0,"max_hp_loss":0.0,"gold_gain":0.0,"event_name":"SensoryStone","player_choice":"Memory 1","floor":38.0,"gold_loss":0.0,"damage_taken":0.0},{"damage_healed":0.0,"max_hp_gain":0.0,"max_hp_loss":0.0,"gold_gain":0.0,"event_name":"MindBloom","player_choice":"Fight","floor":40.0,"gold_loss":0.0,"damage_taken":0.0}],"is_beta":false,"boss_relics":[{"not_picked":["Ectoplasm","Sozu"],"picked":"Pandora\u0027s Box"},{"not_picked":["SacredBark","FrozenCore"],"picked":"Cursed Key"}],"items_purged_floors":[12,37],"is_endless":false,"potions_floor_spawned":[4,10,13,18,20,22,31,35,39,46],"killed_by":"Time Eater","ascension_level":20}}