{"host":"udyc8f81k2jocuhg","time":1609949758,"event":{"mods":["2.2 Compatiblity","BaseMod","Better Third Choice","Colored Powertips","Conspire","Custom Start","GifTheSpireLib","Hermit","Minty Spire (QoL Compilation)","Permanent Neow","Quick Restart","Relic Filter","Relic Stats","Replay The Spire","Shop Mod","Spikes Relics","StSLib","Stuff the Spire"],"gold_per_floor":[112,125,136,151,164,164,197,212,235,235,235],"floor_reached":10,"playtime":516,"items_purged":[],"score":126,"play_id":"394f57a3-efb7-422d-876e-ca209f11aee4","local_time":"20210106171558","is_ascension_mode":true,"campfire_choices":[{"data":"Dagger Spray","floor":6.0,"key":"SMITH"}],"circlet_count":0,"master_deck":["AscendersBane","Strike_G","Strike_G","Strike_G","Strike_G","Strike_G","Defend_G","Defend_G","Defend_G","Defend_G","Defend_G","Survivor","Neutralize","Defend_B","Strike_R","StuffTheSpire:Sprint","Blade Dance","Cloak And Dagger","All Out Attack","Dagger Spray+1","Accuracy","Caltrops","Blade Dance"],"relics":["Ring of the Snake","Prayer Wheel","Akabeko","Omamori"],"acts_visited":["Exordium"],"potions_floor_usage":[10],"damage_taken":[{"damage":20.0,"enemies":"Jaw Worm","floor":1.0,"turns":9.0},{"damage":2.0,"enemies":"Cultist","floor":2.0,"turns":5.0},{"damage":0.0,"enemies":"2 Louse","floor":3.0,"turns":3.0},{"damage":1.0,"enemies":"Looter","floor":4.0,"turns":5.0},{"damage":20.0,"enemies":"Exordium Thugs","floor":5.0,"turns":6.0},{"damage":5.0,"enemies":"3 Sentries","floor":7.0,"turns":8.0},{"damage":0.0,"enemies":"Gremlin Gang","floor":8.0,"turns":1.0},{"damage":14,"enemies":"Lagavulin","floor":10,"turns":7}],"seed_played":"-6543450993177696225","potions_obtained":[{"floor":2.0,"key":"Fire Potion"},{"floor":5.0,"key":"Poison Potion"},{"floor":7.0,"key":"PowerPotion"}],"is_trial":false,"path_per_floor":["M","M","M","M","M","R","E","M","T","E"],"character_chosen":"THE_SILENT","items_purchased":[],"campfire_rested":0,"item_purchase_floors":[],"current_hp_per_floor":[39,37,37,36,16,16,11,11,11,0,0],"gold":235,"neow_bonus":"ONE_RARE_RELIC","is_daily":false,"chose_seed":false,"campfire_upgraded":1,"win_rate":0.0,"timestamp":1609949758,"path_taken":["M","M","M","M","M","R","E","M","T","E"],"items_purchased_type":[],"build_version":"2020-12-22","purchased_purges":0,"victory":false,"max_hp_per_floor":[66,66,66,66,66,66,66,66,66,66,66],"relic_stats":{"counters":[8,44],"Prayer Wheel":6,"obtain_stats":[{"Prayer Wheel":0,"Omamori":9,"Akabeko":7,"Ring of the Snake":0},{"Prayer Wheel":0,"Omamori":7,"Akabeko":6,"Ring of the Snake":0},{"Prayer Wheel":0,"Omamori":37,"Akabeko":36,"Ring of the Snake":0}],"Ring of the Snake":[16]},"card_choices":[{"not_picked":["conspire:PoisonWeapons","Backflip"],"picked":"StuffTheSpire:Sprint","floor":1.0},{"not_picked":["Outmaneuver","StuffTheSpire:Python","Sucker Punch"],"picked":"SKIP","floor":1.0},{"not_picked":["Flying Knee","StuffTheSpire:Python","StuffTheSpire:BumpUp"],"picked":"SKIP","floor":2.0},{"not_picked":["Outmaneuver","conspire:PoisonWeapons","Acrobatics"],"picked":"SKIP","floor":2.0},{"not_picked":["Quick Slash","Dagger Throw"],"picked":"Blade Dance","floor":3.0},{"not_picked":["Dagger Throw","Bouncing Flask","Hidden Blade"],"picked":"SKIP","floor":3.0},{"not_picked":["Tools of the Trade","Masterful Stab"],"picked":"Cloak And Dagger","floor":4.0},{"not_picked":["PiercingWail","Quick Slash"],"picked":"All Out Attack","floor":4.0},{"not_picked":["Dodge and Roll","Tactician"],"picked":"Dagger Spray","floor":5.0},{"not_picked":["Poisoned Stab","StuffTheSpire:ClusterCrunch","Crippling Poison"],"picked":"SKIP","floor":5.0},{"not_picked":["Malaise","Riddle With Holes"],"picked":"Accuracy","floor":7.0},{"not_picked":["Dagger Spray","Backflip"],"picked":"Caltrops","floor":8.0},{"not_picked":["Sucker Punch","Bane"],"picked":"Blade Dance","floor":8.0}],"player_experience":1946944,"relics_obtained":[{"floor":7.0,"key":"Akabeko"},{"floor":9.0,"key":"Omamori"}],"event_choices":[],"is_beta":false,"boss_relics":[],"items_purged_floors":[],"is_endless":false,"potions_floor_spawned":[2,5,7],"killed_by":"Lagavulin","ascension_level":15}}