{"host":"x3q4ieql2tr7v8o6","time":1609945673,"event":{"mods":["BaseMod","Better Altar","Better Note","Better Sensory Stone","Better Skull","Better Third Choice","Colored Map","Minty Spire (QoL Compilation)","StSLib"],"gold_per_floor":[116,116,126,126,136,136,165,165,165,184,201,215,232,256,256,331,331,350,400,400,400],"floor_reached":20,"playtime":634,"items_purged":[],"score":308,"play_id":"fe625295-fb49-4a6a-a891-1d6ec8947144","local_time":"20210106150753","is_ascension_mode":true,"campfire_choices":[{"data":"Underhanded Strike","floor":6,"key":"SMITH"},{"floor":8,"key":"REST"},{"floor":15,"key":"REST"}],"circlet_count":0,"master_deck":["AscendersBane","Strike_G","Strike_G","Strike_G","Strike_G","Strike_G","Defend_G","Defend_G","Defend_G","Defend_G","Defend_G","Survivor","Neutralize","Dagger Throw","Enlightenment","Heel Hook","Pain","Underhanded Strike+1","Leg Sweep","Poisoned Stab","Deadly Poison","Deadly Poison","Noxious Fumes","Phantasmal Killer","CurseOfTheBell","Choke"],"relics":["Ring of the Snake","Tiny Chest","WarpedTongs","Gremlin Horn","Meat on the Bone","Boot","Calling Bell","Pen Nib","Matryoshka","Shovel"],"acts_visited":["Exordium","TheCity"],"potions_floor_usage":[12,16,20],"damage_taken":[{"damage":6,"enemies":"Jaw Worm","floor":1,"turns":5},{"damage":3,"enemies":"Cultist","floor":3,"turns":4},{"damage":1,"enemies":"2 Louse","floor":5,"turns":2},{"damage":46,"enemies":"Lagavulin","floor":7,"turns":8},{"damage":9,"enemies":"Looter","floor":10,"turns":4},{"damage":4,"enemies":"Red Slaver","floor":11,"turns":4},{"damage":10,"enemies":"Blue Slaver","floor":12,"turns":5},{"damage":21,"enemies":"Exordium Thugs","floor":13,"turns":6},{"damage":15,"enemies":"Hexaghost","floor":16,"turns":8},{"damage":36,"enemies":"Shell Parasite","floor":18,"turns":6},{"damage":37,"enemies":"Spheric Guardian","floor":20,"turns":5}],"seed_played":"-1433413119215125133","potions_obtained":[{"floor":3,"key":"Energy Potion"},{"floor":10,"key":"CultistPotion"},{"floor":11,"key":"Regen Potion"},{"floor":12,"key":"LiquidBronze"},{"floor":18,"key":"AttackPotion"}],"is_trial":false,"path_per_floor":["M","?","M","?","M","R","E","R","T","M","M","M","M","T","R","B",null,"M","?","M"],"character_chosen":"THE_SILENT","items_purchased":[],"campfire_rested":2,"item_purchase_floors":[],"current_hp_per_floor":[53,53,50,50,49,49,3,22,22,25,33,37,28,28,47,44,61,37,37,0,0],"gold":400,"neow_bonus":"RANDOM_COMMON_RELIC","is_daily":false,"chose_seed":false,"campfire_upgraded":1,"win_rate":0.0,"timestamp":1609945673,"path_taken":["M","?","M","?","M","R","E","R","T","M","?","M","M","?","R","BOSS","M","?","M"],"items_purchased_type":[],"build_version":"2020-12-22","purchased_purges":0,"victory":false,"max_hp_per_floor":[66,66,66,66,66,66,66,66,66,66,66,66,66,66,66,66,66,66,66,66,66],"card_choices":[{"not_picked":["Deflect","Backflip"],"picked":"Dagger Throw","floor":1},{"not_picked":["Swift Strike","Secret Technique"],"picked":"Enlightenment","floor":2},{"not_picked":["Prepared","Deflect"],"picked":"Heel Hook","floor":3},{"not_picked":["Blur","Riddle With Holes"],"picked":"Underhanded Strike","floor":5},{"not_picked":["Dagger Throw","Prepared"],"picked":"Leg Sweep","floor":7},{"not_picked":["Accuracy","Phantasmal Killer"],"picked":"Poisoned Stab","floor":10},{"not_picked":["Deflect","Finisher"],"picked":"Deadly Poison","floor":11},{"not_picked":["Infinite Blades","Backflip"],"picked":"Deadly Poison","floor":12},{"not_picked":["Blur","Backflip"],"picked":"Noxious Fumes","floor":13},{"not_picked":["Unload","Tools of the Trade"],"picked":"Phantasmal Killer","floor":16},{"not_picked":["Slice+1","Underhanded Strike"],"picked":"Choke","floor":18}],"player_experience":699721,"relics_obtained":[{"floor":7,"key":"Gremlin Horn"},{"floor":9,"key":"Meat on the Bone"},{"floor":14,"key":"Boot"},{"floor":17,"key":"Pen Nib"},{"floor":17,"key":"Matryoshka"},{"floor":17,"key":"Shovel"}],"event_choices":[{"damage_healed":0,"gold_gain":1,"player_choice":"1","damage_taken":0,"max_hp_gain":0,"max_hp_loss":0,"event_name":"betterStone:BetterStone","floor":2,"gold_loss":0},{"damage_healed":0,"gold_gain":0,"player_choice":"Rummage","damage_taken":0,"relics_obtained":["WarpedTongs"],"max_hp_gain":0,"max_hp_loss":0,"event_name":"Accursed Blacksmith","floor":4,"gold_loss":0,"cards_obtained":["Pain"]},{"damage_healed":0,"gold_gain":100,"player_choice":"Bet on Murderer","damage_taken":0,"max_hp_gain":0,"max_hp_loss":0,"event_name":"The Joust","floor":19,"gold_loss":50}],"is_beta":false,"boss_relics":[{"not_picked":["Coffee Dripper","Empty Cage"],"picked":"Calling Bell"}],"items_purged_floors":[],"is_endless":false,"potions_floor_spawned":[3,10,11,12,18],"killed_by":"Spheric Guardian","ascension_level":15}}