{"host":"rolltorest","time":1609896315,"event":{"mods":["BaseMod","Minty Spire (QoL Compilation)","Relic Stats","Robot Space Explorer","Slay the Relics Exporter","StSLib"],"gold_per_floor":[117,130,130,150,167,201,201,231,254,254,274,274,274,14,14,140,140,156,172,172,172,186,221,221,241,287,312,237,280,280,315,315,315,315],"floor_reached":33,"playtime":1246,"items_purged":[],"score":488,"play_id":"33d44b7e-d321-4370-bef5-d37e9812f3cc","local_time":"20210105172515","is_ascension_mode":true,"campfire_choices":[{"data":"RobotSpaceExplorer:ShockMissile","floor":7,"key":"SMITH"},{"floor":13,"key":"REST"},{"data":"RobotSpaceExplorer:DoubleFind","floor":15,"key":"SMITH"},{"floor":24,"key":"REST"},{"floor":32,"key":"REST"}],"circlet_count":0,"master_deck":["AscendersBane","RobotSpaceExplorer:Strike+1","RobotSpaceExplorer:Strike+1","RobotSpaceExplorer:Strike+1","RobotSpaceExplorer:Defend+1","RobotSpaceExplorer:Defend+1","RobotSpaceExplorer:Defend+1","RobotSpaceExplorer:Defend+1","RobotSpaceExplorer:Scan","RobotSpaceExplorer:MiniLasers","RobotSpaceExplorer:GearShield","RobotSpaceExplorer:RigExplosive","RobotSpaceExplorer:SurgingStrike","RobotSpaceExplorer:FrostMissile","RobotSpaceExplorer:ShockMissile+1","RobotSpaceExplorer:DoubleFind+1","RobotSpaceExplorer:PowerCollector","RobotSpaceExplorer:SurgingShield","RobotSpaceExplorer:HighVoltage","RobotSpaceExplorer:DualCore+1","RobotSpaceExplorer:FrostMissile","RobotSpaceExplorer:Electroshield","RobotSpaceExplorer:TurboDodge","RobotSpaceExplorer:Electropulse"],"relics":["RobotSpaceExplorer:RoboCore","Oddly Smooth Stone","Gremlin Horn","Strawberry","Whetstone","Boot","Sundial","Golden Idol","OrangePellets","Snecko Eye","Question Card","Vajra","Happy Flower","Bag of Preparation"],"acts_visited":["Exordium","TheCity"],"potions_floor_usage":[6,6,6,8,11,16,16,19,19,19,23,27,29,33],"damage_taken":[{"damage":0,"enemies":"Jaw Worm","floor":1,"turns":5},{"damage":4,"enemies":"Cultist","floor":2,"turns":4},{"damage":0,"enemies":"Small Slimes","floor":4,"turns":3},{"damage":2,"enemies":"3 Louse","floor":5,"turns":3},{"damage":39,"enemies":"Lagavulin","floor":6,"turns":10},{"damage":10,"enemies":"3 Sentries","floor":8,"turns":6},{"damage":7,"enemies":"Blue Slaver","floor":11,"turns":2},{"damage":2,"enemies":"Slime Boss","floor":16,"turns":7},{"damage":0,"enemies":"Chosen","floor":18,"turns":3},{"damage":29,"enemies":"Shell Parasite","floor":19,"turns":10},{"damage":12,"enemies":"Snake Plant","floor":22,"turns":3},{"damage":6,"enemies":"Gremlin Leader","floor":23,"turns":5},{"damage":6,"enemies":"Snecko","floor":25,"turns":9},{"damage":4,"enemies":"Shelled Parasite and Fungi","floor":27,"turns":7},{"damage":13,"enemies":"Slavers","floor":29,"turns":4},{"damage":19,"enemies":"Gremlin Leader","floor":31,"turns":6},{"damage":31,"enemies":"Automaton","floor":33,"turns":8}],"seed_played":"-4331147753807814225","potions_obtained":[{"floor":1,"key":"LiquidBronze"},{"floor":5,"key":"SpeedPotion"},{"floor":6,"key":"Swift Potion"},{"floor":11,"key":"CultistPotion"},{"floor":16,"key":"Swift Potion"},{"floor":19,"key":"Strength Potion"},{"floor":23,"key":"BlessingOfTheForge"},{"floor":27,"key":"FairyPotion"}],"is_trial":false,"path_per_floor":["M","M","?","M","M","E","R","E","T","?","M","?","R","$","R","B",null,"M","M","?","?","M","E","R","M","T","M","?","E","?","E","R","B"],"character_chosen":"RobotSpaceExplorer","items_purchased":["OrangePellets","RobotSpaceExplorer:PowerCollector","RobotSpaceExplorer:SurgingShield"],"campfire_rested":3,"item_purchase_floors":[14,14,14],"current_hp_per_floor":[68,64,64,64,62,30,30,20,20,8,1,1,23,23,23,21,62,62,33,33,33,21,15,37,31,31,27,27,14,14,18,40,9,9],"gold":315,"neow_bonus":"RANDOM_COMMON_RELIC","is_daily":false,"chose_seed":false,"campfire_upgraded":2,"win_rate":0.0,"timestamp":1609896315,"path_taken":["M","M","?","M","?","E","R","E","T","?","M","?","R","$","R","BOSS","M","M","?","?","M","E","R","M","T","M","?","E","?","E","R","BOSS"],"items_purchased_type":["Relic","Card","Card"],"build_version":"2020-12-18","purchased_purges":0,"victory":false,"max_hp_per_floor":[75,75,75,75,75,82,82,82,82,82,82,76,76,76,76,76,76,76,76,76,76,76,76,76,76,76,76,76,76,76,76,76,76,76],"relic_stats":{"OrangePellets":[19],"Gremlin Horn":[20,22],"Happy Flower":[4],"counters":[17,95],"Sundial":[12],"Golden Idol":66,"Snecko Eye":[33,38,23,44],"Bag of Preparation":[2],"Whetstone":["RobotSpaceExplorer:Strike","RobotSpaceExplorer:Strike"],"Boot":[19],"Question Card":4,"obtain_stats":[{"Gremlin Horn":3,"Happy Flower":29,"Golden Idol":12,"Oddly Smooth Stone":0,"Vajra":26,"RobotSpaceExplorer:RoboCore":0,"Bag of Preparation":31,"Whetstone":8,"Boot":9,"Question Card":23,"OrangePellets":14,"Sundial":10,"Strawberry":6,"Snecko Eye":17},{"Gremlin Horn":2,"Happy Flower":15,"Golden Idol":7,"Oddly Smooth Stone":0,"Vajra":13,"RobotSpaceExplorer:RoboCore":0,"Bag of Preparation":16,"Whetstone":6,"Boot":6,"Question Card":12,"OrangePellets":7,"Sundial":6,"Strawberry":5,"Snecko Eye":8},{"Gremlin Horn":9,"Happy Flower":81,"Golden Idol":33,"Oddly Smooth Stone":0,"Vajra":70,"RobotSpaceExplorer:RoboCore":0,"Bag of Preparation":87,"Whetstone":31,"Boot":31,"Question Card":61,"OrangePellets":33,"Sundial":31,"Strawberry":25,"Snecko Eye":40}]},"card_choices":[{"not_picked":["RobotSpaceExplorer:SwiftStep","RobotSpaceExplorer:StunGrenade"],"picked":"RobotSpaceExplorer:GearShield","floor":1},{"not_picked":["RobotSpaceExplorer:FreezingShield","RobotSpaceExplorer:MakeshiftVolley"],"picked":"RobotSpaceExplorer:RigExplosive","floor":2},{"not_picked":["RobotSpaceExplorer:StunGrenade","RobotSpaceExplorer:PowerGlove"],"picked":"RobotSpaceExplorer:SurgingStrike","floor":4},{"not_picked":["RobotSpaceExplorer:SwiftStep","RobotSpaceExplorer:Accelerator"],"picked":"RobotSpaceExplorer:FrostMissile","floor":5},{"not_picked":["RobotSpaceExplorer:IronShell","RobotSpaceExplorer:Electroshield"],"picked":"RobotSpaceExplorer:ShockMissile","floor":6},{"not_picked":["RobotSpaceExplorer:ShockKick","RobotSpaceExplorer:ScrapToss","RobotSpaceExplorer:MiniDrones"],"picked":"SKIP","floor":8},{"not_picked":["RobotSpaceExplorer:ScrapMissile","RobotSpaceExplorer:StunGrenade"],"picked":"RobotSpaceExplorer:DoubleFind","floor":11},{"not_picked":["RobotSpaceExplorer:DroneSwarm","RobotSpaceExplorer:Arsenal"],"picked":"RobotSpaceExplorer:HighVoltage","floor":16},{"not_picked":["RobotSpaceExplorer:FrostMissile","RobotSpaceExplorer:Counterblock"],"picked":"RobotSpaceExplorer:DualCore+1","floor":18},{"not_picked":["RobotSpaceExplorer:ScrapMissile","RobotSpaceExplorer:BigMissile"],"picked":"RobotSpaceExplorer:FrostMissile","floor":19},{"not_picked":["RobotSpaceExplorer:FranticSearch","RobotSpaceExplorer:Probe","RobotSpaceExplorer:Counterblock"],"picked":"SKIP","floor":22},{"not_picked":["RobotSpaceExplorer:GlueShot","RobotSpaceExplorer:MiniDrones","RobotSpaceExplorer:Ammunition"],"picked":"SKIP","floor":23},{"not_picked":["RobotSpaceExplorer:Scanner","RobotSpaceExplorer:BigMissile","RobotSpaceExplorer:SwiftStep"],"picked":"RobotSpaceExplorer:Electroshield","floor":25},{"not_picked":["RobotSpaceExplorer:Counterblock","RobotSpaceExplorer:StarLightning","RobotSpaceExplorer:MakeshiftVolley","RobotSpaceExplorer:SurgingShield+1"],"picked":"SKIP","floor":27},{"not_picked":["RobotSpaceExplorer:MiniBoosters","RobotSpaceExplorer:FranticSearch","RobotSpaceExplorer:Smokescreen"],"picked":"RobotSpaceExplorer:TurboDodge","floor":29},{"not_picked":["RobotSpaceExplorer:StarLightning+1","RobotSpaceExplorer:MetalStrike","RobotSpaceExplorer:ScrapMissile"],"picked":"RobotSpaceExplorer:Electropulse","floor":31}],"player_experience":1759034,"relics_obtained":[{"floor":6,"key":"Strawberry"},{"floor":8,"key":"Whetstone"},{"floor":9,"key":"Boot"},{"floor":23,"key":"Question Card"},{"floor":26,"key":"Vajra"},{"floor":29,"key":"Happy Flower"},{"floor":31,"key":"Bag of Preparation"}],"event_choices":[{"damage_healed":0,"gold_gain":0,"player_choice":"Gave Potion","damage_taken":0,"relics_obtained":["Gremlin Horn"],"max_hp_gain":0,"max_hp_loss":0,"event_name":"WeMeetAgain","floor":3,"gold_loss":0},{"damage_healed":0,"gold_gain":0,"player_choice":"Success","damage_taken":12,"relics_obtained":["Sundial"],"max_hp_gain":0,"max_hp_loss":0,"event_name":"Scrap Ooze","floor":10,"gold_loss":0},{"damage_healed":0,"gold_gain":0,"player_choice":"Lose Max HP","damage_taken":0,"relics_obtained":["Golden Idol"],"max_hp_gain":0,"max_hp_loss":6,"event_name":"Golden Idol","floor":12,"gold_loss":0},{"damage_healed":0,"gold_gain":0,"player_choice":"Ignored","damage_taken":0,"max_hp_gain":0,"max_hp_loss":0,"event_name":"Ghosts","floor":20,"gold_loss":0},{"damage_healed":0,"gold_gain":0,"player_choice":"Simplicity","damage_taken":0,"max_hp_gain":0,"max_hp_loss":0,"event_name":"Back to Basics","floor":21,"gold_loss":0,"cards_upgraded":["RobotSpaceExplorer:Strike","RobotSpaceExplorer:Strike","RobotSpaceExplorer:Defend","RobotSpaceExplorer:Defend","RobotSpaceExplorer:Defend","RobotSpaceExplorer:Defend"]},{"cards_removed":["RobotSpaceExplorer:Strike"],"damage_healed":0,"gold_gain":0,"player_choice":"Gave Gold","damage_taken":0,"max_hp_gain":0,"max_hp_loss":0,"event_name":"Beggar","floor":28,"gold_loss":75},{"damage_healed":0,"gold_gain":0,"player_choice":"Got Potions","damage_taken":0,"max_hp_gain":0,"max_hp_loss":0,"event_name":"Lab","floor":30,"gold_loss":0}],"is_beta":true,"boss_relics":[{"not_picked":["Busted Crown","Philosopher\u0027s Stone"],"picked":"Snecko Eye"}],"items_purged_floors":[],"is_endless":false,"potions_floor_spawned":[1,5,6,11,16,19,23,27],"killed_by":"Automaton","ascension_level":11}}