{"host":"8v536rckjlpi3bq3","time":1609929962,"event":{"mods":["ATMod(阿瑾Mod)","Act Like it!","Aspiration","BaseMod","Colored Powertips","Conspire","Dota2Spire","Gensokyo","Hallownest","HololiveMod","Jedi Mod","KomeijiMod","Lobotomy","LobotomyExtend","Marisa（F雨　魔理沙）","Minty Spire (QoL Compilation)","MostiFishMod","Relic Stats","Replay The Spire","Spicy Shops","StSLib","TestMod","The Hierophant","The Jungle","The Marked","WarShipGirlsR/战舰少女R mod","Youmu（魂魄妖梦）","vexMod","【功能Mod】混沌之环修复补丁","【功能Mod】聪明的最终Boss","【角色mod】十八桐人","【遗物卡牌】REMEMod","篝火指南"],"gold_per_floor":[117,67,67,467,467,467,505,546,617,164,164,207,60,120,120,238,238,274,274,274,300,342,417,485,485,485,485,485,536,536,610,462,618,618,662,662,730,785,785,785,850,732,732,732,279,305,305],"floor_reached":46,"playtime":3353,"items_purged":[],"score":1006,"play_id":"ee2611ce-9246-42f5-9211-feddd2d78689","local_time":"20210106184602","daily_mods":["Vintage","Colorless Cards","Heirloom","Time Dilation","Flight"],"is_ascension_mode":false,"campfire_choices":[{"data":"Magnetism","floor":6,"key":"SMITH"},{"data":"SwordExtraction","floor":11,"key":"SMITH"},{"data":"AT_ShrugMaster","floor":15,"key":"SMITH"},{"data":"RitualDagger","floor":30,"key":"SMITH"},{"data":"MostiFishMod:BrokenBlackCloak","floor":40,"key":"SMITH"}],"circlet_count":0,"master_deck":["Strike_YM","Strike_YM","Strike_YM","Strike_YM","Defend_YM","Defend_YM","Defend_YM","Defend_YM","SlashOfPresentWorld","WheelOfPainOfLivingAndDead","Magnetism+1","AT_ShrugMaster+1","conspire:SpireCoStock","Clumsy","Good Instincts","rmod:overbreakdown","SwordExtraction+1","Elucidator_Black","rmod:ridicule","SpiritCuttingSword+1","SlashOfMeditation+1","TrickFate","RitualDagger+1","CrescentMoonSlash","rmod:steelsupply+1","SuddenPhantomFormationSlashOfKarmicWind","MostiFishMod:BrokenBlackCloak+1","rmod:aluminumsupply","SharpCut_Black+1","Gensokyo:OverchargedCore","REME_BuildACard","Gensokyo:Shovel","Gensokyo:TarnishedGold","Gensokyo:ScrapIron","rmod:fuelsupply+1"],"relics":["HalfPhantom","DaveBox","replay:Trail_Library","testmod-TestBox","AT_ATBox","Transparent","testmod-Acrobat","Ice Cream","AT_BladeRuinedKing","SynthV:TestCard","LetterFromLob","Gensokyo:NagashiBinaDoll","Smiling Mask","Dota2Spire:UrnOfShadows","Dota2Spire:AghanimScepter","aspiration:Nostalgia","m_TsuchinokoRing","Simple Rune","Bottled Lightning","vexMod:Cooldron","PreservedInsect","testmod-EnergyCheck","ReplayTheSpireMod:TigerMarble","Dota2Spire:EchoSabre","Replay:Bandana","Gremlin Horn","Bag of Marbles","Pantograph","testmod-Justice","Calipers","Omamori","GreenFoldingFan","Happy Flower","Nunchaku","Onion Ring","Dota2Spire:Dagon","vexMod:ConsolationPrize","AT_ChloranthyRing","Toxic Egg 2","jedi:cryingmask"],"acts_visited":["Gensokyo:Gensokyo","TheCity","Gensokyo:Gensokyoest"],"potions_floor_usage":[14,16,16,16,16,16,16,16,18,33,33,33,37,41,41,41,41,41,41],"damage_taken":[{"damage":14,"enemies":"Gensokyo:Python","floor":1,"turns":2},{"damage":21,"enemies":"Gensokyo:Aya","floor":7,"turns":3},{"damage":14,"enemies":"Gensokyo:Gryphon","floor":8,"turns":2},{"damage":21,"enemies":"Gensokyo:3_Fairies","floor":12,"turns":3},{"damage":28,"enemies":"Gensokyo:Mamizou","floor":14,"turns":4},{"damage":14,"enemies":"Gensokyo:Yukari","floor":16,"turns":2},{"damage":28,"enemies":"2 Thieves","floor":18,"turns":2},{"damage":21,"enemies":"conspire:FuzzyDice","floor":22,"turns":3},{"damage":14,"enemies":"conspire:Head Lice","floor":23,"turns":2},{"damage":14,"enemies":"Gremlin Leader","floor":24,"turns":2},{"damage":14,"enemies":"Chosen and Byrds","floor":29,"turns":2},{"damage":14,"enemies":"REME_1_Revenger","floor":31,"turns":2},{"damage":43,"enemies":"conspire:MysteriousRune","floor":33,"turns":3},{"damage":18,"enemies":"Gensokyo:3_Bats","floor":35,"turns":2},{"damage":27,"enemies":"Gensokyo:AncientGuardian","floor":37,"turns":3},{"damage":32,"enemies":"Gensokyo:Marisa","floor":41,"turns":2}],"seed_played":"-2991878789919766327","potions_obtained":[{"floor":7,"key":"Milkshake"},{"floor":12,"key":"EntropicBrew"},{"floor":22,"key":"EntropicBrew"},{"floor":31,"key":"EntropicBrew"},{"floor":33,"key":"EntropicBrew"},{"floor":37,"key":"EntropicBrew"},{"floor":41,"key":"EntropicBrew"}],"is_trial":true,"path_per_floor":["M","?","?","?","?","R","E","M","T","R","R","M","$","E","R","B",null,"M","M","$","T","M","E","E","?","T","?","?","M","R","E","R","B",null,"M","?","M","?","?","R","E","COS","T","?","$","T"],"character_chosen":"YOUMU","items_purchased":["aspiration:Nostalgia","Simple Rune","SwordExtraction","vexMod:Cooldron","Omamori","SuddenPhantomFormationSlashOfKarmicWind","AT_ChloranthyRing","Toxic Egg 2","rmod:fuelsupply+1"],"campfire_rested":0,"item_purchase_floors":[10,10,10,13,32,32,45,45,45],"current_hp_per_floor":[75,75,75,75,75,75,75,75,75,75,75,75,75,75,75,75,75,75,75,75,75,75,75,75,69,69,75,75,75,75,75,75,75,75,76,76,76,46,46,46,76,76,76,76,76,76,76],"gold":305,"neow_bonus":"","is_daily":false,"chose_seed":false,"campfire_upgraded":5,"win_rate":0.0,"timestamp":1609929962,"path_taken":["M","?","?","?","?","R","E","?","T","R","R","M","?","E","R","BOSS","M","M","?","?","?","E","E","?","T","?","?","?","R","E","R","BOSS","M","?","?","?","?","R","E","COS","T","?","$","?"],"items_purchased_type":["Relic","Relic","Card","Relic","Relic","Card","Relic","Relic","Card"],"build_version":"2020-12-22","purchased_purges":0,"victory":false,"max_hp_per_floor":[75,75,75,75,75,75,75,75,75,75,75,75,75,75,75,75,75,75,75,75,75,75,75,75,75,75,75,75,75,75,75,75,75,75,76,76,76,76,76,76,76,76,76,76,76,76,76],"relic_stats":{"Nunchaku":[0],"Gremlin Horn":[5,5],"Happy Flower":[1],"counters":[16,39],"Pantograph":0,"PreservedInsect":181,"Smiling Mask":0,"obtain_stats":[{"Ice Cream":0,"Dota2Spire:EchoSabre":21,"AT_ATBox":0,"Calipers":31,"DaveBox":0,"Gremlin Horn":23,"HalfPhantom":0,"Gensokyo:NagashiBinaDoll":3,"Smiling Mask":7,"GreenFoldingFan":34,"Replay:Bandana":22,"Nunchaku":37,"m_TsuchinokoRing":10,"Pantograph":26,"jedi:cryingmask":46,"Toxic Egg 2":45,"replay:Trail_Library":0,"AT_ChloranthyRing":45,"testmod-TestBox":0,"Dota2Spire:UrnOfShadows":8,"Happy Flower":35,"aspiration:Nostalgia":10,"Dota2Spire:Dagon":41,"vexMod:ConsolationPrize":43,"AT_BladeRuinedKing":1,"PreservedInsect":14,"Omamori":32,"testmod-Justice":29,"Dota2Spire:AghanimScepter":9,"vexMod:Cooldron":13,"SynthV:TestCard":1,"Transparent":0,"testmod-Acrobat":0,"Simple Rune":10,"Onion Ring":38,"LetterFromLob":1,"ReplayTheSpireMod:TigerMarble":18,"Bag of Marbles":24,"Bottled Lightning":12,"testmod-EnergyCheck":17,"REME_ComplimentaryCards":0},{"Ice Cream":0,"Dota2Spire:EchoSabre":7,"AT_ATBox":0,"Calipers":12,"DaveBox":0,"Gremlin Horn":9,"HalfPhantom":0,"Gensokyo:NagashiBinaDoll":1,"Smiling Mask":2,"GreenFoldingFan":13,"Replay:Bandana":8,"Nunchaku":15,"m_TsuchinokoRing":3,"Pantograph":10,"jedi:cryingmask":16,"Toxic Egg 2":16,"replay:Trail_Library":0,"AT_ChloranthyRing":16,"testmod-TestBox":0,"Dota2Spire:UrnOfShadows":3,"Happy Flower":14,"aspiration:Nostalgia":3,"Dota2Spire:Dagon":16,"vexMod:ConsolationPrize":16,"AT_BladeRuinedKing":1,"PreservedInsect":5,"Omamori":12,"testmod-Justice":11,"Dota2Spire:AghanimScepter":3,"vexMod:Cooldron":4,"SynthV:TestCard":1,"Transparent":0,"testmod-Acrobat":0,"Simple Rune":3,"Onion Ring":15,"LetterFromLob":1,"ReplayTheSpireMod:TigerMarble":7,"Bag of Marbles":10,"Bottled Lightning":4,"testmod-EnergyCheck":6,"REME_ComplimentaryCards":0},{"Ice Cream":0,"Dota2Spire:EchoSabre":18,"AT_ATBox":0,"Calipers":29,"DaveBox":0,"Gremlin Horn":23,"HalfPhantom":0,"Gensokyo:NagashiBinaDoll":2,"Smiling Mask":5,"GreenFoldingFan":32,"Replay:Bandana":21,"Nunchaku":37,"m_TsuchinokoRing":7,"Pantograph":25,"jedi:cryingmask":39,"Toxic Egg 2":39,"replay:Trail_Library":0,"AT_ChloranthyRing":39,"testmod-TestBox":0,"Dota2Spire:UrnOfShadows":7,"Happy Flower":34,"aspiration:Nostalgia":7,"Dota2Spire:Dagon":39,"vexMod:ConsolationPrize":39,"AT_BladeRuinedKing":2,"PreservedInsect":14,"Omamori":29,"testmod-Justice":27,"Dota2Spire:AghanimScepter":7,"vexMod:Cooldron":10,"SynthV:TestCard":2,"Transparent":0,"testmod-Acrobat":0,"Simple Rune":7,"Onion Ring":37,"LetterFromLob":2,"ReplayTheSpireMod:TigerMarble":18,"Bag of Marbles":25,"Bottled Lightning":10,"testmod-EnergyCheck":16,"REME_ComplimentaryCards":0}]},"card_choices":[{"not_picked":["Defender_Black","ReplayUltimateDefense","RocketKickup","Guard_Black"],"picked":"Good Instincts","floor":7},{"not_picked":["rmod:overbreakdown","rmod:heivgo","Dagger Spray","rmod:ammunitionsupply"],"picked":"Elucidator_Black","floor":14},{"not_picked":["rmod:desperatesituation","RemiliaStretch_Remiria","AllTheWorldInNightmare","testmod-TradeIn"],"picked":"rmod:ridicule","floor":16},{"not_picked":["rmod:smokecover","rmod:wasp","jedi:forcepush","Culling"],"picked":"SpiritCuttingSword+1","floor":23},{"not_picked":["TakeAdvantage_Black","TwoHundredYojanaInOneSlash","ObsessionWithThePresentWorld","WithoutFear_Black"],"picked":"SlashOfMeditation+1","floor":24},{"not_picked":["rmod:openingtorpedo","BloodSurge+1","Guard_Black","SunBlade_Black"],"picked":"rmod:steelsupply+1","floor":31},{"not_picked":["MostiFishMod:PerfectForm","testmod-TreasureHunter","MostiFishMod:OneDayCity","testmod-EnhanceArmerment"],"picked":"MostiFishMod:BrokenBlackCloak","floor":33},{"not_picked":["SwordExtraction","AsTheSilentNirvana","GunFight_Black+1","Thrust_Black+1"],"picked":"rmod:aluminumsupply","floor":38},{"not_picked":["Replay:Bootleg Shield Generator","HiganSword+1","rmod:firesupport","DoubleEdge"],"picked":"SharpCut_Black+1","floor":38},{"not_picked":["rmod:unsinkable","DoubleEdge","SwordExtraction+1","rmod:fuelsupply"],"picked":"REME_BuildACard","floor":41}],"player_experience":242094,"relics_obtained":[{"floor":1,"key":"AT_BladeRuinedKing"},{"floor":1,"key":"SynthV:TestCard"},{"floor":1,"key":"LetterFromLob"},{"floor":7,"key":"Smiling Mask"},{"floor":8,"key":"Dota2Spire:UrnOfShadows"},{"floor":9,"key":"Dota2Spire:AghanimScepter"},{"floor":12,"key":"Bottled Lightning"},{"floor":14,"key":"PreservedInsect"},{"floor":18,"key":"ReplayTheSpireMod:TigerMarble"},{"floor":21,"key":"Dota2Spire:EchoSabre"},{"floor":22,"key":"Replay:Bandana"},{"floor":23,"key":"Gremlin Horn"},{"floor":24,"key":"Bag of Marbles"},{"floor":26,"key":"Pantograph"},{"floor":29,"key":"testmod-Justice"},{"floor":31,"key":"Calipers"},{"floor":35,"key":"Happy Flower"},{"floor":37,"key":"Nunchaku"},{"floor":38,"key":"Onion Ring"},{"floor":41,"key":"Dota2Spire:Dagon"},{"floor":43,"key":"vexMod:ConsolationPrize"},{"floor":46,"key":"jedi:cryingmask"}],"event_choices":[{"damage_healed":0,"gold_gain":0,"player_choice":"Invest 1","damage_taken":0,"max_hp_gain":0,"max_hp_loss":0,"event_name":"conspire:Investor","floor":2,"gold_loss":0},{"damage_healed":0,"gold_gain":400,"player_choice":"Sell","damage_taken":0,"max_hp_gain":0,"max_hp_loss":0,"event_name":"恩洛斯的盘子","floor":4,"relics_lost":["REME_ComplimentaryCards"],"gold_loss":0},{"damage_healed":0,"gold_gain":0,"player_choice":"Joined the Cult","damage_taken":6,"max_hp_gain":0,"max_hp_loss":0,"event_name":"Nest","floor":25,"gold_loss":0,"cards_obtained":["RitualDagger"]}],"is_beta":false,"boss_relics":[{"not_picked":["vexMod:MysteryBossChallenge","NightmareShop"],"picked":"testmod-EnergyCheck"},{"not_picked":["testmod-KeyOfTheVoid","ChewingGum"],"picked":"GreenFoldingFan"}],"items_purged_floors":[],"is_endless":true,"potions_floor_spawned":[7,12,22,31,33,37,41],"ascension_level":0}}