{"host":"xurz8oye0j2lsa2k","time":1609916150,"event":{"mods":["AchievementEnabler","BaseMod","BetterRewards","Colored Map","Hubris","Marisa????????","Minty Spire (QoL Compilation)","Permanent Neow","Replay The Spire","Spicy Shops","StSLib"],"gold_per_floor":[110,122,134,197,212,142,142,142,142],"floor_reached":8,"playtime":535,"items_purged":[],"score":58,"play_id":"9a2f2285-1f97-46a4-906b-3bde85aa0a83","local_time":"20210106015550","is_ascension_mode":false,"campfire_choices":[],"circlet_count":0,"master_deck":["Strike_B","Strike_B","Strike_B","Strike_B","Defend_B","Defend_B","Defend_B","Defend_B","Zap","Dualcast","ReplayGash","Chill","Static Discharge","Leap","Scrape","Gash","Core Surge"],"relics":["Cracked Core","Calipers","Replay:Antivirus Software","Membership Card","Torii","Oddly Smooth Stone","Mirror","hubris:HerbalPaste","hubris:BottledRain","Omamori"],"acts_visited":["Exordium"],"potions_floor_usage":[],"damage_taken":[{"damage":0.0,"enemies":"2 Louse","floor":1.0,"turns":2.0},{"damage":9.0,"enemies":"Small Slimes","floor":2.0,"turns":3.0},{"damage":1.0,"enemies":"Cultist","floor":3.0,"turns":4.0},{"damage":17.0,"enemies":"Gremlin Gang","floor":5.0,"turns":5.0},{"damage":19.0,"enemies":"Lagavulin","floor":6.0,"turns":6.0},{"damage":10,"enemies":"3 Sentries","floor":8,"turns":3}],"seed_played":"-8368874104194711351","potions_obtained":[{"floor":2.0,"key":"Elixir"},{"floor":3.0,"key":"FearPotion"},{"floor":4.0,"key":"Block Potion"}],"is_trial":false,"path_per_floor":["M","M","M","?","M","E","?","E"],"character_chosen":"DEFECT","items_purchased":["Calipers","Replay:Antivirus Software","Membership Card","Oddly Smooth Stone","ReplayGash","Chill","Mirror","hubris:HerbalPaste"],"campfire_rested":0,"item_purchase_floors":[0,0,0,0,0,0,0,0],"current_hp_per_floor":[43,39,44,44,33,20,20,15,15],"gold":142,"neow_bonus":"","is_daily":false,"chose_seed":false,"campfire_upgraded":0,"win_rate":0.0,"timestamp":1609916150,"path_taken":["M","M","M","?","M","E","?","E"],"items_purchased_type":["Relic","Relic","Relic","Relic","Card","Card","Relic","Relic"],"build_version":"2020-12-22","purchased_purges":0,"victory":false,"max_hp_per_floor":[75,75,75,75,75,75,75,75,75],"card_choices":[{"not_picked":["Glacier","Chill"],"picked":"Static Discharge","floor":1.0},{"not_picked":["Streamline","Compile Driver","Panic Button"],"picked":"SKIP","floor":2.0},{"not_picked":["Streamline","Consume"],"picked":"Leap","floor":3.0},{"not_picked":["Compile Driver","Cold Snap"],"picked":"Scrape","floor":4.0},{"not_picked":["Thunder Strike","ReplaySort"],"picked":"Gash","floor":5.0},{"not_picked":["Steam","Panic Button"],"picked":"Go for the Eyes","floor":6.0}],"player_experience":505042,"relics_obtained":[{"floor":4.0,"key":"hubris:BottledRain"},{"floor":6.0,"key":"Omamori"}],"event_choices":[{"damage_healed":0,"gold_gain":0,"cards_transformed":["Go for the Eyes"],"player_choice":"Change","damage_taken":0,"max_hp_gain":0,"max_hp_loss":0,"event_name":"Living Wall","floor":7,"gold_loss":0,"cards_obtained":["Core Surge"]}],"is_beta":false,"boss_relics":[],"items_purged_floors":[],"is_endless":false,"potions_floor_spawned":[2,3],"killed_by":"3 Sentries","ascension_level":0}}