{"host":"gkh5j5k5w4qf7k7n","time":1609974408,"event":{"mods":["2.2 Compatiblity","AchievementEnabler","BaseMod","Colored Map","Colored Powertips","Downfall","GifTheSpireLib","Keyboard Shortcuts","Minty Spire (QoL Compilation)","Quick Restart","StSLib","SuperFastMode","¡¼?Úª?ø«¡½REMEMod"],"gold_per_floor":[99,99,99,99,99,99,123,73,103,103,160,181,200,548,568,607,607,607],"floor_reached":16,"playtime":385,"items_purged":[],"score":162,"play_id":"68f1d990-a656-4894-9fbb-436d37aac1c9","local_time":"20210107080648","is_ascension_mode":true,"campfire_choices":[{"data":"Secret Technique","floor":1,"key":"SMITH"},{"data":"Slimebound:Split","floor":8,"key":"SMITH"}],"circlet_count":0,"master_deck":["Slimebound:Strike_Slimebound","Slimebound:Tackle","Slimebound:Defend_Slimebound","Slimebound:Defend_Slimebound","Slimebound:Defend_Slimebound","Slimebound:Defend_Slimebound","Slimebound:Split+1","Slimebound:CorrosiveSpit","Secret Technique+1","Slimebound:SplitBruiser","Slimebound:ComboTackle","Slimebound:SlimeTap","Slimebound:Recycling","Slimebound:SplitMire","Slimebound:LeadByExample","Slimebound:SplitAcid"],"relics":["Slimebound:AbsorbEndCombat","REME_ComplimentaryCards","downfall:HeartsMalice","Letter Opener","Slimebound:GreedOozeRelic","Guardian:PocketSentry","REME_ArchaeologicalTools","Calipers","Old Coin"],"acts_visited":["Exordium"],"potions_floor_usage":[16,16,16,16],"damage_taken":[{"damage":0,"enemies":"Cultist","floor":2,"turns":1},{"damage":0,"enemies":"2 Louse","floor":5,"turns":1},{"damage":0,"enemies":"Lagavulin","floor":9,"turns":1},{"damage":13,"enemies":"Gremlin Nob","floor":11,"turns":2},{"damage":7,"enemies":"Small Slimes","floor":12,"turns":2},{"damage":15,"enemies":"3 Louse","floor":13,"turns":1},{"damage":24,"enemies":"3 Sentries","floor":14,"turns":4},{"damage":15,"enemies":"Exordium Wildlife","floor":15,"turns":2},{"damage":55,"enemies":"downfall:Defect","floor":16,"turns":4}],"seed_played":"-374766254362438006","potions_obtained":[{"floor":9,"key":"champ:CounterPotion"},{"floor":11,"key":"GamblersBrew"},{"floor":12,"key":"BlessingOfTheForge"},{"floor":15,"key":"EntropicBrew"}],"is_trial":false,"path_per_floor":["R","M","T","?","M","?","T","R","E","?","E","M","M","E","M","B"],"character_chosen":"SLIMEBOUND","items_purchased":[],"campfire_rested":0,"item_purchase_floors":[],"current_hp_per_floor":[60,60,60,60,60,60,60,60,60,60,55,52,51,41,40,0,0,0],"gold":607,"neow_bonus":"THREE_ENEMY_KILL","is_daily":false,"chose_seed":false,"campfire_upgraded":2,"win_rate":0.0,"timestamp":1609974408,"path_taken":["R","M","?","?","M","?","T","R","E","?","E","?","M","E","M","BOSS"],"items_purchased_type":[],"build_version":"2020-12-22","purchased_purges":0,"victory":false,"max_hp_per_floor":[60,60,60,60,60,60,60,60,60,60,60,60,60,60,60,60,60,60],"card_choices":[{"not_picked":["Slimebound:LeechEnergy","Slimebound:LeechingTouch"],"picked":"Slimebound:SplitBruiser","floor":2},{"not_picked":["Slimebound:HauntingLick","Slimebound:AcidTongue"],"picked":"Slimebound:ComboTackle","floor":5},{"not_picked":["Slimebound:SlimeBrawl","Slimebound:LivingWall"],"picked":"Slimebound:SlimeTap","floor":9},{"not_picked":["Slimebound:GoopSpray","Slimebound:SplitLeeching"],"picked":"Slimebound:Recycling","floor":11},{"not_picked":["Slimebound:Repurpose","Slimebound:SplitLeeching"],"picked":"Slimebound:SplitMire","floor":12},{"not_picked":["Slimebound:DisruptingSlam","Slimebound:LeechingTouch"],"picked":"Slimebound:LeadByExample","floor":13},{"not_picked":["Slimebound:GrowthPunch","Slimebound:ForwardTackle"],"picked":"Slimebound:SplitAcid","floor":14},{"not_picked":["Slimebound:RainOfGoop","Slimebound:DisruptingSlam","Slimebound:GrowthPunch"],"picked":"SKIP","floor":15}],"player_experience":745620,"relics_obtained":[{"floor":3,"key":"Letter Opener"},{"floor":7,"key":"Guardian:PocketSentry"},{"floor":9,"key":"REME_ArchaeologicalTools"},{"floor":11,"key":"Calipers"},{"floor":14,"key":"Old Coin"}],"event_choices":[{"cards_removed":["Slimebound:Strike_Slimebound"],"damage_healed":0,"gold_gain":0,"player_choice":"Card Removal","damage_taken":0,"max_hp_gain":0,"max_hp_loss":0,"event_name":"The Cleric","floor":4,"gold_loss":0}],"is_beta":false,"boss_relics":[],"items_purged_floors":[],"is_endless":false,"potions_floor_spawned":[9,11,12,15],"killed_by":"downfall:Defect","ascension_level":3}}