{"host":"x3q4ieql2tr7v8o6","time":1609934202,"event":{"mods":["BaseMod","Better Altar","Better Note","Better Sensory Stone","Better Skull","Better Third Choice","Colored Map","Minty Spire (QoL Compilation)","StSLib"],"gold_per_floor":[366,379,56,67,32,61,61,236,310,310,329,362,374,74,74,74,74],"floor_reached":16,"playtime":764,"items_purged":["Decay"],"score":187,"play_id":"a809324d-303f-4fbd-9b75-6f12fc86187b","local_time":"20210106115642","is_ascension_mode":true,"campfire_choices":[{"data":"Feed","floor":7,"key":"SMITH"},{"data":"Body Slam","floor":10,"key":"SMITH"},{"floor":15,"key":"REST"}],"circlet_count":0,"master_deck":["AscendersBane","Strike_R","Strike_R","Strike_R","Strike_R","Strike_R","Defend_R","Defend_R","Defend_R","Defend_R","Bash","Body Slam+1","Metallicize","Feed+1","Shrug It Off","Warcry","Fire Breathing","Seeing Red","Doubt","Armaments","Rupture","Carnage"],"relics":["Burning Blood","Centennial Puzzle","Ornamental Fan","PreservedInsect","Tiny Chest","Akabeko"],"acts_visited":["Exordium"],"potions_floor_usage":[6,11,12,16],"damage_taken":[{"damage":8,"enemies":"Cultist","floor":1,"turns":4},{"damage":23,"enemies":"Jaw Worm","floor":2,"turns":4},{"damage":9,"enemies":"2 Louse","floor":4,"turns":4},{"damage":12,"enemies":"Lagavulin","floor":6,"turns":8},{"damage":16,"enemies":"2 Fungi Beasts","floor":11,"turns":6},{"damage":32,"enemies":"Gremlin Nob","floor":12,"turns":6},{"damage":12,"enemies":"Gremlin Gang","floor":13,"turns":5},{"damage":57,"enemies":"The Guardian","floor":16,"turns":11}],"seed_played":"-4675446125921292948","potions_obtained":[{"floor":2,"key":"ColorlessPotion"},{"floor":4,"key":"ElixirPotion"},{"floor":6,"key":"Fire Potion"},{"floor":11,"key":"ColorlessPotion"}],"is_trial":false,"path_per_floor":["M","M","$","M","?","E","R","?","T","R","M","E","M","$","R","B"],"character_chosen":"IRONCLAD","items_purchased":["Feed","Shrug It Off","Warcry","Tiny Chest","Akabeko"],"campfire_rested":1,"item_purchase_floors":[3,3,3,14,14],"current_hp_per_floor":[66,49,49,49,68,65,65,65,65,65,59,33,31,31,57,0,0],"gold":74,"neow_bonus":"TWO_FIFTY_GOLD","is_daily":false,"chose_seed":false,"campfire_upgraded":2,"win_rate":0.0,"timestamp":1609934202,"path_taken":["M","?","$","M","?","E","R","?","T","R","M","E","M","$","R","BOSS"],"items_purchased_type":["Card","Card","Card","Relic","Relic"],"build_version":"2020-12-22","purchased_purges":1,"victory":false,"max_hp_per_floor":[75,75,75,78,78,81,81,81,81,81,85,85,89,89,89,89,89],"card_choices":[{"not_picked":["Dark Embrace","Rage"],"picked":"Body Slam","floor":1},{"not_picked":["Sword Boomerang","Sentinel"],"picked":"Metallicize","floor":2},{"not_picked":["Perfected Strike","Dual Wield"],"picked":"Fire Breathing","floor":4},{"not_picked":["Dual Wield","True Grit"],"picked":"Seeing Red","floor":6},{"not_picked":["Clothesline","Perfected Strike"],"picked":"Armaments","floor":11},{"not_picked":["Armaments","Havoc"],"picked":"Rupture","floor":12},{"not_picked":["Shrug It Off","Dual Wield"],"picked":"Carnage","floor":13}],"player_experience":697244,"relics_obtained":[{"floor":6,"key":"Centennial Puzzle"},{"floor":9,"key":"Ornamental Fan"},{"floor":12,"key":"PreservedInsect"}],"event_choices":[{"damage_healed":19,"gold_gain":0,"player_choice":"Healed","damage_taken":0,"max_hp_gain":0,"max_hp_loss":0,"event_name":"The Cleric","floor":5,"gold_loss":35},{"damage_healed":0,"gold_gain":175,"player_choice":"AGREE","damage_taken":61,"max_hp_gain":0,"max_hp_loss":0,"event_name":"betterThird:BetterSerpent","floor":8,"gold_loss":0}],"is_beta":false,"boss_relics":[],"items_purged_floors":[3],"is_endless":false,"potions_floor_spawned":[2,4,6,11],"killed_by":"The Guardian","ascension_level":14}}