{"host":"dk10vuzdqf3wivcv","time":1609975127,"event":{"mods":["Aspiration","Astrologer","BaseMod","Colored Map","Conspire","Friendly Minions","Hubris","Minty Spire (QoL Compilation)","Replay The Spire","StSLib","SuperFastMode","Td1madao Mod","The Animator","The Cursed","The Gatherer","The Hierophant","The Jungle","The Marked","The Servant 0.9.4"],"gold_per_floor":[130,150,186,210,210,253,223,253,280,280,280],"floor_reached":10,"playtime":863,"items_purged":[],"score":82,"play_id":"0d616086-b700-4eef-a181-aeaec7374e34","local_time":"20210107001847","is_ascension_mode":true,"campfire_choices":[],"circlet_count":0,"master_deck":["animator:Strike_GoblinSlayer","animator:Defend_GoblinSlayer","animator:Strike","animator:Strike","animator:Strike","animator:Defend","animator:Defend","animator:Defend","animator:LizardPriest","animator:DwarfShaman","animator:GuildGirl","animator:DolaSchwi","animator:Mikaela","animator:CowGirl","animator:Caster","animator:Aisha"],"relics":["animator:LivingPicture","animator:TheMissingPiece","animator:PurgingStone","hubris:DisguiseKit","Pet Ghost","Paper Frog"],"acts_visited":["Exordium"],"potions_floor_usage":[4,8,8],"damage_taken":[{"damage":14,"enemies":"Cultist","floor":1,"turns":4},{"damage":2,"enemies":"2 Louse","floor":2,"turns":5},{"damage":0,"enemies":"Small Slimes","floor":3,"turns":4},{"damage":6,"enemies":"Gremlin Gang","floor":4,"turns":6},{"damage":26,"enemies":"3 Sentries","floor":6,"turns":6},{"damage":14,"enemies":"Gremlin Nob","floor":8,"turns":3},{"damage":17,"enemies":"3 Sentries","floor":10,"turns":5}],"seed_played":"3757944439920132339","potions_obtained":[{"floor":1,"key":"Swift Potion"},{"floor":3,"key":"AttackPotion"},{"floor":7,"key":"FearPotion"},{"floor":7,"key":"EssenceOfSteel"},{"floor":8,"key":"SpeedPotion"}],"is_trial":false,"path_per_floor":["M","M","M","M","?","E","?","E","T","E"],"character_chosen":"THE_ANIMATOR","items_purchased":[],"campfire_rested":0,"item_purchase_floors":[],"current_hp_per_floor":[58,56,56,51,51,25,25,11,11,0,0],"gold":280,"neow_bonus":"TEN_PERCENT_HP_BONUS","is_daily":false,"chose_seed":false,"campfire_upgraded":0,"win_rate":0.0,"timestamp":1609975127,"path_taken":["M","?","M","M","?","E","?","E","T","E"],"items_purchased_type":[],"build_version":"2020-12-22","purchased_purges":0,"victory":false,"max_hp_per_floor":[72,72,72,73,73,73,73,73,73,73,73],"card_choices":[{"not_picked":["animator:GazelDwargon","animator:FielNirvalen"],"picked":"animator:GuildGirl","floor":1},{"not_picked":["animator:DwarfShaman","animator:Vesta"],"picked":"animator:DolaSchwi","floor":2},{"not_picked":["animator:Mitsuba","animator:Verdia"],"picked":"animator:Mikaela","floor":3},{"not_picked":["animator:LizardPriest","animator:DwarfShaman"],"picked":"animator:CowGirl","floor":4},{"not_picked":["animator:Saitama","animator:Mitsuba","animator:Guy"],"picked":"animator:Caster","floor":6},{"not_picked":["animator:DolaSchwi","animator:Geryuganshoop","Redo"],"picked":"animator:Aisha","floor":8}],"player_experience":140796,"relics_obtained":[{"floor":6,"key":"Pet Ghost"},{"floor":8,"key":"Paper Frog"}],"event_choices":[{"damage_healed":0,"gold_gain":0,"player_choice":"Bought 2 Potions","damage_taken":0,"max_hp_gain":0,"max_hp_loss":0,"event_name":"The Woman in Blue","floor":7,"gold_loss":0}],"is_beta":false,"boss_relics":[],"items_purged_floors":[],"is_endless":false,"potions_floor_spawned":[1,3,8],"killed_by":"3 Sentries","ascension_level":1}}