{"host":"n7mxhpjy89lltbhc","time":1609953221,"event":{"mods":["2.2 Compatiblity","Act Like it!","Bard","BaseMod","Better Match","Better Sensory Stone","Better Synergies","Better Third Choice","Better Vampires","BetterRewards","Challenge The Spire","Colored Map","Colored Powertips","Downfall","Gensokyo","Hubris","Infinite Spire","Jedi Mod","Marisa????????","Marked Mod","Minty Spire (QoL Compilation)","Permanent Neow","Rare Cards Sparkle","Relic Sorter","Relic Stats","Replay The Spire","Shop Mod","Small Relic Pack","Spicy Shops","StSLib","Strawberry Spire","The Blue Laboratory","The Disciple","The Marked","The Servant 0.9.4","Uncapped","Waifu the Spire","Wandering Minibosses","vexMod"],"gold_per_floor":[218,218,234,247,247,247,272,272,272,303,83,100,135,162,162,240,240,250,263,83,83,100,132,132,161,161,178,178,98,98,128,128,201,201,216,98,113,113,113,113],"floor_reached":39,"playtime":1748,"items_purged":["Strike_S","Strike_S"],"score":982,"play_id":"ee3ce1fd-3d9c-43ac-91bd-2ca752691714","local_time":"25640107001341","is_ascension_mode":true,"campfire_choices":[{"floor":6.0,"key":"REST"},{"data":"Read","floor":8.0,"key":"SMITH"},{"data":"Sunlight","floor":15.0,"key":"SMITH"},{"data":"SurpressingFire","floor":28.0,"key":"SMITH"},{"floor":32.0,"key":"DIG"}],"circlet_count":0,"master_deck":["AscendersBane","Strike_S","Strike_S+1","Defend_S","Defend_S","Defend_S","Defend_S","KidneyShot","Exchange","Moonlight","infinitespire:Collect+1","Sabotage+1","Read+1","Rearm","Sunlight+1","BottledTime","AbeCurse","SurpressingFire+1","SilverBlades+1","MurderousAura","CurseOfTheBell","Gensokyo:Shovel","Gensokyo:BlemishedSteel"],"relics":["Uniform","jedi:firstaidkit","jedi:kaleidoscope","Bronze Scales","infinitespire:Bottled Soul","PreservedInsect","Abe\u0027s Treasure","Gensokyo:ConquerorOfFear","strawberrySpire:KineticCharger","Whetstone","Durian","Pen Nib","Blue Candle","infinitespire:Eraser","Calling Bell","Orichalcum","Gremlin Horn","OldScarf","wanderingMiniBosses:CarrionFlame","Happy Flower"],"acts_visited":["Gensokyo:Gensokyo","Gensokyo:Gensokyoer","Gensokyo:Gensokyoest"],"potions_floor_usage":[],"damage_taken":[{"damage":4.0,"enemies":"Gensokyo:Gryphon","floor":1.0,"turns":6.0},{"damage":0.0,"enemies":"Gensokyo:Python","floor":3.0,"turns":2.0},{"damage":9.0,"enemies":"Gensokyo:2_Kodama","floor":4.0,"turns":4.0},{"damage":12.0,"enemies":"Gensokyo:Aya","floor":7.0,"turns":7.0},{"damage":18.0,"enemies":"Gensokyo:Cirno","floor":10.0,"turns":8.0},{"damage":4.0,"enemies":"Gensokyo:Kitsune","floor":12.0,"turns":2.0},{"damage":0.0,"enemies":"Gensokyo:Mamizou","floor":13.0,"turns":4.0},{"damage":13.0,"enemies":"Gensokyo:Aya","floor":14.0,"turns":3.0},{"damage":25.0,"enemies":"Gensokyo:Yukari","floor":16.0,"turns":7.0},{"damage":9.0,"enemies":"Gensokyo:3_Dogs","floor":18.0,"turns":3.0},{"damage":2.0,"enemies":"Gensokyo:CosmicMonolith","floor":19.0,"turns":2.0},{"damage":6.0,"enemies":"Gensokyo:Mirror_and_Dog","floor":22.0,"turns":3.0},{"damage":8.0,"enemies":"Gensokyo:Koishi","floor":23.0,"turns":4.0},{"damage":0.0,"enemies":"Gensokyo:Reisen","floor":25.0,"turns":3.0},{"damage":0.0,"enemies":"Gensokyo:Wraith","floor":27.0,"turns":4.0},{"damage":0.0,"enemies":"Gensokyo:Koishi","floor":31.0,"turns":4.0},{"damage":0.0,"enemies":"Gensokyo:Eternal_Rivals","floor":33.0,"turns":10.0},{"damage":15.0,"enemies":"Gensokyo:AncientGuardian","floor":35.0,"turns":6.0},{"damage":32.0,"enemies":"Gensokyo:3_Boulders","floor":37.0,"turns":6.0},{"damage":29,"enemies":"Gensokyo:AtlasGolem","floor":39,"turns":3}],"seed_played":"5163139500197344104","potions_obtained":[{"floor":3.0,"key":"sneckomod:MuddlingPotion"},{"floor":4.0,"key":"jedi:mysterypotion"},{"floor":10.0,"key":"Ancient Potion"},{"floor":18.0,"key":"Swift Potion"}],"is_trial":false,"path_per_floor":["M","?","M","M","?","R","E","R","T","E","$","M","E","?","R","B",null,"M","M","$","?","M","E","?","E","T","M","R","$","?","E","R_BF","B",null,"M","COS","M","?","M"],"character_chosen":"THE_SERVANT","items_purchased":["Rearm","Sunlight","SurpressingFire","Pen Nib"],"campfire_rested":1,"item_purchase_floors":[11,11,20,29],"current_hp_per_floor":[50,36,36,27,27,45,33,33,33,38,38,34,34,25,25,14,49,44,42,42,42,39,38,38,38,43,50,50,50,50,50,50,53,62,50,50,43,23,0,0],"gold":113,"neow_bonus":"HUNDRED_GOLD","is_daily":false,"chose_seed":false,"campfire_upgraded":3,"win_rate":0.0,"timestamp":1609953221,"path_taken":["M","?","M","M","?","R","E","R","T","E","?","M","E","?","R","BOSS","M","M","$","?","M","E","?","E","T","?","R","?","?","E","R_BF","BOSS","M","COS","M","?","?"],"items_purchased_type":["Card","Card","Card","Relic"],"build_version":"2020-12-22","purchased_purges":2,"victory":false,"max_hp_per_floor":[60,60,60,60,60,60,60,60,60,60,60,60,60,60,60,60,60,60,60,60,60,60,60,60,60,65,65,65,65,65,65,65,65,65,65,65,65,65,65,65],"relic_stats":{"Gremlin Horn":[3,3],"Happy Flower":[0],"counters":[20,91],"Bronze Scales":[146],"Blue Candle":[1],"PreservedInsect":133,"Pen Nib":[4],"Whetstone":["Sabotage","Strike_S"],"Orichalcum":[6],"obtain_stats":[{"jedi:command_common":38,"Gremlin Horn":34,"Happy Flower":39,"Blue Candle":31,"Gensokyo:UndefinedDarkness":21,"PreservedInsect":14,"Pen Nib":29,"Uniform":0,"Gensokyo:ConquerorOfFear":22,"Whetstone":25,"vexMod:PreRecordedMusic":38,"Orichalcum":34,"Calling Bell":34,"Frozen Eye":23,"jedi:kaleidoscope":9,"strawberrySpire:KineticCharger":23,"wanderingMiniBosses:CarrionFlame":37,"jedi:firstaidkit":7,"infinitespire:Bottled Soul":13,"Bronze Scales":10,"Durian":26,"infinitespire:Eraser":32,"OldScarf":34,"Abe\u0027s Treasure":17},{"jedi:command_common":19,"Gremlin Horn":17,"Happy Flower":20,"Blue Candle":16,"Gensokyo:UndefinedDarkness":11,"PreservedInsect":8,"Pen Nib":15,"Uniform":0,"Gensokyo:ConquerorOfFear":12,"Whetstone":14,"vexMod:PreRecordedMusic":19,"Orichalcum":17,"Calling Bell":17,"Frozen Eye":12,"jedi:kaleidoscope":4,"strawberrySpire:KineticCharger":13,"wanderingMiniBosses:CarrionFlame":19,"jedi:firstaidkit":4,"infinitespire:Bottled Soul":7,"Bronze Scales":5,"Durian":14,"infinitespire:Eraser":16,"OldScarf":17,"Abe\u0027s Treasure":9},{"jedi:command_common":88,"Gremlin Horn":76,"Happy Flower":89,"Blue Candle":66,"Gensokyo:UndefinedDarkness":48,"PreservedInsect":36,"Pen Nib":62,"Uniform":0,"Gensokyo:ConquerorOfFear":51,"Whetstone":58,"vexMod:PreRecordedMusic":88,"Orichalcum":76,"Calling Bell":76,"Frozen Eye":51,"jedi:kaleidoscope":19,"strawberrySpire:KineticCharger":55,"wanderingMiniBosses:CarrionFlame":88,"jedi:firstaidkit":19,"infinitespire:Bottled Soul":33,"Bronze Scales":27,"Durian":58,"infinitespire:Eraser":66,"OldScarf":76,"Abe\u0027s Treasure":43}]},"card_choices":[{"not_picked":["SurpressingFire","Replace"],"picked":"Moonlight","floor":1.0},{"not_picked":["infinitespire:Fortify","infinitespire:FinalStrike"],"picked":"infinitespire:Collect","floor":2.0},{"not_picked":["Potential","Replace"],"picked":"Sabotage","floor":3.0},{"not_picked":["Rewind","Potential"],"picked":"Read","floor":4.0},{"not_picked":["Replace","Alleviate","Advance"],"picked":"SKIP","floor":7.0},{"not_picked":["RealityMarble","Unruled","KillingDoll"],"picked":"SKIP","floor":10.0},{"not_picked":["Starlight","Advance","Alleviate"],"picked":"SKIP","floor":12.0},{"not_picked":["DoubleEdge","Alleviate"],"picked":"BottledTime","floor":13.0},{"not_picked":["Sabotage","Misdirection","Shuttle"],"picked":"SKIP","floor":14.0},{"not_picked":["Desolation","Rearm","Reset"],"picked":"SKIP","floor":18.0},{"not_picked":["Ricochet","Rearm","Replace"],"picked":"SKIP","floor":19.0},{"not_picked":["TimeWarp","RealityMarble","Unruled"],"picked":"SKIP","floor":22.0},{"not_picked":["Initiator","Read"],"picked":"SilverBlades","floor":23.0},{"not_picked":["Deadline","Revamp","Spin"],"picked":"SKIP","floor":25.0},{"not_picked":["Moonlight","Potential+1","Alleviate"],"picked":"SKIP","floor":27.0},{"not_picked":["Snipe+1","Defy","Rewind"],"picked":"SKIP","floor":31.0},{"not_picked":["TheWorld","SoulSculpture"],"picked":"MurderousAura","floor":33.0},{"not_picked":["TimeTheft","Revamp+1","Spin"],"picked":"SKIP","floor":35.0},{"not_picked":["DoubleEdge","Alleviate","Replace"],"picked":"SKIP","floor":37.0}],"player_experience":1044321,"relics_obtained":[{"floor":7.0,"key":"jedi:firstaidkit"},{"floor":9.0,"key":"jedi:kaleidoscope"},{"floor":10.0,"key":"Bronze Scales"},{"floor":13.0,"key":"infinitespire:Bottled Soul"},{"floor":14.0,"key":"PreservedInsect"},{"floor":22.0,"key":"Gensokyo:ConquerorOfFear"},{"floor":23.0,"key":"strawberrySpire:KineticCharger"},{"floor":25.0,"key":"Whetstone"},{"floor":26.0,"key":"Durian"},{"floor":31.0,"key":"Blue Candle"},{"floor":32.0,"key":"infinitespire:Eraser"},{"floor":34.0,"key":"Orichalcum"},{"floor":34.0,"key":"Gremlin Horn"},{"floor":34.0,"key":"OldScarf"},{"floor":37.0,"key":"wanderingMiniBosses:CarrionFlame"}],"event_choices":[],"is_beta":false,"boss_relics":[{"not_picked":["vexMod:BigBerry","vexMod:DeviousBotling"],"picked":"Abe\u0027s Treasure"},{"not_picked":["Replay:Drink Me","Snecko Eye"],"picked":"Calling Bell"}],"items_purged_floors":[11,20],"is_endless":false,"potions_floor_spawned":[3,4,10,18,22,31,37],"killed_by":"Gensokyo:AtlasGolem","ascension_level":16}}