{"host":"lpogke4cwz8zw1ju","time":1609894001,"event":{"mods":["Always Whale","BaseMod","Minty Spire (QoL Compilation)","Permanent Neow"],"gold_per_floor":[99,99,99,99,99,99,99,99,99,99,99,99,49,49,49,49,49,49,49,49,49,49,49,49,49,49,49,49,49,49,49,49,49,49,49,49,49,49,49,49,49,49,49,49,49,49,49,49,49,49,49,49,4,4,4],"floor_reached":56,"playtime":3163,"items_purged":[],"score":1482,"play_id":"032d963c-f367-41fd-a967-1f3995f386a3","local_time":"20210106014641","is_ascension_mode":false,"campfire_choices":[{"data":"Finisher","floor":6,"key":"SMITH"},{"floor":10,"key":"REST"},{"data":"After Image","floor":12,"key":"SMITH"},{"floor":15,"key":"RECALL"},{"data":"Blade Dance","floor":23,"key":"SMITH"},{"data":"Blade Dance","floor":32,"key":"SMITH"},{"data":"Neutralize","floor":42,"key":"SMITH"},{"floor":45,"key":"REST"},{"data":"Finisher","floor":49,"key":"SMITH"},{"data":"Slice","floor":52,"key":"SMITH"}],"circlet_count":0,"master_deck":["Strike_G","Strike_G","Strike_G","Strike_G","Strike_G","Defend_G","Defend_G+1","Defend_G","Survivor","Neutralize+1","Backflip+1","Blade Dance+1","Finisher+1","After Image+1","Slice+1","Quick Slash","Adrenaline","Slice+1","Prepared+1","Blade Dance+1","Blade Dance+1","Blade Dance+1","Blade Dance+1","Acrobatics+1","Blade Dance+1","Blade Dance+1","Blade Dance+1","Backflip+1","Finisher+1","Backflip+1","Acrobatics+1"],"relics":["Ectoplasm","MawBank","Ornamental Fan","Bronze Scales","War Paint","Shuriken","Sozu","Red Mask","Toxic Egg 2","Mercury Hourglass","Darkstone Periapt","Black Star","Unceasing Top","Blood Vial","Sundial","Old Coin","Strawberry","Bag of Preparation","Ice Cream"],"acts_visited":["Exordium","TheCity","TheBeyond","TheEnding"],"potions_floor_usage":[7,33],"damage_taken":[{"damage":0,"enemies":"Jaw Worm","floor":1,"turns":4},{"damage":0,"enemies":"Small Slimes","floor":2,"turns":3},{"damage":0,"enemies":"Cultist","floor":4,"turns":5},{"damage":22,"enemies":"Gremlin Nob","floor":7,"turns":5},{"damage":6,"enemies":"3 Sentries","floor":8,"turns":6},{"damage":0,"enemies":"3 Sentries","floor":11,"turns":5},{"damage":6,"enemies":"Hexaghost","floor":16,"turns":5},{"damage":0,"enemies":"Chosen","floor":18,"turns":3},{"damage":0,"enemies":"3 Byrds","floor":19,"turns":2},{"damage":5,"enemies":"Snake Plant","floor":20,"turns":3},{"damage":2,"enemies":"Snecko","floor":22,"turns":3},{"damage":0,"enemies":"Sentry and Sphere","floor":24,"turns":2},{"damage":0,"enemies":"Masked Bandits","floor":25,"turns":2},{"damage":0,"enemies":"Gremlin Leader","floor":27,"turns":3},{"damage":0,"enemies":"3 Cultists","floor":28,"turns":3},{"damage":0,"enemies":"Centurion and Healer","floor":29,"turns":2},{"damage":0,"enemies":"Slavers","floor":31,"turns":3},{"damage":0,"enemies":"Champ","floor":33,"turns":4},{"damage":0,"enemies":"Orb Walker","floor":35,"turns":2},{"damage":0,"enemies":"3 Darklings","floor":36,"turns":3},{"damage":21,"enemies":"4 Shapes","floor":38,"turns":2},{"damage":0,"enemies":"Transient","floor":39,"turns":5},{"damage":0,"enemies":"Mind Bloom Boss Battle","floor":40,"turns":2},{"damage":10,"enemies":"Nemesis","floor":44,"turns":3},{"damage":0,"enemies":"Maw","floor":46,"turns":3},{"damage":0,"enemies":"Reptomancer","floor":47,"turns":3},{"damage":7,"enemies":"Sphere and 2 Shapes","floor":48,"turns":2},{"damage":0,"enemies":"Donu and Deca","floor":50,"turns":3},{"damage":0,"enemies":"Shield and Spear","floor":54,"turns":3},{"damage":88,"enemies":"The Heart","floor":55,"turns":6}],"seed_played":"4933784224652832296","potions_obtained":[{"floor":2,"key":"SneckoOil"},{"floor":11,"key":"SkillPotion"},{"floor":16,"key":"FairyPotion"}],"is_trial":false,"path_per_floor":["M","M","?","M","?","R","E","?","T","R","E","R","?","?","R","B",null,"M","M","M","?","M","R","M","?","T","E","M","M","$","E","R","B",null,"M","M","?","M","M","?","$","R","T","E","R","M","E","M","R","B",null,"R","$","E","B",null],"character_chosen":"THE_SILENT","items_purchased":["Backflip+1"],"campfire_rested":2,"item_purchase_floors":[53],"current_hp_per_floor":[70,70,58,58,58,58,36,30,30,51,51,51,51,56,56,50,75,75,75,70,70,68,68,68,68,68,68,68,68,68,68,68,68,75,75,75,75,54,54,54,54,54,54,44,66,68,77,72,72,74,82,82,82,82,20],"gold":4,"neow_bonus":"BOSS_RELIC","is_daily":false,"chose_seed":false,"campfire_upgraded":7,"win_rate":0.0,"timestamp":1609894001,"path_taken":["M","M","?","M","?","R","E","?","T","R","E","R","?","?","R","BOSS","M","M","M","?","M","R","M","?","T","E","M","M","?","E","R","BOSS","M","M","?","M","?","?","?","R","T","E","R","M","E","M","R","BOSS","R","$","E","BOSS"],"items_purchased_type":["Card"],"build_version":"2020-12-22","purchased_purges":0,"victory":true,"max_hp_per_floor":[70,70,70,70,70,70,70,70,70,70,70,70,70,75,75,75,75,75,75,75,75,75,75,75,75,75,75,75,75,75,75,75,75,75,75,75,75,75,75,75,75,75,75,75,75,75,82,82,82,82,82,82,82,82,82],"card_choices":[{"not_picked":["PiercingWail","Underhanded Strike"],"picked":"Backflip","floor":1},{"not_picked":["Dagger Throw","Deflect"],"picked":"Blade Dance","floor":2},{"not_picked":["Quick Slash","Outmaneuver"],"picked":"Finisher","floor":4},{"not_picked":["Escape Plan","Distraction"],"picked":"After Image","floor":7},{"not_picked":["Noxious Fumes","Skewer"],"picked":"Slice","floor":8},{"not_picked":["Blur","Deadly Poison"],"picked":"Quick Slash","floor":11},{"not_picked":["Storm of Steel","After Image"],"picked":"Adrenaline","floor":16},{"not_picked":["Blur","Dodge and Roll"],"picked":"Slice+1","floor":18},{"not_picked":["Concentrate","PiercingWail","Cloak And Dagger"],"picked":"SKIP","floor":19},{"not_picked":["Slice","Cloak And Dagger"],"picked":"Prepared+1","floor":20},{"not_picked":["Reflex+1","Masterful Stab"],"picked":"Blade Dance","floor":22},{"not_picked":["Calculated Gamble","Dagger Spray","Leg Sweep"],"picked":"SKIP","floor":24},{"not_picked":["Quick Slash","Distraction+1"],"picked":"Blade Dance+1","floor":25},{"not_picked":["Escape Plan+1","After Image","Sucker Punch"],"picked":"SKIP","floor":27},{"not_picked":["Cloak And Dagger+1","Endless Agony","Flying Knee"],"picked":"SKIP","floor":28},{"not_picked":["Poisoned Stab","Quick Slash"],"picked":"Blade Dance+1","floor":29},{"not_picked":["Prepared+1","Dodge and Roll+1"],"picked":"Blade Dance+1","floor":31},{"not_picked":["Heel Hook+1","All Out Attack","Slice+1"],"picked":"SKIP","floor":35},{"not_picked":["Crippling Poison+1","Footwork+1"],"picked":"Acrobatics+1","floor":36},{"not_picked":["Terror+1","Bane"],"picked":"Blade Dance+1","floor":38},{"not_picked":["Expertise+1","Eviscerate+1"],"picked":"Blade Dance+1","floor":39},{"not_picked":["After Image","Flying Knee","Sucker Punch+1"],"picked":"SKIP","floor":44},{"not_picked":["Outmaneuver+1","Blur+1"],"picked":"Blade Dance+1","floor":46},{"not_picked":["Choke","Sucker Punch+1"],"picked":"Backflip+1","floor":47},{"not_picked":["Flying Knee+1","Cloak And Dagger+1"],"picked":"Finisher","floor":48},{"not_picked":["Burst+1","Slice+1"],"picked":"Acrobatics+1","floor":54}],"player_experience":190397,"relics_obtained":[{"floor":7,"key":"Ornamental Fan"},{"floor":8,"key":"Bronze Scales"},{"floor":9,"key":"War Paint"},{"floor":11,"key":"Shuriken"},{"floor":25,"key":"Red Mask"},{"floor":26,"key":"Toxic Egg 2"},{"floor":27,"key":"Mercury Hourglass"},{"floor":31,"key":"Darkstone Periapt"},{"floor":40,"key":"Unceasing Top"},{"floor":44,"key":"Blood Vial"},{"floor":44,"key":"Sundial"},{"floor":47,"key":"Old Coin"},{"floor":47,"key":"Strawberry"},{"floor":54,"key":"Bag of Preparation"},{"floor":54,"key":"Ice Cream"}],"event_choices":[{"damage_healed":0,"gold_gain":0,"player_choice":"Success","damage_taken":12,"relics_obtained":["MawBank"],"max_hp_gain":0,"max_hp_loss":0,"event_name":"Scrap Ooze","floor":3,"gold_loss":0},{"cards_removed":["Defend_G"],"damage_healed":0,"gold_gain":0,"player_choice":"Forget","damage_taken":0,"max_hp_gain":0,"max_hp_loss":0,"event_name":"Living Wall","floor":5,"gold_loss":0},{"damage_healed":0,"gold_gain":0,"player_choice":"Searched \u00271\u0027 times","damage_taken":0,"max_hp_gain":0,"max_hp_loss":0,"event_name":"Dead Adventurer","floor":8,"gold_loss":0},{"cards_removed":["Defend_G"],"damage_healed":0,"gold_gain":0,"player_choice":"Card Removal","damage_taken":0,"max_hp_gain":0,"max_hp_loss":0,"event_name":"The Cleric","floor":13,"gold_loss":50},{"damage_healed":0,"gold_gain":0,"player_choice":"Donut","damage_taken":0,"max_hp_gain":5,"max_hp_loss":0,"event_name":"Big Fish","floor":14,"gold_loss":0},{"damage_healed":0,"gold_gain":99,"player_choice":"Stole From Cult","damage_taken":0,"max_hp_gain":0,"max_hp_loss":0,"event_name":"Nest","floor":21,"gold_loss":0},{"damage_healed":0,"gold_gain":0,"player_choice":"Fought Bandits","damage_taken":0,"max_hp_gain":0,"max_hp_loss":0,"event_name":"Masked Bandits","floor":25,"gold_loss":0},{"damage_healed":0,"gold_gain":0,"player_choice":"Ignored","damage_taken":0,"max_hp_gain":0,"max_hp_loss":0,"event_name":"Transmorgrifier","floor":37,"gold_loss":0},{"damage_healed":0,"gold_gain":0,"player_choice":"Fight","damage_taken":0,"max_hp_gain":0,"max_hp_loss":0,"event_name":"MindBloom","floor":40,"gold_loss":0}],"is_beta":false,"boss_relics":[{"not_picked":["SlaversCollar","Runic Pyramid"],"picked":"Sozu"},{"not_picked":["Coffee Dripper","Cursed Key"],"picked":"Black Star"}],"items_purged_floors":[],"is_endless":false,"potions_floor_spawned":[2,11,16,18,19,22,28,31,33,35,38,39,46,48],"ascension_level":0}}