{"host":"WonaBee","time":1609926953,"event":{"mods":["AchievementEnabler","Aspiration","BaseMod","BetterRewards","Colored Map","Colored Powertips","Halation","Highlight Path","Infinite Spire","Minty Spire (QoL Compilation)","Quick Restart","StSLib","Unceasing Turn Reminder"],"gold_per_floor":[119,138,138,154,154,154,174,204,231,16,16,31,63,63,63,168,168,182,195,195,195,195,195],"floor_reached":22,"playtime":780,"items_purged":[],"score":259,"play_id":"434f9a0d-4f82-43df-b39c-e47eac38a862","local_time":"20210106105553","is_ascension_mode":false,"campfire_choices":[{"data":"Zap","floor":6,"key":"SMITH"},{"data":"Thunder Strike","floor":11,"key":"SMITH"},{"data":"Ball Lightning","floor":15,"key":"SMITH"}],"circlet_count":0,"master_deck":["Strike_B","Strike_B","Strike_B","Strike_B","Defend_B","Defend_B","Defend_B","Zap+1","Dualcast","Ball Lightning+1","Reboot","Dark Shackles","Thunder Strike+1","Ball Lightning","Heatsinks","Amplify","infinitespire:Collect","RitualDagger"],"relics":["Cracked Core","NeowsBlessing","Odd Mushroom","infinitespire:Satchel","PreservedInsect","aspiration:ChemicalBlood","aspiration:Stellarator","halation:PeacePiece"],"acts_visited":["Exordium","TheCity"],"potions_floor_usage":[18,19,19,22],"damage_taken":[{"damage":0,"enemies":"Cultist","floor":1,"turns":1},{"damage":0,"enemies":"Small Slimes","floor":2,"turns":1},{"damage":0,"enemies":"Jaw Worm","floor":4,"turns":1},{"damage":0,"enemies":"Looter","floor":7,"turns":2},{"damage":2,"enemies":"The Mushroom Lair","floor":8,"turns":3},{"damage":3,"enemies":"Exordium Thugs","floor":12,"turns":3},{"damage":0,"enemies":"Lagavulin","floor":13,"turns":3},{"damage":0,"enemies":"Slime Boss","floor":16,"turns":5},{"damage":36,"enemies":"Shell Parasite","floor":18,"turns":8},{"damage":10,"enemies":"Chosen","floor":19,"turns":4},{"damage":18,"enemies":"3 Cultists","floor":22,"turns":3}],"seed_played":"-9115850890663061642","potions_obtained":[{"floor":4,"key":"Strength Potion"},{"floor":7,"key":"Regen Potion"},{"floor":8,"key":"FearPotion"},{"floor":12,"key":"Explosive Potion"},{"floor":13,"key":"ColorlessPotion"},{"floor":14,"key":"FairyPotion"},{"floor":18,"key":"ColorlessPotion"}],"is_trial":false,"path_per_floor":["M","M","?","M","?","R","M","?","T","$","R","M","E","?","R","B",null,"M","M","AVR","?","M"],"character_chosen":"DEFECT","items_purchased":["PreservedInsect","Heatsinks"],"campfire_rested":0,"item_purchase_floors":[10,10],"current_hp_per_floor":[75,75,68,68,68,68,68,66,66,66,66,63,63,63,63,63,75,39,41,41,35,17,17],"gold":195,"neow_bonus":"THREE_ENEMY_KILL","is_daily":false,"chose_seed":false,"campfire_upgraded":3,"win_rate":0.0,"timestamp":1609926953,"path_taken":["M","M","?","M","?","R","?","?","T","$","R","M","E","?","R","BOSS","M","M","AVR","?","M"],"items_purchased_type":["Relic","Card"],"build_version":"2020-12-18","purchased_purges":0,"victory":false,"max_hp_per_floor":[75,75,75,75,75,75,75,75,75,75,75,75,75,75,75,75,75,75,75,75,75,75,75],"card_choices":[{"not_picked":["Leap","Coolheaded","Streamline"],"picked":"SKIP","floor":1},{"not_picked":["Rebound","Leap","Sweeping Beam"],"picked":"SKIP","floor":2},{"not_picked":["Streamline","Compile Driver"],"picked":"Ball Lightning","floor":4},{"not_picked":["Sweeping Beam","Steam"],"picked":"Thunder Strike","floor":7},{"not_picked":["Hologram","Sweeping Beam"],"picked":"Ball Lightning","floor":8},{"not_picked":["Compile Driver","Fusion","Barrage"],"picked":"SKIP","floor":12},{"not_picked":["Reboot","Stack","Rebound"],"picked":"SKIP","floor":13},{"not_picked":["Hyperbeam","Reboot"],"picked":"Amplify","floor":16},{"not_picked":["Sweeping Beam","Rainbow","Heatsinks+1"],"picked":"SKIP","floor":18},{"not_picked":["Heatsinks+1","Reinforced Body+1","Recycle"],"picked":"SKIP","floor":19}],"player_experience":598097,"relics_obtained":[{"floor":8,"key":"Odd Mushroom"},{"floor":9,"key":"infinitespire:Satchel"},{"floor":13,"key":"aspiration:ChemicalBlood"}],"event_choices":[{"cards_removed":["Defend_B"],"damage_healed":0,"gold_gain":0,"player_choice":"Card Removal","damage_taken":7,"max_hp_gain":0,"max_hp_loss":0,"event_name":"Golden Wing","floor":3,"gold_loss":0},{"damage_healed":0,"gold_gain":0,"player_choice":"2 cards matched","damage_taken":0,"max_hp_gain":0,"max_hp_loss":0,"event_name":"Match and Keep!","floor":5,"gold_loss":0,"cards_obtained":["Reboot","Dark Shackles"]},{"damage_healed":0,"gold_gain":0,"player_choice":"Fought Mushrooms","damage_taken":0,"max_hp_gain":0,"max_hp_loss":0,"event_name":"Mushrooms","floor":8,"gold_loss":0},{"damage_healed":0,"gold_gain":0,"player_choice":"Got Potions","damage_taken":0,"max_hp_gain":0,"max_hp_loss":0,"event_name":"Lab","floor":14,"gold_loss":0},{"damage_healed":0,"gold_gain":0,"player_choice":"Joined the Cult","damage_taken":6,"max_hp_gain":0,"max_hp_loss":0,"event_name":"Nest","floor":21,"gold_loss":0,"cards_obtained":["RitualDagger"]}],"is_beta":true,"boss_relics":[{"not_picked":["Calling Bell","halation:SmartPhone"],"picked":"aspiration:Stellarator"}],"items_purged_floors":[],"is_endless":false,"potions_floor_spawned":[4,7,8,12,13,16,18],"killed_by":"3 Cultists","ascension_level":0}}