{"host":"bf1tnxyvjw6wp3cl","time":1609950560,"event":{"mods":["AchievementEnabler","BaseMod","Better Third Choice","Block Reminder","Colored Powertips","Curses Come First","Minty Spire (QoL Compilation)","Quick Restart","Relic Stats","StSLib","SuperFastMode"],"gold_per_floor":[359,359,202,202,213,213,248,248,316,238,255,268,301,318,318,421,421,439,455,194,213,233,233,233,233,233,252,252,270,270,285,285,390,390,402,418,418,52,70,95,65,65,365,377,377,377,392,406,406,406,406,406,16,47,47],"floor_reached":56,"playtime":2104,"items_purged":["Regret"],"score":1259,"play_id":"83d38b22-6e8b-41c3-9312-40dec23dcadf","local_time":"20210106112920","is_ascension_mode":true,"campfire_choices":[{"data":"Turbo","floor":6,"key":"SMITH"},{"floor":8,"key":"REST"},{"floor":15,"key":"REST"},{"data":"White Noise","floor":23,"key":"SMITH"},{"floor":25,"key":"REST"},{"floor":28,"key":"RECALL"},{"data":"Loop","floor":32,"key":"SMITH"},{"data":"Creative AI","floor":42,"key":"SMITH"},{"data":"Echo Form","floor":49,"key":"SMITH"},{"data":"Heatsinks","floor":52,"key":"SMITH"}],"circlet_count":0,"master_deck":["Strike_B","Strike_B","Strike_B","Defend_B","Defend_B","Defend_B","Defend_B","Zap","Dualcast","Conserve Battery","Loop+1","Turbo+1","Echo Form+1","Capacitor","Turbo","Ball Lightning","Storm","White Noise+1","Reboot","Heatsinks","Sweeping Beam+1","Static Discharge","Steam","Self Repair+1","Meteor Strike","Stack","Beam Cell","Hello World","Loop+1","Creative AI+1","Turbo","Chill+1","Capacitor","Heatsinks+1","Capacitor","Sweeping Beam","Bandage Up","Storm+1","Force Field","Leap","Lockon+1","Defragment","Creative AI+1","Loop"],"relics":["Cracked Core","Centennial Puzzle","Meat on the Bone","Mummified Hand","Bag of Preparation","Inserter","Orichalcum","Nilry\u0027s Codex","Philosopher\u0027s Stone","FossilizedHelix","Prayer Wheel","Old Coin","Emotion Chip","Art of War","DollysMirror","Ice Cream"],"acts_visited":["Exordium","TheCity","TheBeyond","TheEnding"],"potions_floor_usage":[16,16,33,40,40,55,55,55],"damage_taken":[{"damage":1,"enemies":"Jaw Worm","floor":1,"turns":3},{"damage":0,"enemies":"Cultist","floor":5,"turns":3},{"damage":42,"enemies":"Lagavulin","floor":7,"turns":7},{"damage":0,"enemies":"Small Slimes","floor":11,"turns":2},{"damage":13,"enemies":"2 Fungi Beasts","floor":12,"turns":3},{"damage":32,"enemies":"3 Sentries","floor":13,"turns":7},{"damage":16,"enemies":"Gremlin Gang","floor":14,"turns":3},{"damage":11,"enemies":"Slime Boss","floor":16,"turns":7},{"damage":0,"enemies":"Chosen","floor":18,"turns":4},{"damage":5,"enemies":"Spheric Guardian","floor":19,"turns":3},{"damage":7,"enemies":"Cultist and Chosen","floor":21,"turns":4},{"damage":13,"enemies":"Centurion and Healer","floor":22,"turns":5},{"damage":4,"enemies":"Sentry and Sphere","floor":27,"turns":3},{"damage":3,"enemies":"Snecko","floor":29,"turns":3},{"damage":8,"enemies":"Centurion and Healer","floor":31,"turns":4},{"damage":42,"enemies":"Collector","floor":33,"turns":8},{"damage":11,"enemies":"3 Shapes","floor":35,"turns":3},{"damage":10,"enemies":"3 Darklings","floor":36,"turns":5},{"damage":10,"enemies":"Spire Growth","floor":39,"turns":5},{"damage":5,"enemies":"Giant Head","floor":40,"turns":6},{"damage":0,"enemies":"4 Shapes","floor":44,"turns":6},{"damage":13,"enemies":"Sphere and 2 Shapes","floor":47,"turns":4},{"damage":0,"enemies":"Maw","floor":48,"turns":6},{"damage":9,"enemies":"Donu and Deca","floor":50,"turns":4},{"damage":33,"enemies":"Shield and Spear","floor":54,"turns":3},{"damage":69,"enemies":"The Heart","floor":55,"turns":5}],"seed_played":"7673872362075668150","potions_obtained":[{"floor":13,"key":"Block Potion"},{"floor":14,"key":"SkillPotion"},{"floor":18,"key":"EssenceOfSteel"},{"floor":19,"key":"FocusPotion"},{"floor":22,"key":"GamblersBrew"},{"floor":39,"key":"SkillPotion"},{"floor":41,"key":"AttackPotion"},{"floor":41,"key":"Regen Potion"},{"floor":44,"key":"EssenceOfSteel"},{"floor":47,"key":"FocusPotion"}],"is_trial":false,"path_per_floor":["M","?","$","?","M","R","E","R","T","$","M","M","E","M","R","B",null,"M","M","$","M","M","R","?","R","T","M","R","M","?","M","R","B",null,"M","M","?","$","M","E","?","R","T","M","?","T","M","M","R","B",null,"R","$","E","B",null],"character_chosen":"DEFECT","items_purchased":["Loop","Capacitor","Orichalcum","Static Discharge","Steam","FossilizedHelix","Capacitor","Defragment","Art of War","DollysMirror"],"campfire_rested":3,"item_purchase_floors":[3,10,20,20,20,38,38,53,53,53],"current_hp_per_floor":[53,53,53,53,53,53,11,33,33,33,45,44,24,20,42,43,75,75,70,70,63,60,60,44,66,66,72,72,69,69,71,71,41,75,64,64,64,64,64,69,69,69,69,75,75,75,72,75,75,75,75,75,75,52,23],"gold":47,"neow_bonus":"TWO_FIFTY_GOLD","is_daily":false,"chose_seed":false,"campfire_upgraded":6,"win_rate":0.0,"timestamp":1609950560,"path_taken":["M","?","$","?","?","R","E","R","T","$","M","M","E","M","R","BOSS","M","M","$","M","M","R","?","R","T","M","R","M","?","M","R","BOSS","M","?","?","$","M","E","?","R","T","?","?","?","M","M","R","BOSS","R","$","E","BOSS"],"items_purchased_type":["Card","Card","Relic","Card","Card","Relic","Card","Card","Relic","Relic"],"build_version":"2020-12-22","purchased_purges":1,"victory":true,"max_hp_per_floor":[75,75,75,75,75,75,75,75,75,75,75,75,75,75,75,75,75,75,75,75,75,75,75,75,75,75,75,75,75,75,75,75,75,75,75,75,75,75,75,75,75,75,75,75,75,75,75,75,75,75,75,75,75,75,75],"relic_stats":{"Centennial Puzzle":[60],"Emotion Chip":[43,40,3,0,0],"Inserter":[38],"counters":[26,115],"Mummified Hand":[230],"Prayer Wheel":3,"Bag of Preparation":[40],"Art of War":[1],"Orichalcum":[42],"obtain_stats":[{"Ice Cream":54,"Inserter":17,"Nilry\u0027s Codex":24,"Bag of Preparation":13,"Orichalcum":20,"Old Coin":43,"Centennial Puzzle":2,"Emotion Chip":46,"Mummified Hand":9,"DollysMirror":53,"Philosopher\u0027s Stone":34,"Prayer Wheel":40,"Art of War":53,"Cracked Core":0,"FossilizedHelix":38,"Meat on the Bone":7},{"Ice Cream":25,"Inserter":8,"Nilry\u0027s Codex":12,"Bag of Preparation":6,"Orichalcum":10,"Old Coin":20,"Centennial Puzzle":1,"Emotion Chip":21,"Mummified Hand":3,"DollysMirror":24,"Philosopher\u0027s Stone":16,"Prayer Wheel":20,"Art of War":24,"Cracked Core":0,"FossilizedHelix":18,"Meat on the Bone":3},{"Ice Cream":110,"Inserter":35,"Nilry\u0027s Codex":51,"Bag of Preparation":25,"Orichalcum":42,"Old Coin":88,"Centennial Puzzle":3,"Emotion Chip":94,"Mummified Hand":13,"DollysMirror":108,"Philosopher\u0027s Stone":69,"Prayer Wheel":88,"Art of War":108,"Cracked Core":0,"FossilizedHelix":77,"Meat on the Bone":13}],"Meat on the Bone":84},"card_choices":[{"not_picked":["Hologram","Leap"],"picked":"Conserve Battery","floor":1},{"not_picked":["Barrage","Compile Driver"],"picked":"Turbo","floor":5},{"not_picked":["Multi-Cast","Redo"],"picked":"Echo Form","floor":7},{"not_picked":["Conserve Battery","Force Field"],"picked":"Turbo","floor":11},{"not_picked":["Rebound","Streamline"],"picked":"Ball Lightning","floor":12},{"not_picked":["Glacier","Steam"],"picked":"Storm","floor":13},{"not_picked":["Hologram","Sunder"],"picked":"White Noise","floor":14},{"not_picked":["Hyperbeam","Thunder Strike"],"picked":"Reboot","floor":16},{"not_picked":["Steam","Streamline"],"picked":"Heatsinks","floor":18},{"not_picked":["Redo","Genetic Algorithm"],"picked":"Sweeping Beam+1","floor":19},{"not_picked":["Compile Driver+1","Redo"],"picked":"Self Repair+1","floor":21},{"not_picked":["Hologram+1","Sweeping Beam+1"],"picked":"Meteor Strike","floor":22},{"not_picked":["Barrage","Streamline"],"picked":"Stack","floor":27},{"not_picked":["Hologram+1","Sweeping Beam"],"picked":"Beam Cell","floor":29},{"not_picked":["Recycle","Double Energy"],"picked":"Loop","floor":31},{"not_picked":["Machine Learning","Echo Form"],"picked":"Creative AI","floor":33},{"not_picked":["Hologram+1","Sweeping Beam+1"],"picked":"Turbo","floor":35},{"not_picked":["Coolheaded+1","Lockon+1"],"picked":"Chill+1","floor":36},{"not_picked":["Fusion","Sweeping Beam+1","Tempest+1"],"picked":"SKIP","floor":39},{"not_picked":["Chaos+1","Aggregate+1"],"picked":"Heatsinks","floor":40},{"not_picked":["Blizzard+1","Beam Cell+1"],"picked":"Capacitor","floor":44},{"not_picked":["Stack","Rip and Tear"],"picked":"Sweeping Beam","floor":44},{"not_picked":["Deep Breath","Impatience"],"picked":"Bandage Up","floor":45},{"not_picked":["Ball Lightning","Sweeping Beam+1"],"picked":"Storm+1","floor":47},{"not_picked":["Rebound+1","Stack"],"picked":"Force Field","floor":47},{"not_picked":["Lockon","Hologram+1"],"picked":"Leap","floor":48},{"not_picked":["Rip and Tear+1","Compile Driver"],"picked":"Lockon+1","floor":48},{"not_picked":["Cold Snap","Coolheaded+1"],"picked":"Loop","floor":54}],"player_experience":160683,"relics_obtained":[{"floor":7,"key":"Meat on the Bone"},{"floor":9,"key":"Mummified Hand"},{"floor":13,"key":"Bag of Preparation"},{"floor":24,"key":"Nilry\u0027s Codex"},{"floor":40,"key":"Prayer Wheel"},{"floor":43,"key":"Old Coin"},{"floor":46,"key":"Emotion Chip"},{"floor":54,"key":"Ice Cream"}],"event_choices":[{"damage_healed":0,"gold_gain":0,"player_choice":"Box","damage_taken":0,"relics_obtained":["Centennial Puzzle"],"max_hp_gain":0,"max_hp_loss":0,"event_name":"Big Fish","floor":2,"gold_loss":0,"cards_obtained":["Regret"]},{"damage_healed":0,"gold_gain":0,"player_choice":"Forge","damage_taken":0,"max_hp_gain":0,"max_hp_loss":0,"event_name":"Accursed Blacksmith","floor":4,"gold_loss":0,"cards_upgraded":["Loop"]},{"damage_healed":0,"gold_gain":0,"player_choice":"Obtained Book","damage_taken":16,"max_hp_gain":0,"max_hp_loss":0,"event_name":"Cursed Tome","floor":24,"gold_loss":0},{"damage_healed":0,"gold_gain":0,"player_choice":"1 cards matched","damage_taken":0,"max_hp_gain":0,"max_hp_loss":0,"event_name":"Match and Keep!","floor":30,"gold_loss":0,"cards_obtained":["Hello World"]},{"cards_removed":["Strike_B"],"damage_healed":0,"gold_gain":0,"player_choice":"Removed Attack","damage_taken":0,"max_hp_gain":0,"max_hp_loss":0,"event_name":"Falling","floor":37,"gold_loss":0},{"damage_healed":0,"gold_gain":0,"player_choice":"Bought 2 Potions","damage_taken":0,"max_hp_gain":0,"max_hp_loss":0,"event_name":"The Woman in Blue","floor":41,"gold_loss":0},{"damage_healed":0,"gold_gain":0,"player_choice":"Memory 1","damage_taken":0,"max_hp_gain":0,"max_hp_loss":0,"event_name":"SensoryStone","floor":45,"gold_loss":0}],"is_beta":false,"boss_relics":[{"not_picked":["Sozu","Black Star"],"picked":"Inserter"},{"not_picked":["Runic Dome","Velvet Choker"],"picked":"Philosopher\u0027s Stone"}],"items_purged_floors":[3],"is_endless":false,"potions_floor_spawned":[13,14,18,19,22,27,39,44,47],"ascension_level":1}}