{"host":"u7y6mp3waw4jt65j","time":1609946400,"event":{"mods":["ATMod(°¢èªMod)","Aspiration","BaseMod","Minty Spire (QoL Compilation)","Replay The Spire","StSLib","¡¾ÒÅÎï¿¨ÅÆ¡¿REMEMod"],"gold_per_floor":[111,111,111,111,111,111,124,148,217,36,36,75,110,142,154,285,297,323,335,347,373,273,314,314,332,332,332,361,373,373,145,145,145,145],"floor_reached":33,"playtime":1686,"items_purged":[],"score":465,"play_id":"8a6930be-51b8-46b0-920e-3427b121e0ef","local_time":"20210106232000","is_ascension_mode":true,"campfire_choices":[{"data":"Spot Weakness","floor":6.0,"key":"SMITH"},{"data":"Armaments","floor":15.0,"key":"SMITH"},{"floor":24.0,"key":"REST"},{"floor":32,"key":"REST"}],"circlet_count":0,"master_deck":["Strike_R","Strike_R","Strike_R","Strike_R","Strike_R","Defend_R","Defend_R","Defend_R","Defend_R","Bash","Rip and Tear","AT_FamilyPortrait+1","Spot Weakness+1","Armaments+1","Bloodletting","AT_IchimonjiDouble+1","Perfected Strike","Offering+1","Expertise+1","Eviscerate","Eviscerate","Iron Wave+1","REME_PuzzleBox+1","Thunderclap+1","Clash","Bloodletting+1","AT_DrawKnifeCut","Dramatic Entrance+1","Pommel Strike","Pommel Strike"],"relics":["Burning Blood","AT_ATBox","REME_ComplimentaryCards","aspiration:Nostalgia","Cracked Core","Divine Protection","Bloody Idol","Toxic Egg 2","Orichalcum","MawBank","REME_LowDesire","Blue Doll","ReplayFunnel","Spirit Poop","ReplayTheSpireMod:TigerMarble","Frozen Egg 2","aspiration:FetidBarrel","Ancient Tea Set"],"acts_visited":["Exordium","TheCity"],"potions_floor_usage":[28,28,33,33],"damage_taken":[{"damage":8.0,"enemies":"2 Louse","floor":1.0,"turns":2.0},{"damage":0.0,"enemies":"Small Slimes","floor":7.0,"turns":2.0},{"damage":0.0,"enemies":"Cultist","floor":8.0,"turns":3.0},{"damage":6.0,"enemies":"3 Sentries","floor":12.0,"turns":4.0},{"damage":0.0,"enemies":"3 Louse","floor":13.0,"turns":2.0},{"damage":0.0,"enemies":"Blue Slaver","floor":14.0,"turns":2.0},{"damage":0.0,"enemies":"Slime Boss","floor":16.0,"turns":5.0},{"damage":0.0,"enemies":"Chosen","floor":18.0,"turns":3.0},{"damage":13.0,"enemies":"3 Byrds","floor":21.0,"turns":2.0},{"damage":69.0,"enemies":"REME_1_Revenger","floor":23.0,"turns":5.0},{"damage":12,"enemies":"Centurion and Healer","floor":25,"turns":4},{"damage":22,"enemies":"Replay:Snechameleon","floor":28,"turns":4},{"damage":4,"enemies":"3 Cultists","floor":29,"turns":2},{"damage":105,"enemies":"Collector","floor":33,"turns":7}],"seed_played":"8642753451592648151","potions_obtained":[{"floor":1.0,"key":"Elixir"},{"floor":8.0,"key":"REME_GoldPotion"},{"floor":11.0,"key":"SkillPotion"},{"floor":11.0,"key":"Death Potion"},{"floor":11.0,"key":"Languid Potion"},{"floor":16.0,"key":"Toxic Potion"},{"floor":23.0,"key":"Reflective Coating"},{"floor":28,"key":"Fruit Juice"},{"floor":29,"key":"LiquidMemories"}],"is_trial":false,"path_per_floor":["M","?","?","?","?","R","M","M","T","$","?","E","M","M","R","B",null,"M","?","?","M","$","E","R","M","T","?","E","M","?","$","R","B"],"character_chosen":"IRONCLAD","items_purchased":["Orichalcum","AT_IchimonjiDouble+1","REME_PuzzleBox+1","Dramatic Entrance+1","Pommel Strike","Ancient Tea Set"],"campfire_rested":2,"item_purchase_floors":[10,10,22,31,31,31],"current_hp_per_floor":[70,70,52,52,52,52,58,64,64,64,64,64,70,76,76,80,80,80,80,80,73,73,10,34,28,28,28,22,29,57,57,82,0,0],"gold":145,"neow_bonus":"NOSTALGIA","is_daily":false,"chose_seed":false,"campfire_upgraded":2,"win_rate":0.0,"timestamp":1609946400,"path_taken":["M","?","?","?","?","R","M","M","T","$","?","E","?","M","R","BOSS","M","?","?","M","$","E","R","?","T","?","E","M","?","$","R","BOSS"],"items_purchased_type":["Relic","Card","Card","Card","Card","Relic"],"build_version":"2020-12-22","purchased_purges":0,"victory":false,"max_hp_per_floor":[80,80,80,80,80,80,80,80,80,80,80,80,80,80,80,80,80,80,80,80,80,80,80,80,80,80,80,85,85,85,85,85,85,85],"card_choices":[{"not_picked":["AT_IchimonjiDouble","Havoc"],"picked":"Spot Weakness","floor":1.0},{"not_picked":["Headbutt","Perfected Strike"],"picked":"Armaments","floor":7.0},{"not_picked":["Shockwave","Headbutt"],"picked":"Bloodletting","floor":8.0},{"not_picked":["Combust","Metallicize"],"picked":"Heavy Blade","floor":12.0},{"not_picked":["Shrug It Off+1","Body Slam"],"picked":"AT_DiedThrough+1","floor":13.0},{"not_picked":["ReplayTheSpireMod:Strike From Hell","Cleave"],"picked":"Perfected Strike","floor":14.0},{"not_picked":["Berserk","Immolate"],"picked":"Offering+1","floor":16.0},{"not_picked":["Uppercut","True Grit+1","Mayhem"],"picked":"Cleave","floor":18.0},{"not_picked":["Clash","AT_ShrugMaster","Discovery+1"],"picked":"Iron Wave+1","floor":21.0},{"not_picked":["Shrug It Off+1","Impervious+1","Deep Breath+1"],"picked":"Thunderclap+1","floor":23.0},{"not_picked":["REME_FearOfPain+1","ReplayReversal+1","Forethought+1"],"picked":"Clash","floor":25},{"not_picked":["Clash","REME_TheLastStrike","Blind+1"],"picked":"Bloodletting+1","floor":28},{"not_picked":["Cleave","Body Slam+1","Jack Of All Trades+1"],"picked":"AT_DrawKnifeCut","floor":29}],"player_experience":99148,"relics_obtained":[{"floor":9.0,"key":"Toxic Egg 2"},{"floor":12.0,"key":"MawBank"},{"floor":17.0,"key":"Blue Doll"},{"floor":17.0,"key":"ReplayFunnel"},{"floor":23.0,"key":"ReplayTheSpireMod:TigerMarble"},{"floor":26,"key":"Frozen Egg 2"},{"floor":28,"key":"aspiration:FetidBarrel"}],"event_choices":[{"damage_healed":0.0,"max_hp_gain":0.0,"max_hp_loss":0.0,"gold_gain":0.0,"event_name":"Golden Wing","player_choice":"Ignored","floor":2.0,"gold_loss":0.0,"damage_taken":0.0},{"damage_healed":0.0,"max_hp_gain":0.0,"max_hp_loss":0.0,"gold_gain":0.0,"event_name":"Scrap Ooze","player_choice":"Success","floor":3.0,"gold_loss":0.0,"damage_taken":18.0,"relics_obtained":["Divine Protection"]},{"damage_healed":0.0,"max_hp_gain":0.0,"max_hp_loss":0.0,"gold_gain":0.0,"event_name":"Living Wall","player_choice":"Grow","floor":4.0,"gold_loss":0.0,"damage_taken":0.0,"cards_upgraded":["AT_FamilyPortrait"]},{"damage_healed":0.0,"max_hp_gain":0.0,"max_hp_loss":0.0,"gold_gain":0.0,"event_name":"Golden Idol","player_choice":"Take Wound","floor":5.0,"gold_loss":0.0,"damage_taken":0.0,"relics_obtained":["Golden Idol"],"cards_obtained":["Injury"]},{"damage_healed":0.0,"max_hp_gain":0.0,"max_hp_loss":0.0,"gold_gain":0.0,"event_name":"Lab","player_choice":"Got Potions","floor":11.0,"gold_loss":0.0,"damage_taken":0.0},{"cards_removed":["Injury"],"damage_healed":0.0,"max_hp_gain":0.0,"max_hp_loss":0.0,"gold_gain":0.0,"event_name":"Bonfire Elementals","player_choice":"Offered Curse","floor":20.0,"gold_loss":0.0,"damage_taken":0.0,"relics_obtained":["Spirit Poop"]},{"damage_healed":0,"gold_gain":0,"player_choice":"Gave Idol","damage_taken":0,"relics_obtained":["Bloody Idol"],"max_hp_gain":0,"max_hp_loss":0,"event_name":"Forgotten Altar","floor":27,"relics_lost":["Golden Idol"],"gold_loss":0},{"damage_healed":28,"gold_gain":0,"player_choice":"Heal","damage_taken":0,"max_hp_gain":0,"max_hp_loss":0,"event_name":"The Library","floor":30,"gold_loss":0}],"is_beta":false,"boss_relics":[{"not_picked":["Replay:Ancient Bell","SlaversCollar"],"picked":"REME_LowDesire"}],"items_purged_floors":[],"is_endless":false,"potions_floor_spawned":[1,8,16,23,28,29],"killed_by":"Collector","ascension_level":8}}