{"host":"1u4zr9vl8my47i07","time":1609898791,"event":{"mods":["AchievementEnabler","BaseMod","DeckTracker","Highlight Path","Keyboard Shortcuts","Minty Spire (QoL Compilation)","Relic Stats","StSLib","SuperFastMode","The Animator","Uncapped","Waifu the Spire","everything is the same but u backflip on backflip"],"gold_per_floor":[119,69,83,83,49,49,60,60,60,26,40,40,40,50,50,127,127,140,140,140,155,155,155,172,172,172,184,106,145,171,40,40,112,112,130,142,142,154,167,167,92,92,92],"floor_reached":42,"playtime":1749,"items_purged":["Strike_G"],"score":752,"play_id":"8cbcae68-e444-49ae-b0be-26cc6b135449","local_time":"20210106110631","is_ascension_mode":true,"campfire_choices":[{"data":"Blade Dance","floor":6,"key":"SMITH"},{"data":"Calculated Gamble","floor":8,"key":"SMITH"},{"data":"Accuracy","floor":12,"key":"SMITH"},{"floor":15,"key":"REST"},{"data":"Adrenaline","floor":23,"key":"SMITH"},{"floor":25,"key":"REST"},{"data":"Noxious Fumes","floor":27,"key":"SMITH"},{"data":"Wraith Form v2","floor":32,"key":"SMITH"},{"floor":40,"key":"REST"}],"circlet_count":0,"master_deck":["AscendersBane","Strike_G","Defend_G","Defend_G","Defend_G","Defend_G+1","Defend_G","Survivor","Neutralize","Wraith Form v2+1","Acrobatics","Blade Dance+1","Accuracy+1","Calculated Gamble+1","Noxious Fumes+1","All Out Attack","Leg Sweep","Adrenaline+1","Backflip+1","Crippling Poison","Infinite Blades+1","Corpse Explosion","Cloak And Dagger","Footwork","Blade Dance","Parasite"],"relics":["Ring of the Snake","Shuriken","SlaversCollar","War Paint","MawBank","Toy Ornithopter","TheAbacus","WristBlade"],"acts_visited":["Exordium","TheCity","TheBeyond"],"potions_floor_usage":[16,29,33,35,38],"damage_taken":[{"damage":4,"enemies":"Small Slimes","floor":1,"turns":6},{"damage":2,"enemies":"2 Louse","floor":3,"turns":4},{"damage":1,"enemies":"Jaw Worm","floor":7,"turns":2},{"damage":13,"enemies":"Exordium Thugs","floor":11,"turns":6},{"damage":0,"enemies":"Red Slaver","floor":14,"turns":3},{"damage":12,"enemies":"Slime Boss","floor":16,"turns":9},{"damage":17,"enemies":"Shell Parasite","floor":18,"turns":7},{"damage":2,"enemies":"Spheric Guardian","floor":21,"turns":4},{"damage":19,"enemies":"Snake Plant","floor":24,"turns":6},{"damage":0,"enemies":"Book of Stabbing","floor":29,"turns":5},{"damage":0,"enemies":"Chosen and Byrds","floor":30,"turns":5},{"damage":13,"enemies":"Collector","floor":33,"turns":10},{"damage":15,"enemies":"Orb Walker","floor":35,"turns":4},{"damage":15,"enemies":"3 Shapes","floor":36,"turns":4},{"damage":21,"enemies":"Maw","floor":38,"turns":6},{"damage":15,"enemies":"Jaw Worm Horde","floor":39,"turns":2},{"damage":4,"enemies":"Writhing Mass","floor":42,"turns":3}],"seed_played":"-4588708350247718521","potions_obtained":[{"floor":3,"key":"DistilledChaos"},{"floor":11,"key":"Energy Potion"},{"floor":21,"key":"Energy Potion"},{"floor":29,"key":"CunningPotion"},{"floor":33,"key":"Energy Potion"},{"floor":35,"key":"FairyPotion"}],"is_trial":false,"path_per_floor":["M","?","M","?","$","R","M","R","T","$","M","R","$","M","R","B",null,"M","T","?","M","?","R","M","R","T","R","?","E","M","$","R","B",null,"M","M","?","M","M","R","$","M"],"character_chosen":"THE_SILENT","items_purchased":["Accuracy","Noxious Fumes","TheAbacus"],"campfire_rested":3,"item_purchase_floors":[5,10,31],"current_hp_per_floor":[59,59,57,50,50,50,49,49,49,49,36,36,36,36,57,45,64,47,47,47,45,45,45,26,47,47,47,47,47,47,47,47,39,62,52,37,30,14,21,42,42,38,38],"gold":92,"neow_bonus":"ONE_RANDOM_RARE_CARD","is_daily":false,"chose_seed":false,"campfire_upgraded":6,"win_rate":0.0,"timestamp":1609898791,"path_taken":["M","?","M","?","$","R","M","R","T","$","M","R","?","?","R","BOSS","M","?","?","M","?","R","M","R","T","R","?","E","?","$","R","BOSS","M","M","?","M","?","R","$","M"],"items_purchased_type":["Card","Card","Relic"],"build_version":"2020-12-22","purchased_purges":1,"victory":false,"max_hp_per_floor":[70,70,70,70,70,70,70,70,70,70,70,70,70,70,70,70,70,70,70,70,70,70,70,70,70,70,70,70,70,70,70,70,70,70,70,70,70,70,70,70,70,70,70],"relic_stats":{"TheAbacus":[42],"counters":[17,86],"Shuriken":[37],"War Paint":["Backflip","Defend_G"],"MawBank":60,"obtain_stats":[{"SlaversCollar":17,"TheAbacus":31,"WristBlade":34,"Shuriken":9,"War Paint":19,"MawBank":26,"Toy Ornithopter":29,"Ring of the Snake":0},{"SlaversCollar":6,"TheAbacus":11,"WristBlade":12,"Shuriken":3,"War Paint":7,"MawBank":9,"Toy Ornithopter":10,"Ring of the Snake":0},{"SlaversCollar":30,"TheAbacus":57,"WristBlade":67,"Shuriken":12,"War Paint":37,"MawBank":47,"Toy Ornithopter":52,"Ring of the Snake":0}],"Toy Ornithopter":15,"Ring of the Snake":[34]},"card_choices":[{"not_picked":["Sucker Punch","Deflect"],"picked":"Acrobatics","floor":1},{"not_picked":["Bane","Heel Hook"],"picked":"Blade Dance","floor":3},{"not_picked":["Caltrops","Finisher"],"picked":"Calculated Gamble","floor":7},{"not_picked":["Caltrops","Flechettes"],"picked":"All Out Attack","floor":11},{"not_picked":["Bane","Distraction"],"picked":"Leg Sweep","floor":14},{"not_picked":["Storm of Steel","Malaise"],"picked":"Adrenaline","floor":16},{"not_picked":["Slice","Terror"],"picked":"Backflip","floor":18},{"not_picked":["Slice","Sucker Punch+1","Finisher"],"picked":"SKIP","floor":21},{"not_picked":["Noxious Fumes","Finisher+1"],"picked":"Infinite Blades","floor":24},{"not_picked":["Bouncing Flask","Dagger Throw","Skewer"],"picked":"SKIP","floor":29},{"not_picked":["Dagger Throw","Underhanded Strike+1","Eviscerate"],"picked":"SKIP","floor":30},{"not_picked":["Night Terror","Unload"],"picked":"Corpse Explosion","floor":33},{"not_picked":["Dagger Spray","Sucker Punch+1","Outmaneuver"],"picked":"SKIP","floor":35},{"not_picked":["Deflect","Dodge and Roll+1"],"picked":"Cloak And Dagger","floor":36},{"not_picked":["Catalyst","Slice"],"picked":"Footwork","floor":38},{"not_picked":["Deflect","Envenom"],"picked":"Blade Dance","floor":39}],"player_experience":297757,"relics_obtained":[{"floor":9,"key":"Shuriken"},{"floor":19,"key":"War Paint"},{"floor":26,"key":"MawBank"},{"floor":29,"key":"Toy Ornithopter"}],"event_choices":[{"cards_removed":["Strike_G"],"damage_healed":0,"gold_gain":0,"player_choice":"Card Removal","damage_taken":0,"max_hp_gain":0,"max_hp_loss":0,"event_name":"The Cleric","floor":2,"gold_loss":50},{"cards_removed":["Strike_G"],"damage_healed":0,"gold_gain":0,"player_choice":"Card Removal","damage_taken":7,"max_hp_gain":0,"max_hp_loss":0,"event_name":"Golden Wing","floor":4,"gold_loss":0},{"damage_healed":0,"gold_gain":0,"player_choice":"Read","damage_taken":0,"max_hp_gain":0,"max_hp_loss":0,"event_name":"The Library","floor":20,"gold_loss":0,"cards_obtained":["Crippling Poison"]},{"damage_healed":0,"gold_gain":0,"player_choice":"Ignored","damage_taken":0,"max_hp_gain":0,"max_hp_loss":0,"event_name":"Cursed Tome","floor":22,"gold_loss":0},{"cards_removed":["Strike_G"],"damage_healed":0,"gold_gain":0,"player_choice":"Upgrade and Remove","damage_taken":0,"max_hp_gain":0,"max_hp_loss":0,"event_name":"Designer","floor":28,"gold_loss":90,"cards_upgraded":["Infinite Blades"]},{"damage_healed":0,"gold_gain":0,"player_choice":"Damaged","damage_taken":7,"max_hp_gain":0,"max_hp_loss":0,"event_name":"Wheel of Change","floor":37,"gold_loss":0}],"is_beta":false,"boss_relics":[{"not_picked":["SacredBark","Snecko Eye"],"picked":"SlaversCollar"},{"not_picked":["Empty Cage","Astrolabe"],"picked":"WristBlade"}],"items_purged_floors":[41],"is_endless":false,"potions_floor_spawned":[3,11,14,21,24,29,30,33,35,36],"killed_by":"Writhing Mass","ascension_level":13}}