{"host":"odz7g4gpgch153rb","time":1609971155,"event":{"mods":["AchievementEnabler","BaseMod","Better Match","Better Third Choice","BetterRewards","GifTheSpireLib","Infinite Spire","Jedi Mod","Minty Spire (QoL Compilation)","Quick Restart","Replay The Spire","Spikes Relics","StSLib","Stuff the Spire","The Blue Laboratory","Trackpad"],"gold_per_floor":[110,35,35,47,47,77,92,92,92,123,123,133,133,33,33,33,33],"floor_reached":16,"playtime":522,"items_purged":["Strike_B","Strike_B"],"score":246,"play_id":"bcf24813-a1bb-446a-8c5e-2f1dbabf50d3","local_time":"20210106171235","is_ascension_mode":true,"campfire_choices":[{"data":"Defragment","floor":8,"key":"SMITH"},{"data":"Zap","floor":11,"key":"SMITH"},{"floor":13,"key":"REST"},{"data":"Conserve Battery","floor":15,"key":"SMITH"}],"circlet_count":0,"master_deck":["AscendersBane","Strike_B","Strike_B","Defend_B","Defend_B","Defend_B","Defend_B","Zap+1","Dualcast+1","Defragment+1","Leap","Conserve Battery+1"],"relics":["Cracked Core","NeowsBlessing","SuspiciousGoo","StuffTheSpire:CocoNut","Snack Pack"],"acts_visited":["Exordium"],"potions_floor_usage":[10,16],"damage_taken":[{"damage":0,"enemies":"Cultist","floor":1,"turns":1},{"damage":0,"enemies":"Small Slimes","floor":4,"turns":1},{"damage":0,"enemies":"3 Sentries","floor":6,"turns":1},{"damage":7,"enemies":"Jaw Worm","floor":7,"turns":3},{"damage":27,"enemies":"Lagavulin","floor":10,"turns":6},{"damage":5,"enemies":"Red Slaver","floor":12,"turns":3},{"damage":65,"enemies":"Slime Boss","floor":16,"turns":9}],"seed_played":"-4345502706220660855","potions_obtained":[{"floor":7,"key":"Adrenaline Potion"},{"floor":12,"key":"Weak Potion"}],"is_trial":false,"path_per_floor":["M","$","?","M","$","E","M","R","T","E","R","M","R","$","R","B"],"character_chosen":"DEFECT","items_purchased":[],"campfire_rested":1,"item_purchase_floors":[],"current_hp_per_floor":[64,64,64,64,64,64,57,57,64,37,37,32,55,55,55,0,0],"gold":33,"neow_bonus":"THREE_ENEMY_KILL","is_daily":false,"chose_seed":false,"campfire_upgraded":3,"win_rate":0.0,"timestamp":1609971155,"path_taken":["M","?","?","M","$","E","M","R","T","E","R","M","R","$","R","BOSS"],"items_purchased_type":[],"build_version":"2020-12-22","purchased_purges":2,"victory":false,"max_hp_per_floor":[71,71,71,71,71,71,71,71,78,78,78,78,78,78,78,78,78],"card_choices":[{"not_picked":["Coolheaded","Hologram","Barrage"],"picked":"SKIP","floor":1},{"not_picked":["Recycle","Cold Snap"],"picked":"Defragment","floor":4},{"not_picked":["Melter","Turbo","Redo"],"picked":"SKIP","floor":6},{"not_picked":["Go for the Eyes","ReplaySolidLightProjector","jedi:sharpshooter"],"picked":"SKIP","floor":7},{"not_picked":["BasicCrystalCard","Cold Snap"],"picked":"Leap","floor":10},{"not_picked":["Rip and Tear","StuffTheSpire:LoadUp"],"picked":"Conserve Battery","floor":12}],"player_experience":1001058,"relics_obtained":[{"floor":6,"key":"SuspiciousGoo"},{"floor":9,"key":"StuffTheSpire:CocoNut"},{"floor":10,"key":"Snack Pack"}],"event_choices":[],"is_beta":false,"boss_relics":[],"items_purged_floors":[2,14],"is_endless":false,"potions_floor_spawned":[7,12],"killed_by":"Slime Boss","ascension_level":17}}