{"host":"j4g6ia6asvpyu2b0","time":1609891623,"event":{"mods":["BaseMod","Colored Map","Minty Spire (QoL Compilation)","Permanent Neow","Quick Restart","Relic Stats","StSLib","Unceasing Turn Reminder"],"gold_per_floor":[118,133,151,151,170,170,202,61,61,91,166,341,341,360,360,460,460,471,471,483,213,66,99,99,131,206,206,241,241,241],"floor_reached":29,"playtime":584,"items_purged":["Doubt"],"score":401,"play_id":"286ab6b9-df9f-49e5-96d6-b8b4983ac82c","local_time":"20210105170703","is_ascension_mode":true,"campfire_choices":[{"data":"Bash","floor":6,"key":"SMITH"},{"data":"Demon Form","floor":13,"key":"SMITH"},{"data":"Double Tap","floor":15,"key":"SMITH"},{"floor":24,"key":"REST"},{"floor":27,"key":"REST"}],"circlet_count":0,"master_deck":["Strike_R","Strike_R","Strike_R","Strike_R","Strike_R","Defend_R","Defend_R","Defend_R","Defend_R","Bash+1","Inflame","Spot Weakness+1","Pommel Strike","Clothesline","Double Tap+1","Demon Form+1","Evolve","Feed+1","Barricade","Fiend Fire"],"relics":["Velvet Choker","Orichalcum","Singing Bowl","Shovel","Philosopher\u0027s Stone","Brimstone","WingedGreaves","Oddly Smooth Stone","Eternal Feather","Art of War"],"acts_visited":["Exordium","TheCity"],"potions_floor_usage":[5,16,23,25],"damage_taken":[{"damage":2,"enemies":"Jaw Worm","floor":1,"turns":3},{"damage":2,"enemies":"Small Slimes","floor":2,"turns":3},{"damage":0,"enemies":"2 Louse","floor":3,"turns":3},{"damage":1,"enemies":"Exordium Thugs","floor":5,"turns":3},{"damage":6,"enemies":"Gremlin Nob","floor":7,"turns":3},{"damage":22,"enemies":"3 Sentries","floor":10,"turns":5},{"damage":4,"enemies":"Looter","floor":14,"turns":3},{"damage":12,"enemies":"Slime Boss","floor":16,"turns":6},{"damage":29,"enemies":"3 Byrds","floor":18,"turns":6},{"damage":4,"enemies":"Chosen","floor":20,"turns":4},{"damage":34,"enemies":"Slavers","floor":23,"turns":3},{"damage":21,"enemies":"Book of Stabbing","floor":25,"turns":3},{"damage":54,"enemies":"Slavers","floor":28,"turns":4},{"damage":10,"enemies":"Centurion and Healer","floor":29,"turns":1}],"seed_played":"-6042187777080043386","potions_obtained":[{"floor":2,"key":"Energy Potion"},{"floor":3,"key":"Strength Potion"},{"floor":5,"key":"CultistPotion"},{"floor":14,"key":"Swift Potion"},{"floor":23,"key":"BlessingOfTheForge"},{"floor":25,"key":"LiquidBronze"}],"is_trial":false,"path_per_floor":["M","M","M","?","M","R","E","$","T","E","?","?","R","M","R","B",null,"M","?","M","$","$","E","R","E","T","R","E","M"],"character_chosen":"IRONCLAD","items_purchased":["Demon Form","PowerPotion","Barricade","Brimstone"],"campfire_rested":2,"item_purchase_floors":[8,21,21,22],"current_hp_per_floor":[70,68,68,68,67,67,61,61,61,39,28,28,28,26,26,14,65,41,41,39,39,39,11,39,18,18,58,10,0,0],"gold":241,"neow_bonus":"BOSS_RELIC","is_daily":false,"chose_seed":false,"campfire_upgraded":3,"win_rate":0.0,"timestamp":1609891623,"path_taken":["M","M","M","?","M","R","E","$","T","E","?","?","R","M","R","BOSS","M","?","M","?","$","E","R","E","T","R","E","M"],"items_purchased_type":["Card","Potion","Card","Relic"],"build_version":"2020-12-22","purchased_purges":1,"victory":false,"max_hp_per_floor":[80,80,80,80,80,80,80,80,80,80,80,80,80,82,82,82,82,87,87,89,89,89,95,95,95,95,95,101,101,101],"relic_stats":{"Shovel":0,"Singing Bowl":10,"counters":[14,50],"Eternal Feather":12,"Art of War":[0],"Orichalcum":[150],"obtain_stats":[{"Shovel":10,"Singing Bowl":9,"Brimstone":22,"Velvet Choker":0,"Oddly Smooth Stone":25,"Philosopher\u0027s Stone":17,"Eternal Feather":26,"WingedGreaves":23,"Art of War":28,"Orichalcum":7,"Burning Blood":0},{"Shovel":6,"Singing Bowl":5,"Brimstone":10,"Velvet Choker":0,"Oddly Smooth Stone":12,"Philosopher\u0027s Stone":8,"Eternal Feather":12,"WingedGreaves":11,"Art of War":13,"Orichalcum":5,"Burning Blood":0},{"Shovel":20,"Singing Bowl":15,"Brimstone":39,"Velvet Choker":0,"Oddly Smooth Stone":45,"Philosopher\u0027s Stone":29,"Eternal Feather":45,"WingedGreaves":42,"Art of War":49,"Orichalcum":15,"Burning Blood":0}]},"card_choices":[{"not_picked":["Clash","Combust"],"picked":"Inflame","floor":1},{"not_picked":["Feel No Pain","Flex"],"picked":"Spot Weakness","floor":2},{"not_picked":["Perfected Strike","Body Slam"],"picked":"Pommel Strike","floor":3},{"not_picked":["Combust","Battle Trance"],"picked":"Clothesline","floor":5},{"not_picked":["Armaments","Clothesline"],"picked":"Double Tap","floor":7},{"not_picked":["Wild Strike","Thunderclap"],"picked":"Evolve","floor":10},{"not_picked":["Searing Blow","True Grit","Thunderclap"],"picked":"Singing Bowl","floor":14},{"not_picked":["Double Tap","Berserk"],"picked":"Feed","floor":16},{"not_picked":["Clothesline","Body Slam","Clash"],"picked":"Singing Bowl","floor":18},{"not_picked":["Warcry","Perfected Strike","Sever Soul+1"],"picked":"Singing Bowl","floor":20},{"not_picked":["Sever Soul+1","Perfected Strike","Clothesline"],"picked":"Singing Bowl","floor":23},{"not_picked":["Dropkick","Dual Wield"],"picked":"Fiend Fire","floor":25},{"not_picked":["Dual Wield","Flex","Headbutt"],"picked":"Singing Bowl","floor":28}],"player_experience":723902,"relics_obtained":[{"floor":7,"key":"Orichalcum"},{"floor":9,"key":"Singing Bowl"},{"floor":10,"key":"Shovel"},{"floor":23,"key":"WingedGreaves"},{"floor":25,"key":"Oddly Smooth Stone"},{"floor":26,"key":"Eternal Feather"},{"floor":28,"key":"Art of War"}],"event_choices":[{"damage_healed":0,"gold_gain":0,"player_choice":"Grow","damage_taken":0,"max_hp_gain":0,"max_hp_loss":0,"event_name":"Living Wall","floor":4,"gold_loss":0,"cards_upgraded":["Spot Weakness"]},{"damage_healed":0,"gold_gain":75,"player_choice":"Gather Gold","damage_taken":11,"max_hp_gain":0,"max_hp_loss":0,"event_name":"World of Goop","floor":11,"gold_loss":0},{"damage_healed":0,"gold_gain":175,"player_choice":"AGREE","damage_taken":0,"max_hp_gain":0,"max_hp_loss":0,"event_name":"Liars Game","floor":12,"gold_loss":0,"cards_obtained":["Doubt"]},{"damage_healed":0,"gold_gain":0,"player_choice":"Upgraded","damage_taken":0,"max_hp_gain":0,"max_hp_loss":0,"event_name":"Upgrade Shrine","floor":19,"gold_loss":0,"cards_upgraded":["Feed"]}],"is_beta":false,"boss_relics":[{"not_picked":["Astrolabe","Tiny House"],"picked":"Philosopher\u0027s Stone"}],"items_purged_floors":[21],"is_endless":false,"potions_floor_spawned":[2,3,5,14,23,25],"killed_by":"Centurion and Healer","ascension_level":6}}