{"host":"wwmqne3dwir10erh","time":1609903901,"event":{"mods":["BaseMod","Better Note","Hubris","Mimic Mod","Minty Spire (QoL Compilation)","Replay The Spire","StSLib","The Bladedancer"],"gold_per_floor":[120,142,142,158,183,183,222,222,222,238,238,8,42,65,65,171,171,192,192,210,80,96,96,96,96,139,139,178,200,200,240,240,348,348,365,9,64,80,80,119,144,184,238,250,262,262],"floor_reached":45,"playtime":2354,"items_purged":["Replay:Hysterical Blindness","Deadly Poison"],"score":524,"play_id":"a03f73c4-b7b9-460b-8764-56d9d826b649","local_time":"20210105223141","is_ascension_mode":true,"campfire_choices":[{"data":"Neutralize","floor":6.0,"key":"SMITH"},{"floor":8.0,"key":"REST"},{"data":"hubris:Counter","floor":11.0,"key":"SMITH"},{"data":"ReplayTheSpireMod:Scrap Shanks","floor":15.0,"key":"SMITH"},{"floor":23.0,"key":"REST"},{"data":"Glass Knife","floor":25.0,"key":"SMITH"},{"data":"Footwork","floor":27.0,"key":"SMITH"},{"data":"Dagger Spray","floor":30.0,"key":"SMITH"}],"circlet_count":0,"master_deck":["Strike_G","Defend_G","Defend_G","Defend_G","Survivor","Neutralize+1","hubris:Greed","Dagger Throw+1","hubris:Counter+1","Cloak And Dagger","Bane","Deadly Poison","Bouncing Flask","ReplayTheSpireMod:Scrap Shanks+1","Glass Knife+1","Noxious Fumes+1","Footwork+1","All Out Attack+1","Dagger Spray+1","Distraction+1","Venomology","hubris:DuctTapeCard","Die Die Die","AbeCurse","Deadly Poison+1","ReplayTheSpireMod:Scrap Shanks","Flash of Steel","Panacea","Discovery","hubris:Wrath","ReplayTheSpireMod:IOU","ReplayTheSpireMod:Speed Training+1"],"relics":["Kintsugi","hubris:DeckOfHolding","ReplayTheSpireMod:Shallot","Tiny Chest","hubris:SlimyHat","Letter Opener","Meat on the Bone","hubris:DuctTape","Replay:Grab Bag","Cursed Key","Abe\u0027s Treasure","hubris:ScarierMask","Blood Vial","CaptainsWheel","hubris:SphereOfDissonance","Regal Pillow","MawBank","Unceasing Top","hubris:Icosahedron"],"acts_visited":["Exordium","TheCity","TheBeyond"],"potions_floor_usage":[33,33,36,37,40,42,43,43,43,43,43,45,45],"damage_taken":[{"damage":0.0,"enemies":"2 Louse","floor":1.0,"turns":7.0},{"damage":0.0,"enemies":"Small Slimes","floor":2.0,"turns":5.0},{"damage":2.0,"enemies":"Cultist","floor":4.0,"turns":4.0},{"damage":5.0,"enemies":"Red Slaver","floor":5.0,"turns":5.0},{"damage":17.0,"enemies":"Lagavulin","floor":7.0,"turns":8.0},{"damage":7.0,"enemies":"Large Slime","floor":10.0,"turns":6.0},{"damage":10.0,"enemies":"Gremlin Nob","floor":13.0,"turns":4.0},{"damage":2.0,"enemies":"Exordium Wildlife","floor":14.0,"turns":5.0},{"damage":39.0,"enemies":"Slime Boss","floor":16.0,"turns":13.0},{"damage":4.0,"enemies":"3 Byrds","floor":18.0,"turns":5.0},{"damage":0.0,"enemies":"Shell Parasite","floor":20.0,"turns":4.0},{"damage":28.0,"enemies":"Snake Plant","floor":22.0,"turns":5.0},{"damage":4.0,"enemies":"Sentry and Sphere","floor":26.0,"turns":7.0},{"damage":8.0,"enemies":"Sentry and Sphere","floor":28.0,"turns":6.0},{"damage":20.0,"enemies":"Sentry and Sphere","floor":29.0,"turns":6.0},{"damage":14.0,"enemies":"Replay:Snechameleon","floor":31.0,"turns":6.0},{"damage":39,"enemies":"Automaton","floor":33,"turns":10},{"damage":4,"enemies":"Orb Walker","floor":35,"turns":3},{"damage":5,"enemies":"Mind Bloom Boss Battle","floor":37,"turns":6},{"damage":1,"enemies":"3 Darklings","floor":38,"turns":4},{"damage":25,"enemies":"Nemesis","floor":40,"turns":6},{"damage":37,"enemies":"R_Hoarder","floor":42,"turns":7},{"damage":9,"enemies":"Maw","floor":43,"turns":7},{"damage":47,"enemies":"Nemesis","floor":45,"turns":6}],"seed_played":"2913315929478936154","potions_obtained":[{"floor":7.0,"key":"SkillPotion"},{"floor":10.0,"key":"LifebloodPotion"},{"floor":13.0,"key":"Explosive Potion"},{"floor":16.0,"key":"Poison Potion"},{"floor":22.0,"key":"Energy Potion"},{"floor":31.0,"key":"SkillPotion"},{"floor":33,"key":"EssenceOfSteel"},{"floor":38,"key":"Weak Potion"},{"floor":42,"key":"Poison Potion"}],"is_trial":false,"path_per_floor":["M","M","?","M","M","R","E","R","T","M","R","$","E","M","R","B",null,"M","?","M","$","M","R","$","R","MIM","R","MIM","M","R","E","R","B",null,"M","$","?","M","?","E","T","E","MIM","?","E"],"character_chosen":"THE_SILENT","items_purchased":["Tiny Chest","Footwork","All Out Attack+1","Blood Vial","Fruit Juice"],"campfire_rested":2,"item_purchase_floors":[12,21,21,36,36],"current_hp_per_floor":[70,70,70,68,63,63,46,67,67,60,60,60,50,48,48,9,70,66,66,66,66,38,59,59,59,55,55,47,39,39,37,58,31,70,66,71,68,69,59,48,48,25,30,30,0,0],"gold":262,"neow_bonus":"BOSS_RELIC","is_daily":false,"chose_seed":false,"campfire_upgraded":6,"win_rate":0.0,"timestamp":1609903901,"path_taken":["M","M","?","M","M","R","E","R","T","M","R","$","E","M","R","BOSS","M","?","?","$","M","R","?","R","MIM","R","?","?","R","E","R","BOSS","M","$","?","M","?","E","?","E","MIM","?","E"],"items_purchased_type":["Relic","Card","Card","Relic","Potion"],"build_version":"2020-12-22","purchased_purges":2,"victory":false,"max_hp_per_floor":[70,70,70,70,70,70,70,70,70,70,70,70,70,70,70,70,70,70,70,70,70,70,70,70,70,70,70,70,70,70,70,70,70,70,70,75,75,75,75,75,75,75,75,75,75,75],"card_choices":[{"not_picked":["PiercingWail","Setup"],"picked":"Dagger Throw","floor":1.0},{"not_picked":["Outmaneuver","Sucker Punch"],"picked":"hubris:Counter","floor":2.0},{"not_picked":["Tactician","Dagger Throw"],"picked":"Cloak And Dagger","floor":4.0},{"not_picked":["Night Terror","Quick Slash"],"picked":"Bane","floor":5.0},{"not_picked":["Cloak And Dagger","Replay:Poison Smokescreen"],"picked":"Deadly Poison","floor":7.0},{"not_picked":["Outmaneuver","Flying Knee"],"picked":"Deadly Poison","floor":10.0},{"not_picked":["Underhanded Strike","Backstab"],"picked":"Bouncing Flask","floor":13.0},{"not_picked":["PiercingWail","Concentrate"],"picked":"ReplayTheSpireMod:Scrap Shanks","floor":14.0},{"not_picked":["Unload","Doppelganger"],"picked":"Glass Knife","floor":16.0},{"not_picked":["hubris:TrickCloak","Bane"],"picked":"Slice+1","floor":18.0},{"not_picked":["Bane","hubris:TrickCloak"],"picked":"Noxious Fumes+1","floor":20.0},{"not_picked":["Bouncing Flask","Leg Sweep"],"picked":"Deflect+1","floor":22.0},{"not_picked":["Flying Knee","Slice+1"],"picked":"Dagger Spray","floor":26.0},{"not_picked":["Hidden Blade","hubris:TrickCloak+1"],"picked":"Distraction","floor":28.0},{"not_picked":["Concentrate","Outmaneuver","Crippling Poison+1"],"picked":"SKIP","floor":29.0},{"not_picked":["hubris:SlightOfHand+1","Reflex"],"picked":"Venomology","floor":31.0},{"not_picked":["Bullet Time","Glass Knife"],"picked":"Die Die Die","floor":33},{"not_picked":["Dagger Throw+1","Quick Slash"],"picked":"Deadly Poison+1","floor":35},{"not_picked":["Blur","Prepared"],"picked":"ReplayTheSpireMod:Scrap Shanks","floor":38},{"not_picked":["hubris:Ssssneak","PanicButton"],"picked":"Flash of Steel","floor":39},{"not_picked":["Enlightenment","Mind Blast"],"picked":"Panacea","floor":39},{"not_picked":["Panacea","Purity"],"picked":"Discovery","floor":39},{"not_picked":["Bane","ReplayTheSpireMod:Shiv Toss","Outmaneuver"],"picked":"SKIP","floor":40},{"not_picked":["Tactician","All Out Attack+1","Sneak Up"],"picked":"SKIP","floor":42},{"not_picked":["Backflip","Hidden Blade+1"],"picked":"ReplayTheSpireMod:Speed Training+1","floor":43}],"player_experience":2254487,"relics_obtained":[{"floor":7.0,"key":"hubris:DeckOfHolding"},{"floor":9.0,"key":"ReplayTheSpireMod:Shallot"},{"floor":13.0,"key":"hubris:SlimyHat"},{"floor":26.0,"key":"Letter Opener"},{"floor":28.0,"key":"Meat on the Bone"},{"floor":31.0,"key":"hubris:DuctTape"},{"floor":37,"key":"CaptainsWheel"},{"floor":40,"key":"hubris:SphereOfDissonance"},{"floor":41,"key":"Regal Pillow"},{"floor":42,"key":"MawBank"},{"floor":43,"key":"Unceasing Top"}],"event_choices":[{"cards_removed":["Defend_G"],"damage_healed":0.0,"max_hp_gain":0.0,"max_hp_loss":0.0,"gold_gain":0.0,"event_name":"Bonfire Elementals","player_choice":"Offered Basic","floor":19.0,"gold_loss":0.0,"damage_taken":0.0},{"damage_healed":0,"gold_gain":0,"player_choice":"Fight","damage_taken":0,"max_hp_gain":0,"max_hp_loss":0,"event_name":"MindBloom","floor":37,"gold_loss":0},{"damage_healed":0,"gold_gain":0,"player_choice":"Memory 3","damage_taken":10,"max_hp_gain":0,"max_hp_loss":0,"event_name":"SensoryStone","floor":39,"gold_loss":0}],"is_beta":false,"boss_relics":[{"not_picked":["Coffee Dripper","Sozu","Runic Pyramid"]},{"not_picked":["hubris:BlackHole","Empty Cage"],"picked":"Replay:Grab Bag"},{"not_picked":["ReplayTheSpireMod:DimensionalGlitch","hubris:RunicObelisk"],"picked":"Cursed Key"},{"not_picked":["Philosopher\u0027s Stone","Painkiller Herb"],"picked":"Abe\u0027s Treasure"},{"not_picked":["SlaversCollar","Pandora\u0027s Box"],"picked":"hubris:ScarierMask"}],"items_purged_floors":[12,36],"is_endless":false,"potions_floor_spawned":[7,10,13,16,22,31,33,38,42],"killed_by":"Nemesis","ascension_level":1}}