{"host":"yiit85oc4oi3nqs8","time":1609925199,"event":{"mods":["AchievementEnabler","BaseMod","Better Third Choice","Block Reminder","DeckTracker","Highlight Path","Keyboard Shortcuts","Minty Spire (QoL Compilation)","MonsterHotkey","Quick Restart","Random Character Button","Relic Stats","StSLib"],"gold_per_floor":[113,126,145,158,158,233,233,245,245,245,245,279,179,55,55,55,55,55,75,75,75,75,75,105,117,139,162,174,186,274,286,311,323,385,397,409,421,433,458,470,482,521,533,575,587,599,638,674,686,698,710,722,734,756,796,808,745,757,769,859,871,898,1029,1041,621,621,621,644,644,675,675,710,710,710,710,733,733,751,786,786,786,811,827,827,827,827,827],"floor_reached":88,"playtime":3218,"items_purged":["Strike_B","Strike_B","Defend_B+1"],"score":1863,"play_id":"a44ea9d5-ec6e-4dbc-9a31-5609eebcbcf6","local_time":"20210106182639","is_ascension_mode":true,"campfire_choices":[{"data":"Zap","floor":10,"key":"SMITH"},{"data":"Hologram","floor":11,"key":"SMITH"},{"data":"Beam Cell","floor":18,"key":"SMITH"},{"data":"Dualcast","floor":20,"key":"SMITH"},{"floor":23,"key":"REST"},{"data":"Go for the Eyes","floor":25,"key":"SMITH"},{"data":"Glacier","floor":28,"key":"SMITH"},{"data":"Gash","floor":29,"key":"SMITH"},{"data":"Hologram","floor":41,"key":"SMITH"},{"data":"Gash","floor":43,"key":"SMITH"},{"data":"Gash","floor":45,"key":"SMITH"},{"data":"Defend_B","floor":46,"key":"SMITH"},{"floor":49,"key":"RECALL"},{"floor":51,"key":"REST"},{"data":"Defend_B","floor":58,"key":"SMITH"},{"floor":59,"key":"REST"},{"floor":71,"key":"REST"},{"data":"Madness","floor":84,"key":"SMITH"},{"data":"Madness","floor":85,"key":"SMITH"},{"data":"Coolheaded","floor":86,"key":"SMITH"}],"circlet_count":0,"master_deck":["AscendersBane","Zap+1","Dualcast+1","Hologram+1","Beam Cell+1","Gash+1","Glacier+1","Go for the Eyes+1","Gash+1","Gash+1","Capacitor+1","Creative AI+1","Hologram+1","Self Repair+1","Echo Form+1","Coolheaded+1","Chill","Madness+1","Madness+1","Machine Learning+1"],"relics":["Cracked Core","Bronze Scales","Frozen Egg 2","Gambling Chip","Cables","MawBank","SacredBark","Oddly Smooth Stone","Torii","Pear","Pen Nib","Juzu Bracelet","Enchiridion","Turnip","Letter Opener","Incense Burner","Black Star","Mercury Hourglass","TungstenRod","Akabeko","DataDisk","Sundial","Lizard Tail","Symbiotic Virus","Kunai","Mummified Hand","White Beast Statue","Art of War","Bottled Lightning","Nunchaku","Bag of Marbles","Centennial Puzzle","Bottled Tornado"],"acts_visited":["Exordium","TheCity","TheBeyond"],"potions_floor_usage":[12,12,24,44],"damage_taken":[{"damage":1,"enemies":"Cultist","floor":1,"turns":3},{"damage":1,"enemies":"2 Louse","floor":2,"turns":3},{"damage":2,"enemies":"Jaw Worm","floor":3,"turns":3},{"damage":4,"enemies":"Red Slaver","floor":4,"turns":4},{"damage":3,"enemies":"Blue Slaver","floor":8,"turns":5},{"damage":12,"enemies":"Gremlin Nob","floor":12,"turns":3},{"damage":0,"enemies":"Red Slaver","floor":19,"turns":2},{"damage":4,"enemies":"3 Sentries","floor":24,"turns":6},{"damage":0,"enemies":"Looter","floor":26,"turns":2},{"damage":11,"enemies":"Gremlin Gang","floor":27,"turns":4},{"damage":8,"enemies":"Hexaghost","floor":30,"turns":6},{"damage":6,"enemies":"3 Byrds","floor":32,"turns":3},{"damage":3,"enemies":"2 Thieves","floor":39,"turns":4},{"damage":6,"enemies":"Book of Stabbing","floor":42,"turns":4},{"damage":31,"enemies":"Slavers","floor":44,"turns":5},{"damage":0,"enemies":"Cultist and Chosen","floor":54,"turns":6},{"damage":8,"enemies":"Book of Stabbing","floor":55,"turns":4},{"damage":14,"enemies":"Automaton","floor":60,"turns":9},{"damage":42,"enemies":"3 Darklings","floor":62,"turns":5},{"damage":12,"enemies":"Giant Head","floor":70,"turns":5},{"damage":6,"enemies":"Nemesis","floor":72,"turns":5},{"damage":0,"enemies":"3 Shapes","floor":78,"turns":3},{"damage":7,"enemies":"Reptomancer","floor":79,"turns":5},{"damage":0,"enemies":"Giant Head","floor":82,"turns":5},{"damage":0,"enemies":"Maw","floor":83,"turns":5},{"damage":12,"enemies":"Awakened One","floor":87,"turns":7}],"seed_played":"-2628725317897771866","potions_obtained":[{"floor":4,"key":"Swift Potion"},{"floor":8,"key":"EssenceOfDarkness"},{"floor":19,"key":"Explosive Potion"},{"floor":27,"key":"Regen Potion"},{"floor":30,"key":"LiquidBronze"},{"floor":44,"key":"EssenceOfDarkness"},{"floor":55,"key":"AttackPotion"},{"floor":62,"key":"EssenceOfSteel"},{"floor":63,"key":"FairyPotion"}],"is_trial":false,"path_per_floor":["M","M","M","M","?","?","?","M","?","R","R","E","$","$","T","T","T","R","M","R","?","?","R","E","R","M","M","R","R","B",null,"M","?","?","T","?","?","?","M","?","R","E","R","E","R","R","T","T","R","?","R","T","?","M","E","?","?","R","R","B",null,"M","?","?","$","?","?","T","?","E","R","E","?","?","T","T","T","M","E","?","?","E","M","R","R","R","B",null],"character_chosen":"DEFECT","items_purchased":["Go for the Eyes","Gash","TungstenRod"],"campfire_rested":4,"item_purchase_floors":[13,14,65],"current_hp_per_floor":[63,62,60,56,56,45,45,42,42,42,42,30,30,30,30,30,30,30,30,30,30,26,47,43,43,43,32,32,32,24,59,53,53,53,53,53,53,53,50,50,50,44,44,57,57,57,57,57,57,36,60,60,60,70,72,66,66,66,81,77,80,58,58,58,58,58,58,58,58,66,81,81,81,81,81,81,81,81,81,67,67,77,81,81,81,81,79],"gold":827,"neow_bonus":"REMOVE_CARD","is_daily":false,"chose_seed":false,"campfire_upgraded":15,"win_rate":0.0,"timestamp":1609925199,"path_taken":["M","M","?","M","?","?","?","?","?","R","R","E","$","$","T","T","T","R","M","R","?","?","R","E","R","M","M","R","R","BOSS","M","?","?","?","?","?","?","?","?","R","E","R","E","R","R","T","T","R","?","R","?","?","M","E","?","?","R","R","BOSS","M","?","?","?","?","?","?","?","E","R","E","?","?","T","T","T","M","E","?","?","E","M","R","R","R","BOSS"],"items_purchased_type":["Card","Card","Relic"],"build_version":"2020-12-22","purchased_purges":3,"victory":true,"max_hp_per_floor":[71,71,71,71,71,71,71,71,71,71,71,71,71,71,71,71,71,71,71,71,71,71,71,71,71,71,71,71,71,71,71,71,71,71,71,71,71,71,71,71,71,71,71,81,81,81,81,81,81,81,81,81,81,81,81,81,81,81,81,81,81,81,81,81,81,81,81,81,81,81,81,81,81,81,81,81,81,81,81,81,81,81,81,81,81,81,81],"relic_stats":{"Torii":13,"counters":[26,115],"Pen Nib":[15],"Juzu Bracelet":5,"Letter Opener":[137],"MawBank":492,"Cables":[78,46,25,7,0],"Mercury Hourglass":[133],"Lizard Tail":0,"Nunchaku":[5],"Centennial Puzzle":[3],"Sundial":[8],"Mummified Hand":[41],"Bronze Scales":[310],"Gambling Chip":[37],"Turnip":[3],"Black Star":4,"Art of War":[1],"Kunai":[15],"obtain_stats":[{"Torii":42,"SacredBark":31,"Enchiridion":50,"Juzu Bracelet":48,"Incense Burner":55,"Bottled Tornado":82,"Lizard Tail":70,"Nunchaku":79,"Centennial Puzzle":82,"Sundial":69,"Mummified Hand":72,"Gambling Chip":16,"Kunai":72,"Cracked Core":0,"Pear":44,"Oddly Smooth Stone":36,"Pen Nib":47,"Letter Opener":53,"Frozen Egg 2":15,"MawBank":24,"Akabeko":66,"White Beast Statue":75,"Cables":17,"Mercury Hourglass":63,"DataDisk":68,"Bronze Scales":12,"Turnip":52,"Black Star":61,"Art of War":76,"Bag of Marbles":79,"Bottled Lightning":77,"Symbiotic Virus":70,"TungstenRod":65},{"Torii":14,"SacredBark":11,"Enchiridion":15,"Juzu Bracelet":15,"Incense Burner":17,"Bottled Tornado":24,"Lizard Tail":20,"Nunchaku":23,"Centennial Puzzle":24,"Sundial":19,"Mummified Hand":21,"Gambling Chip":6,"Kunai":21,"Cracked Core":0,"Pear":15,"Oddly Smooth Stone":12,"Pen Nib":15,"Letter Opener":15,"Frozen Egg 2":6,"MawBank":8,"Akabeko":19,"White Beast Statue":21,"Cables":6,"Mercury Hourglass":19,"DataDisk":19,"Bronze Scales":6,"Turnip":15,"Black Star":18,"Art of War":21,"Bag of Marbles":23,"Bottled Lightning":21,"Symbiotic Virus":20,"TungstenRod":19},{"Torii":52,"SacredBark":41,"Enchiridion":57,"Juzu Bracelet":57,"Incense Burner":67,"Bottled Tornado":104,"Lizard Tail":86,"Nunchaku":99,"Centennial Puzzle":104,"Sundial":81,"Mummified Hand":91,"Gambling Chip":21,"Kunai":91,"Cracked Core":0,"Pear":57,"Oddly Smooth Stone":44,"Pen Nib":57,"Letter Opener":57,"Frozen Egg 2":21,"MawBank":29,"Akabeko":81,"White Beast Statue":91,"Cables":21,"Mercury Hourglass":81,"DataDisk":81,"Bronze Scales":21,"Turnip":57,"Black Star":76,"Art of War":91,"Bag of Marbles":99,"Bottled Lightning":91,"Symbiotic Virus":86,"TungstenRod":81}],"TungstenRod":8},"card_choices":[{"not_picked":["Go for the Eyes","Reprogram"],"picked":"Hologram","floor":1},{"not_picked":["Barrage","Steam"],"picked":"Beam Cell","floor":2},{"not_picked":["Ball Lightning","Redo","Force Field"],"picked":"SKIP","floor":3},{"not_picked":["Hologram","Beam Cell"],"picked":"Gash","floor":4},{"not_picked":["Redo","Chaos","Storm"],"picked":"SKIP","floor":8},{"not_picked":["Meteor Strike","Compile Driver"],"picked":"Glacier","floor":12},{"not_picked":["Barrage","Ball Lightning"],"picked":"Gash","floor":19},{"not_picked":["Hologram","Biased Cognition+1"],"picked":"Capacitor+1","floor":24},{"not_picked":["Go for the Eyes","Sunder","Stack"],"picked":"SKIP","floor":26},{"not_picked":["Gash","Turbo","Double Energy"],"picked":"SKIP","floor":27},{"not_picked":["Core Surge","Reboot"],"picked":"Creative AI+1","floor":30},{"not_picked":["Compile Driver","Reinforced Body","Streamline"],"picked":"SKIP","floor":32},{"not_picked":["Go for the Eyes","Cold Snap"],"picked":"Hologram","floor":39},{"not_picked":["Darkness","Coolheaded","Tempest"],"picked":"SKIP","floor":42},{"not_picked":["Stack","Coolheaded"],"picked":"Self Repair+1","floor":44},{"not_picked":["Turbo","Leap","Reboot"],"picked":"SKIP","floor":54},{"not_picked":["Go for the Eyes","FTL","BootSequence+1"],"picked":"SKIP","floor":55},{"not_picked":["Multi-Cast","Rainbow"],"picked":"Echo Form+1","floor":60},{"not_picked":["Coolheaded+1","Beam Cell+1","Leap"],"picked":"SKIP","floor":62},{"not_picked":["Enlightenment","Jack Of All Trades","Swift Strike"],"picked":"SKIP","floor":63},{"not_picked":["Rebound","Barrage","Self Repair+1"],"picked":"SKIP","floor":70},{"not_picked":["Darkness","Tempest","BootSequence"],"picked":"SKIP","floor":72},{"not_picked":["Sunder","Reprogram+1"],"picked":"Chill","floor":78},{"not_picked":["Hello World+1","Compile Driver","Hologram"],"picked":"SKIP","floor":79},{"not_picked":["Sweeping Beam","Go for the Eyes","Hologram+1"],"picked":"SKIP","floor":82},{"not_picked":["Sweeping Beam","Leap+1"],"picked":"Machine Learning+1","floor":83}],"player_experience":473291,"relics_obtained":[{"floor":12,"key":"Bronze Scales"},{"floor":15,"key":"Frozen Egg 2"},{"floor":16,"key":"Gambling Chip"},{"floor":17,"key":"Cables"},{"floor":24,"key":"MawBank"},{"floor":36,"key":"Oddly Smooth Stone"},{"floor":42,"key":"Torii"},{"floor":44,"key":"Pear"},{"floor":47,"key":"Pen Nib"},{"floor":48,"key":"Juzu Bracelet"},{"floor":50,"key":"Enchiridion"},{"floor":52,"key":"Turnip"},{"floor":53,"key":"Letter Opener"},{"floor":55,"key":"Incense Burner"},{"floor":63,"key":"Mercury Hourglass"},{"floor":66,"key":"Akabeko"},{"floor":68,"key":"DataDisk"},{"floor":69,"key":"Sundial"},{"floor":70,"key":"Lizard Tail"},{"floor":70,"key":"Symbiotic Virus"},{"floor":72,"key":"Kunai"},{"floor":72,"key":"Mummified Hand"},{"floor":75,"key":"White Beast Statue"},{"floor":76,"key":"Art of War"},{"floor":77,"key":"Bottled Lightning"},{"floor":79,"key":"Nunchaku"},{"floor":79,"key":"Bag of Marbles"},{"floor":82,"key":"Centennial Puzzle"},{"floor":82,"key":"Bottled Tornado"}],"event_choices":[{"damage_healed":0,"gold_gain":75,"player_choice":"Gold","damage_taken":11,"max_hp_gain":0,"max_hp_loss":0,"event_name":"betterThird:BetterGoop","floor":6,"gold_loss":0},{"cards_removed":["Strike_B"],"damage_healed":0,"gold_gain":0,"player_choice":"Purged","damage_taken":0,"max_hp_gain":0,"max_hp_loss":0,"event_name":"Purifier","floor":7,"gold_loss":0},{"damage_healed":0,"gold_gain":0,"player_choice":"Ignored","damage_taken":75,"max_hp_gain":0,"max_hp_loss":0,"event_name":"betterThird:BetterSerpent","floor":21,"gold_loss":0},{"damage_healed":0,"gold_gain":0,"player_choice":"Bought 0 Potions","damage_taken":0,"max_hp_gain":0,"max_hp_loss":0,"event_name":"The Woman in Blue","floor":22,"gold_loss":0},{"damage_healed":0,"gold_gain":0,"player_choice":"Ignored","damage_taken":0,"max_hp_gain":0,"max_hp_loss":0,"event_name":"Vampires","floor":33,"gold_loss":0},{"damage_healed":0,"gold_gain":50,"player_choice":"Steal","damage_taken":0,"max_hp_gain":0,"max_hp_loss":0,"event_name":"betterThird:BetterNest","floor":34,"gold_loss":0},{"damage_healed":0,"gold_gain":0,"player_choice":"Ignored","damage_taken":0,"max_hp_gain":0,"max_hp_loss":0,"event_name":"The Mausoleum","floor":37,"gold_loss":0},{"cards_removed":["Defend_B"],"damage_healed":0,"gold_gain":0,"player_choice":"Offered Basic","damage_taken":0,"max_hp_gain":0,"max_hp_loss":0,"event_name":"Bonfire Elementals","floor":38,"gold_loss":0},{"damage_healed":0,"gold_gain":0,"player_choice":"Obtained Book","damage_taken":21,"max_hp_gain":0,"max_hp_loss":0,"event_name":"Cursed Tome","floor":50,"gold_loss":0},{"damage_healed":0,"gold_gain":0,"player_choice":"","damage_taken":6,"max_hp_gain":0,"max_hp_loss":0,"event_name":"Knowing Skull","floor":56,"potions_obtained":[],"gold_loss":0,"cards_obtained":[]},{"cards_removed":["Defend_B"],"damage_healed":0,"gold_gain":0,"player_choice":"Gave Gold","damage_taken":0,"max_hp_gain":0,"max_hp_loss":0,"event_name":"Beggar","floor":57,"gold_loss":75},{"damage_healed":0,"gold_gain":0,"player_choice":"Random: Red","damage_taken":0,"max_hp_gain":0,"max_hp_loss":0,"event_name":"betterThird:BetterPortal","floor":63,"gold_loss":0},{"damage_healed":0,"gold_gain":0,"player_choice":"Ignored","damage_taken":0,"max_hp_gain":0,"max_hp_loss":0,"event_name":"Upgrade Shrine","floor":64,"gold_loss":0},{"damage_healed":0,"gold_gain":0,"player_choice":"Relic","damage_taken":0,"max_hp_gain":0,"max_hp_loss":0,"event_name":"Wheel of Change","floor":66,"gold_loss":0},{"damage_healed":0,"gold_gain":0,"player_choice":"Ignored","damage_taken":0,"max_hp_gain":0,"max_hp_loss":0,"event_name":"Transmorgrifier","floor":67,"gold_loss":0},{"cards_removed":["Defend_B"],"damage_healed":0,"gold_gain":0,"player_choice":"Removed Skill","damage_taken":0,"max_hp_gain":0,"max_hp_loss":0,"event_name":"Falling","floor":73,"gold_loss":0},{"damage_healed":0,"gold_gain":0,"player_choice":"1 cards matched","damage_taken":0,"max_hp_gain":0,"max_hp_loss":0,"event_name":"Match and Keep!","floor":74,"gold_loss":0,"cards_obtained":["Coolheaded"]},{"damage_healed":0,"gold_gain":0,"player_choice":"Embrace Madness","damage_taken":15,"max_hp_gain":0,"max_hp_loss":0,"event_name":"Winding Halls","floor":80,"gold_loss":0,"cards_obtained":["Madness","Madness"]},{"damage_healed":0,"gold_gain":0,"player_choice":"Memory 1","damage_taken":0,"max_hp_gain":0,"max_hp_loss":0,"event_name":"SensoryStone","floor":81,"gold_loss":0}],"is_beta":false,"boss_relics":[{"not_picked":["Velvet Choker","Busted Crown"],"picked":"SacredBark"},{"not_picked":["Calling Bell","Pandora\u0027s Box"],"picked":"Black Star"}],"items_purged_floors":[13,14,65],"is_endless":false,"potions_floor_spawned":[4,8,19,27,30,44,55,62,72,78,79,82,83],"ascension_level":15}}