{"host":"g75gtovmj0ine2rf","time":1609933914,"event":{"mods":["2.2 Compatiblity","AchievementEnabler","Act Like it!","Aspiration","Astrologer","Bard","BaseMod","Better Match","BetterRewards","CapriCore","Challenge The Spire","ChefMod","Colored Map","Conspire","Elementarium","Energized Spire","Friendly Minions","Gensokyo","Halation","Hallownest","Hermit","HexUI Lib","Highlight Path","Hubris","Infinite Spire","Jedi Mod","Lobotomy","Menagerie","Minty Spire (QoL Compilation)","Puzzle Mod","Quick Restart","Rare Cards Sparkle","Relic Stats","Replay The Spire","Robot Space Explorer","Shade Mod","Shop Mod","Spicy Shops","StSLib","SuperFastMode","The Construct","The Cursed","The Dragon Tamer","The Factory","The Jungle","The Marked","The Runesmith","TheBandit","TheFirefly","TheSwordswoman","TheVacant","Transform Curses","Wandering Minibosses","thorton","vexMod"],"gold_per_floor":[116,131,220,233,253,253,285,285,285,297,285,298,298,316,316,414,414,361,378,388,388,388,388,479,479,526,526,526,526],"floor_reached":28,"playtime":1342,"items_purged":[],"score":274,"play_id":"6cec6649-998b-4c26-b76e-aee8c369b967","local_time":"20210106225154","is_ascension_mode":false,"campfire_choices":[{"floor":6.0,"key":"REST"},{"data":"theMarked:MysticalArsenal","floor":8.0,"key":"SMITH"},{"floor":15.0,"key":"REST"},{"floor":23.0,"key":"REST"},{"floor":25,"key":"REST"},{"floor":27,"key":"REST"}],"circlet_count":0,"master_deck":["theMarked:Strike","theMarked:Strike","theMarked:Strike","theMarked:Strike","theMarked:Defend","theMarked:Defend","theMarked:Defend","theMarked:Defend","theMarked:SoldierOfQuellstein","theMarked:DeterminationOfTheMarked","theMarked:BanishingStrike","theMarked:StartUp","theMarked:Opportunist","theMarked:MysticalArsenal+1","theMarked:RogueSparks","theMarked:Seal","Iron Wave","theMarked:BindingBlade","theMarked:AttractMetal","theMarked:HeritageOfTheMarked+1"],"relics":["jedi:matchstick","halation:KoshaPiece","Runesmith:AutoHammer","vexMod:DeviousBotling","Toy Ornithopter","Potion Belt","wanderingMiniBosses:ThiefScarf","theMarked:ArtifactOfAir","Replay:Mystery Machine","Bag of Preparation","hubris:ScarierMask","construct:ClawGrip"],"acts_visited":["Exordium","TheCity"],"potions_floor_usage":[],"damage_taken":[{"damage":0.0,"enemies":"2 Louse","floor":1.0,"turns":2.0},{"damage":2.0,"enemies":"Jaw Worm","floor":2.0,"turns":5.0},{"damage":0.0,"enemies":"Cultist","floor":4.0,"turns":3.0},{"damage":4.0,"enemies":"Lots of Slimes","floor":5.0,"turns":4.0},{"damage":13.0,"enemies":"3 Sentries","floor":7.0,"turns":7.0},{"damage":0.0,"enemies":"2 Fungi Beasts","floor":10.0,"turns":3.0},{"damage":20.0,"enemies":"Large Slime","floor":11.0,"turns":6.0},{"damage":6.0,"enemies":"Red Slaver","floor":12.0,"turns":3.0},{"damage":2.0,"enemies":"Looter","floor":14.0,"turns":4.0},{"damage":0.0,"enemies":"Slime Boss","floor":16.0,"turns":6.0},{"damage":10.0,"enemies":"3 Byrds","floor":18.0,"turns":6.0},{"damage":34.0,"enemies":"2 Thieves","floor":19.0,"turns":3.0},{"damage":11.0,"enemies":"Snake Plant","floor":20.0,"turns":4.0},{"damage":19,"enemies":"Snecko","floor":24,"turns":5},{"damage":49,"enemies":"Slavers","floor":28,"turns":3}],"seed_played":"5692154079947661108","potions_obtained":[{"floor":4.0,"key":"BlessingOfTheForge"},{"floor":5.0,"key":"jedi:tentaclejuice"},{"floor":11.0,"key":"jedi:StrikingPotion"},{"floor":14.0,"key":"jedi:tentaclejuice"},{"floor":16.0,"key":"ColorlessPotion"},{"floor":20.0,"key":"Doom Potion"}],"is_trial":false,"path_per_floor":["M","M","?","M","M","R","E","R","T","M","M","M","?","M","R","B",null,"M","M","M","?","?","R","M","R","T","R","E"],"character_chosen":"THE_DEFAULT","items_purchased":[],"campfire_rested":5,"item_purchase_floors":[],"current_hp_per_floor":[63,61,36,36,32,50,37,37,37,37,17,11,11,9,27,27,63,53,19,8,8,8,26,7,25,25,43,0,0],"gold":526,"neow_bonus":"ONE_RARE_RELIC","is_daily":false,"chose_seed":false,"campfire_upgraded":1,"win_rate":0.0,"timestamp":1609933914,"path_taken":["M","M","?","M","M","R","E","R","T","?","?","M","?","M","R","BOSS","M","M","?","?","?","R","M","R","T","R","E"],"items_purchased_type":[],"build_version":"2020-12-22","purchased_purges":0,"victory":false,"max_hp_per_floor":[63,63,63,63,63,63,63,63,63,63,63,63,63,63,63,63,63,63,63,63,63,63,63,63,63,63,63,63,63],"relic_stats":{"counters":[15,63],"Bag of Preparation":[2],"obtain_stats":[{"Potion Belt":22,"theMarked:ArtifactOfAir":0,"construct:ClawGrip":28,"wanderingMiniBosses:ThiefScarf":24,"hubris:ScarierMask":28,"jedi:matchstick":0,"vexMod:DeviousBotling":17,"halation:KoshaPiece":3,"Bag of Preparation":26,"Runesmith:AutoHammer":7,"Replay:Mystery Machine":9,"Toy Ornithopter":21},{"Potion Belt":13,"theMarked:ArtifactOfAir":0,"construct:ClawGrip":14,"wanderingMiniBosses:ThiefScarf":14,"hubris:ScarierMask":14,"jedi:matchstick":0,"vexMod:DeviousBotling":10,"halation:KoshaPiece":2,"Bag of Preparation":14,"Runesmith:AutoHammer":5,"Replay:Mystery Machine":5,"Toy Ornithopter":13},{"Potion Belt":56,"theMarked:ArtifactOfAir":0,"construct:ClawGrip":60,"wanderingMiniBosses:ThiefScarf":60,"hubris:ScarierMask":60,"jedi:matchstick":0,"vexMod:DeviousBotling":43,"halation:KoshaPiece":7,"Bag of Preparation":60,"Runesmith:AutoHammer":21,"Replay:Mystery Machine":21,"Toy Ornithopter":56}],"Toy Ornithopter":0},"card_choices":[{"not_picked":["theMarked:Improvise","theMarked:ComboAttacks","theMarked:RepellingDischarge"],"picked":"SKIP","floor":1.0},{"not_picked":["theMarked:EmpowerWeapon","theMarked:WardOff","theMarked:Convert"],"picked":"SKIP","floor":2.0},{"not_picked":["theMarked:Reabsorb","theMarked:WastefulDefense"],"picked":"theMarked:DeterminationOfTheMarked","floor":3.0},{"not_picked":["theMarked:ContemptForTheProud","theMarked:WastefulDefense"],"picked":"theMarked:BanishingStrike","floor":3.0},{"not_picked":["theMarked:ChainLightning","theMarked:Frustration"],"picked":"theMarked:StartUp","floor":4.0},{"not_picked":["theMarked:ChainLightning","theMarked:SwordAndMagic"],"picked":"theMarked:Opportunist","floor":5.0},{"not_picked":["theMarked:WastefulAttack","theMarked:EnhanceMovement"],"picked":"theMarked:MysticalArsenal","floor":7.0},{"not_picked":["theMarked:Aftermath","theMarked:WardOff","theMarked:KeepCalmAndFightOn"],"picked":"SKIP","floor":10.0},{"not_picked":["theMarked:ComboAttacks","theMarked:Electrify"],"picked":"theMarked:RogueSparks","floor":11.0},{"not_picked":["theMarked:Generate","theMarked:Improvise"],"picked":"theMarked:Seal","floor":12.0},{"not_picked":["theMarked:Overthink","theMarked:WastefulDefense","theMarked:WastefulAttack"],"picked":"SKIP","floor":14.0},{"not_picked":["theMarked:Vacuum","theMarked:DispelDoubt"],"picked":"theMarked:BindingBlade","floor":16.0},{"not_picked":["theMarked:SwordAndMagic","theMarked:DeterminationOfTheMarked"],"picked":"theMarked:AttractMetal","floor":18.0},{"not_picked":["theMarked:Overthink","theMarked:HeightenedSenses","theMarked:Aftermath"],"picked":"SKIP","floor":19.0},{"not_picked":["theMarked:Convert","theMarked:WardOff"],"picked":"theMarked:HeritageOfTheMarked+1","floor":20.0},{"not_picked":["theMarked:Static","theMarked:BanishingStrike","theMarked:TwofoldDefense"],"picked":"SKIP","floor":24}],"player_experience":1388701,"relics_obtained":[{"floor":3.0,"key":"halation:KoshaPiece"},{"floor":7.0,"key":"Runesmith:AutoHammer"},{"floor":9.0,"key":"Replay:Mystery Machine"},{"floor":21.0,"key":"Toy Ornithopter"},{"floor":24,"key":"wanderingMiniBosses:ThiefScarf"},{"floor":24,"key":"theMarked:ArtifactOfAir"},{"floor":24,"key":"Replay:Mystery Machine"},{"floor":26,"key":"Bag of Preparation"}],"event_choices":[{"cards_removed":["theMarked:Strike"],"damage_healed":0.0,"max_hp_gain":0.0,"max_hp_loss":0.0,"gold_gain":0.0,"event_name":"NoteForYourself","player_choice":"Took Card","floor":13.0,"gold_loss":0.0,"damage_taken":0.0,"cards_obtained":["Iron Wave"]},{"damage_healed":0.0,"max_hp_gain":0.0,"max_hp_loss":0.0,"gold_gain":0.0,"event_name":"WeMeetAgain","player_choice":"Gave Potion","floor":22.0,"gold_loss":0.0,"damage_taken":0.0,"relics_obtained":["Potion Belt"]}],"is_beta":false,"boss_relics":[{"not_picked":["aspiration:SilentSkillbook","conspire:SlowCooker"],"picked":"vexMod:DeviousBotling"}],"items_purged_floors":[],"is_endless":false,"potions_floor_spawned":[4,5,11,14,16,20],"killed_by":"Slavers","ascension_level":0}}