{"host":"1u4zr9vl8my47i07","time":1609903886,"event":{"mods":["AchievementEnabler","BaseMod","DeckTracker","Highlight Path","Keyboard Shortcuts","Minty Spire (QoL Compilation)","Relic Stats","StSLib","SuperFastMode","The Animator","Uncapped","Waifu the Spire","everything is the same but u backflip on backflip"],"gold_per_floor":[117,117,132,151,170,170,190,200,200,200,200,226,226,239,239,316,316,335,349,274,189,199,199,214,242,316,87,87,100,114,134,134,212,212,226,226,326,71,82,82,98,108,108,123,133,133,133,151,151,151],"floor_reached":51,"playtime":2337,"items_purged":["Strike_G","Defend_G"],"score":1134,"play_id":"8f8690bb-5f73-42b7-810a-e39ec9ef7c0f","local_time":"20210106123126","is_ascension_mode":true,"campfire_choices":[{"data":"Noxious Fumes","floor":6.0,"key":"SMITH"},{"floor":10.0,"key":"REST"},{"floor":15.0,"key":"REST"},{"floor":23.0,"key":"REST"},{"floor":28.0,"key":"REST"},{"data":"Catalyst","floor":32.0,"key":"SMITH"},{"data":"Malaise","floor":40.0,"key":"SMITH"},{"data":"Footwork","floor":49.0,"key":"SMITH"}],"circlet_count":0,"master_deck":["AscendersBane","Strike_G+1","Defend_G+1","Defend_G","Defend_G","Defend_G","Survivor","Calculated Gamble+1","Noxious Fumes+1","Dagger Throw","Corpse Explosion","Deadly Poison+1","Dodge and Roll","Catalyst+1","Well Laid Plans","Acrobatics","Deadly Poison+1","Acrobatics","PiercingWail","Crippling Poison+1","Malaise+1","Backflip","Leg Sweep","Tactician","Blur","Finesse","Footwork+1"],"relics":["Ring of the Snake","Incense Burner","HornCleat","War Paint","FaceOfCleric","Empty Cage","Meat on the Bone","Bird Faced Urn","Kunai","Orrery","HoveringKite","TheAbacus","Shuriken"],"acts_visited":["Exordium","TheCity","TheBeyond"],"potions_floor_usage":[50,50],"damage_taken":[{"damage":4.0,"enemies":"2 Louse","floor":1.0,"turns":3.0},{"damage":5.0,"enemies":"Jaw Worm","floor":3.0,"turns":4.0},{"damage":0.0,"enemies":"Cultist","floor":4.0,"turns":3.0},{"damage":9.0,"enemies":"Looter","floor":5.0,"turns":4.0},{"damage":0.0,"enemies":"3 Louse","floor":7.0,"turns":1.0},{"damage":22.0,"enemies":"Lots of Slimes","floor":8.0,"turns":3.0},{"damage":16.0,"enemies":"Large Slime","floor":14.0,"turns":5.0},{"damage":1.0,"enemies":"Hexaghost","floor":16.0,"turns":8.0},{"damage":21.0,"enemies":"Spheric Guardian","floor":18.0,"turns":6.0},{"damage":8.0,"enemies":"3 Byrds","floor":19.0,"turns":3.0},{"damage":18.0,"enemies":"Snake Plant","floor":22.0,"turns":4.0},{"damage":16.0,"enemies":"Snecko","floor":24.0,"turns":6.0},{"damage":37.0,"enemies":"Slavers","floor":25.0,"turns":3.0},{"damage":15.0,"enemies":"Cultist and Chosen","floor":29.0,"turns":6.0},{"damage":4.0,"enemies":"3 Cultists","floor":30.0,"turns":3.0},{"damage":11.0,"enemies":"Shelled Parasite and Fungi","floor":31.0,"turns":5.0},{"damage":26.0,"enemies":"Collector","floor":33.0,"turns":6.0},{"damage":18.0,"enemies":"3 Darklings","floor":35.0,"turns":3.0},{"damage":8.0,"enemies":"Orb Walker","floor":39.0,"turns":4.0},{"damage":20.0,"enemies":"Writhing Mass","floor":41.0,"turns":4.0},{"damage":29.0,"enemies":"3 Darklings","floor":42.0,"turns":5.0},{"damage":9.0,"enemies":"Maw","floor":44.0,"turns":6.0},{"damage":1.0,"enemies":"Jaw Worm Horde","floor":45.0,"turns":3.0},{"damage":2.0,"enemies":"4 Shapes","floor":48.0,"turns":3.0},{"damage":28,"enemies":"Time Eater","floor":50,"turns":10}],"seed_played":"-6291695933455363377","potions_obtained":[{"floor":1.0,"key":"Ancient Potion"},{"floor":3.0,"key":"FearPotion"},{"floor":30.0,"key":"Poison Potion"},{"floor":33.0,"key":"AttackPotion"},{"floor":35.0,"key":"Energy Potion"},{"floor":44.0,"key":"SkillPotion"}],"is_trial":false,"path_per_floor":["M","?","M","M","M","R","M","M","T","R","?","T","?","M","R","B",null,"M","M","?","?","M","R","M","E","T","$","R","M","M","M","R","B",null,"M","?","?","$","M","R","M","M","T","M","M","?","?","M","R","B",null],"character_chosen":"THE_SILENT","items_purchased":["Orrery","TheAbacus"],"campfire_rested":4,"item_purchase_floors":[27,38],"current_hp_per_floor":[59,45,40,40,31,31,31,9,9,30,27,27,27,12,33,33,62,42,35,35,35,30,52,49,25,25,25,48,50,51,45,45,36,70,57,57,57,57,54,54,51,37,37,43,45,40,40,53,53,44],"gold":151,"neow_bonus":"THREE_CARDS","is_daily":false,"chose_seed":false,"campfire_upgraded":4,"win_rate":0.0,"timestamp":1609903886,"path_taken":["M","?","M","M","M","R","M","M","T","R","?","?","?","M","R","BOSS","M","?","?","?","M","R","M","E","T","$","R","M","M","M","R","BOSS","M","?","?","$","M","R","?","M","T","M","M","?","?","M","R","BOSS"],"items_purchased_type":["Relic","Relic"],"build_version":"2020-12-22","purchased_purges":2,"victory":true,"max_hp_per_floor":[70,70,70,70,70,70,70,70,70,70,70,70,70,71,71,72,72,73,74,74,74,75,75,76,77,77,77,77,78,79,80,80,81,81,82,78,78,78,79,79,80,81,81,82,83,83,83,84,84,85],"relic_stats":{"TheAbacus":[36],"FaceOfCleric":19,"counters":[25,111],"Shuriken":[0],"Bird Faced Urn":[42],"HoveringKite":[15],"Kunai":[0],"War Paint":["Calculated Gamble","Deadly Poison"],"obtain_stats":[{"HoveringKite":34,"Incense Burner":9,"War Paint":12,"Empty Cage":17,"HornCleat":11,"TheAbacus":38,"FaceOfCleric":13,"Shuriken":43,"Bird Faced Urn":25,"Orrery":27,"Kunai":26,"Ring of the Snake":0,"Meat on the Bone":21},{"HoveringKite":17,"Incense Burner":6,"War Paint":6,"Empty Cage":8,"HornCleat":6,"TheAbacus":18,"FaceOfCleric":6,"Shuriken":21,"Bird Faced Urn":13,"Orrery":13,"Kunai":13,"Ring of the Snake":0,"Meat on the Bone":10},{"HoveringKite":73,"Incense Burner":18,"War Paint":18,"Empty Cage":31,"HornCleat":18,"TheAbacus":76,"FaceOfCleric":18,"Shuriken":89,"Bird Faced Urn":53,"Orrery":53,"Kunai":53,"Ring of the Snake":0,"Meat on the Bone":40}],"Ring of the Snake":[50],"Meat on the Bone":120},"card_choices":[{"not_picked":["Outmaneuver","Deflect"],"picked":"Calculated Gamble","floor":0.0},{"not_picked":["Bane","Accuracy"],"picked":"Noxious Fumes","floor":1.0},{"not_picked":["Calculated Gamble","Prepared"],"picked":"Dagger Throw","floor":3.0},{"not_picked":["Riddle With Holes","Blade Dance"],"picked":"Corpse Explosion","floor":4.0},{"not_picked":["Outmaneuver","Concentrate"],"picked":"Deadly Poison","floor":5.0},{"not_picked":["Flechettes","Cloak And Dagger"],"picked":"Dodge and Roll","floor":7.0},{"not_picked":["Dash","Concentrate"],"picked":"Catalyst","floor":8.0},{"not_picked":["Heel Hook","Quick Slash"],"picked":"Well Laid Plans","floor":14.0},{"not_picked":["Finisher","Sucker Punch","Poisoned Stab"],"picked":"SKIP","floor":18.0},{"not_picked":["Backstab","Bane+1"],"picked":"Acrobatics","floor":19.0},{"not_picked":["Underhanded Strike","Flying Knee","Outmaneuver"],"picked":"SKIP","floor":22.0},{"not_picked":["Dodge and Roll","Masterful Stab","Backstab"],"picked":"SKIP","floor":24.0},{"not_picked":["Blade Dance+1","Sucker Punch","Phantasmal Killer"],"picked":"SKIP","floor":25.0},{"not_picked":["Dodge and Roll","PiercingWail"],"picked":"Deadly Poison+1","floor":27.0},{"not_picked":["Endless Agony","Underhanded Strike+1"],"picked":"Acrobatics","floor":27.0},{"not_picked":["Outmaneuver","Blade Dance"],"picked":"PiercingWail","floor":27.0},{"not_picked":["Slice+1","Sucker Punch","Dodge and Roll"],"picked":"SKIP","floor":29.0},{"not_picked":["Setup","Deadly Poison"],"picked":"Crippling Poison+1","floor":30.0},{"not_picked":["Sucker Punch","Dagger Throw","Masterful Stab"],"picked":"SKIP","floor":31.0},{"not_picked":["Bullet Time","Glass Knife"],"picked":"Malaise","floor":33.0},{"not_picked":["Riddle With Holes","Underhanded Strike","Cloak And Dagger"],"picked":"SKIP","floor":35.0},{"not_picked":["Infinite Blades","Eviscerate"],"picked":"Backflip","floor":39.0},{"not_picked":["Outmaneuver","Blade Dance"],"picked":"Leg Sweep","floor":41.0},{"not_picked":["Deadly Poison","Cloak And Dagger","Predator"],"picked":"SKIP","floor":42.0},{"not_picked":["Dodge and Roll+1","Flying Knee+1"],"picked":"Tactician","floor":44.0},{"not_picked":["Sucker Punch+1","Prepared"],"picked":"Blur","floor":45.0},{"not_picked":["PanicButton","Mayhem"],"picked":"Finesse","floor":46.0},{"not_picked":["Backflip","Acrobatics+1"],"picked":"Footwork","floor":48.0}],"player_experience":301474,"relics_obtained":[{"floor":9.0,"key":"Incense Burner"},{"floor":12.0,"key":"War Paint"},{"floor":25.0,"key":"Bird Faced Urn"},{"floor":26.0,"key":"Kunai"},{"floor":43.0,"key":"Shuriken"}],"event_choices":[{"damage_healed":0.0,"max_hp_gain":0.0,"max_hp_loss":0.0,"gold_gain":0.0,"event_name":"Shining Light","player_choice":"Entered Light","floor":2.0,"gold_loss":0.0,"damage_taken":14.0,"cards_upgraded":["Strike_G","Defend_G"]},{"damage_healed":0.0,"max_hp_gain":0.0,"max_hp_loss":0.0,"gold_gain":0.0,"event_name":"Scrap Ooze","player_choice":"Success","floor":11.0,"gold_loss":0.0,"damage_taken":3.0,"relics_obtained":["HornCleat"]},{"damage_healed":0.0,"max_hp_gain":0.0,"max_hp_loss":0.0,"gold_gain":0.0,"event_name":"FaceTrader","player_choice":"Trade","floor":13.0,"gold_loss":0.0,"damage_taken":0.0,"relics_obtained":["FaceOfCleric"]},{"cards_removed":["Strike_G"],"damage_healed":0.0,"max_hp_gain":0.0,"max_hp_loss":0.0,"gold_gain":0.0,"event_name":"Beggar","player_choice":"Gave Gold","floor":20.0,"gold_loss":75.0,"damage_taken":0.0},{"damage_healed":0.0,"max_hp_gain":0.0,"max_hp_loss":0.0,"gold_gain":0.0,"event_name":"Addict","player_choice":"Obtained Relic","floor":21.0,"gold_loss":85.0,"damage_taken":0.0,"relics_obtained":["Meat on the Bone"]},{"damage_healed":0.0,"max_hp_gain":0.0,"max_hp_loss":4.0,"gold_gain":0.0,"event_name":"Winding Halls","player_choice":"Max HP","floor":36.0,"gold_loss":0.0,"damage_taken":0.0},{"damage_healed":0.0,"max_hp_gain":0.0,"max_hp_loss":0.0,"gold_gain":100.0,"event_name":"Golden Shrine","player_choice":"Pray","floor":37.0,"gold_loss":0.0,"damage_taken":0.0},{"damage_healed":0.0,"max_hp_gain":0.0,"max_hp_loss":0.0,"gold_gain":0.0,"event_name":"SensoryStone","player_choice":"Memory 2","floor":46.0,"gold_loss":0.0,"damage_taken":5.0},{"cards_removed":["Neutralize"],"damage_healed":0.0,"max_hp_gain":0.0,"max_hp_loss":0.0,"gold_gain":0.0,"event_name":"Falling","player_choice":"Removed Attack","floor":47.0,"gold_loss":0.0,"damage_taken":0.0}],"is_beta":false,"boss_relics":[{"not_picked":["WristBlade","Calling Bell"],"picked":"Empty Cage"},{"not_picked":["Sozu","SlaversCollar"],"picked":"HoveringKite"}],"items_purged_floors":[27,38],"is_endless":false,"potions_floor_spawned":[1,3,7,8,18,30,31,33,35,44],"ascension_level":13}}