{"host":"wj90f2q0h2omert0","time":1609973714,"event":{"mods":["BaseMod","Beaked The Cultist","Better Third Choice","ChefMod","Clawfect","Colored Map","DeckTracker","Downfall","Hubris","JesterMod","Minty Spire (QoL Compilation)","Relic Stats","Robot Space Explorer","Shade Mod","StSLib","The Blackbeard","The Caster","The Dragon Tamer","The Druid"],"gold_per_floor":[117,128,53,53,67,98,98,110,110,167,69,169,179,179,179,281,281,293,88,104,119,119,119],"floor_reached":22,"playtime":1450,"items_purged":["jesterMod:Defend","jesterMod:Strike"],"score":186,"play_id":"3e3ba618-154b-4daa-9da1-212cb5774947","local_time":"20210106175514","is_ascension_mode":false,"campfire_choices":[{"data":"jesterMod:Sickle","floor":7,"key":"SMITH"},{"floor":15,"key":"REST"}],"circlet_count":0,"master_deck":["jesterMod:Strike","jesterMod:Strike","jesterMod:Sickle+1","jesterMod:Defend","jesterMod:Defend","jesterMod:Defend","jesterMod:Dodge","jesterMod:BouncingKnife","jesterMod:DancingMad","jesterMod:LaughingGas","jesterMod:BouncingKnife","jesterMod:Swiftness+1","jesterMod:DancingMad","jesterMod:Contradiction+1","jesterMod:DancingMad","jesterMod:Flee","jesterMod:Trance","jesterMod:Unleash","jesterMod:BouncingKnife+1","jesterMod:Prankster+1","jesterMod:SelfMockery+1"],"relics":["jesterMod:JesterCap","NeowsBlessing","Frozen Egg 2","InkBottle","Regal Pillow","beaked:SacredDeck","Membership Card"],"acts_visited":["Exordium","TheCity"],"potions_floor_usage":[6,10,13,16,16,21],"damage_taken":[{"damage":0,"enemies":"Jaw Worm","floor":1,"turns":1},{"damage":0,"enemies":"Cultist","floor":2,"turns":1},{"damage":0,"enemies":"Small Slimes","floor":5,"turns":1},{"damage":8,"enemies":"Gremlin Nob","floor":6,"turns":3},{"damage":0,"enemies":"2 Fungi Beasts","floor":8,"turns":3},{"damage":25,"enemies":"Gremlin Nob","floor":10,"turns":4},{"damage":0,"enemies":"Exordium Thugs","floor":13,"turns":5},{"damage":50,"enemies":"Slime Boss","floor":16,"turns":18},{"damage":21,"enemies":"Chosen","floor":18,"turns":7},{"damage":28,"enemies":"3 Byrds","floor":20,"turns":4},{"damage":24,"enemies":"Shelled Parasite and Fungi","floor":21,"turns":5},{"damage":2,"enemies":"Sentry and Sphere","floor":22,"turns":2}],"seed_played":"2910940485881853368","potions_obtained":[{"floor":2,"key":"hexamod:EctoCoolerPotion"},{"floor":5,"key":"FearPotion"},{"floor":8,"key":"ColorlessPotion"},{"floor":10,"key":"Fire Potion"},{"floor":13,"key":"EssenceOfSteel"},{"floor":18,"key":"Fruit Juice"}],"is_trial":false,"path_per_floor":["M","M","$","?","M","E","R","M","T","?","$","?","M","?","R","B",null,"M","$","M","M","M"],"character_chosen":"THE_JESTER","items_purchased":["jesterMod:Contradiction+1","jesterMod:DancingMad","Membership Card"],"campfire_rested":1,"item_purchase_floors":[11,11,19],"current_hp_per_floor":[70,70,70,70,70,62,62,62,62,37,37,37,37,37,70,20,70,49,49,21,2,0,0],"gold":119,"neow_bonus":"THREE_ENEMY_KILL","is_daily":false,"chose_seed":false,"campfire_upgraded":1,"win_rate":0.0,"timestamp":1609973714,"path_taken":["M","M","$","?","M","E","R","?","T","?","$","?","?","?","R","BOSS","M","$","M","?","M"],"items_purchased_type":["Card","Card","Relic"],"build_version":"2020-12-22","purchased_purges":2,"victory":false,"max_hp_per_floor":[70,70,70,70,70,70,70,70,70,70,70,70,70,70,70,70,70,70,70,70,75,75,75],"relic_stats":{"Regal Pillow":12,"counters":[12,54],"obtain_stats":[{"Regal Pillow":10,"NeowsBlessing":0,"beaked:SacredDeck":17,"jesterMod:JesterCap":0,"Membership Card":19,"Frozen Egg 2":6,"InkBottle":9},{"Regal Pillow":6,"NeowsBlessing":0,"beaked:SacredDeck":8,"jesterMod:JesterCap":0,"Membership Card":9,"Frozen Egg 2":4,"InkBottle":5},{"Regal Pillow":13,"NeowsBlessing":0,"beaked:SacredDeck":36,"jesterMod:JesterCap":0,"Membership Card":43,"Frozen Egg 2":6,"InkBottle":9}],"InkBottle":[14]},"card_choices":[{"not_picked":["jesterMod:ButterKnife","jesterMod:DesperateStrike"],"picked":"jesterMod:BouncingKnife","floor":1},{"not_picked":["jesterMod:Prankster","jesterMod:Hide"],"picked":"jesterMod:DancingMad","floor":2},{"not_picked":["jesterMod:Contradiction","jesterMod:Juggler"],"picked":"jesterMod:BouncingKnife","floor":5},{"not_picked":["jesterMod:Talion","jesterMod:DancingMad"],"picked":"jesterMod:Swiftness+1","floor":6},{"not_picked":["jesterMod:Dilapidation","jesterMod:Discretion"],"picked":"jesterMod:DancingMad","floor":8},{"not_picked":["jesterMod:ButterKnife","jesterMod:Pause","jesterMod:PerfectDodge"],"picked":"SKIP","floor":13},{"not_picked":["jesterMod:Finale","jesterMod:ButterflyDance"],"picked":"jesterMod:Trance","floor":16},{"not_picked":["jesterMod:Flee","jesterMod:DanceOfChaos"],"picked":"jesterMod:BouncingKnife+1","floor":18},{"not_picked":["jesterMod:SelfMockery","jesterMod:JackInTheBox+1"],"picked":"jesterMod:Prankster+1","floor":20},{"not_picked":["jesterMod:Loot","jesterMod:DancingMad"],"picked":"jesterMod:SelfMockery+1","floor":21}],"player_experience":671784,"relics_obtained":[{"floor":6,"key":"Frozen Egg 2"},{"floor":9,"key":"InkBottle"},{"floor":10,"key":"Regal Pillow"}],"event_choices":[{"damage_healed":0,"gold_gain":0,"cards_transformed":["jesterMod:Strike"],"player_choice":"Transformed","damage_taken":0,"max_hp_gain":0,"max_hp_loss":0,"event_name":"Transmorgrifier","floor":4,"gold_loss":0,"cards_obtained":["jesterMod:LaughingGas"]},{"damage_healed":0,"gold_gain":30,"player_choice":"Searched \u00272\u0027 times","damage_taken":0,"max_hp_gain":0,"max_hp_loss":0,"event_name":"Dead Adventurer","floor":10,"gold_loss":0},{"damage_healed":0,"gold_gain":100,"player_choice":"Pray","damage_taken":0,"max_hp_gain":0,"max_hp_loss":0,"event_name":"Golden Shrine","floor":12,"gold_loss":0},{"damage_healed":0,"gold_gain":0,"player_choice":"1 cards matched","damage_taken":0,"max_hp_gain":0,"max_hp_loss":0,"event_name":"Match and Keep!","floor":14,"gold_loss":0,"cards_obtained":["jesterMod:Flee"]}],"is_beta":false,"boss_relics":[{"not_picked":["Runic Pyramid","Snecko Eye"],"picked":"beaked:SacredDeck"}],"items_purged_floors":[3,19],"is_endless":false,"potions_floor_spawned":[2,5,8,10,13,18],"killed_by":"Sentry and Sphere","ascension_level":0}}