{"host":"Bilverbakes","time":1609894581,"event":{"mods":["2.2 Compatiblity","AchievementEnabler","BaseMod","Bestiary","Colored Map","Minty Spire (QoL Compilation)","Relic Stats","StSLib","ojb\u0027s Info Mod"],"gold_per_floor":[359,369,386,405,176,176,211,227,227,247,247,247,274,285,285,362,362,374,390,409,100,112,142,142,156,156,156,156,156,169,194,206,295,307,331,120,138,149,169,196,211,229,252,268,298,298,311,341,341,341,341,341,26,26,26],"floor_reached":54,"playtime":5242,"items_purged":["Defend_P","Strike_P","Strike_P"],"score":1489,"play_id":"7323bf38-14ad-4b62-b614-4bff365f39af","local_time":"20210105185621","is_ascension_mode":true,"campfire_choices":[{"data":"BowlingBash","floor":6.0,"key":"SMITH"},{"data":"Eruption","floor":12.0,"key":"SMITH"},{"floor":15.0,"key":"REST"},{"data":"Omniscience","floor":24.0,"key":"SMITH"},{"floor":29.0,"key":"REST"},{"data":"Trip","floor":32.0,"key":"SMITH"},{"floor":49.0,"key":"RECALL"},{"floor":52.0,"key":"REST"}],"circlet_count":0,"master_deck":["AscendersBane","Strike_P+1","Strike_P+1","Defend_P+1","Defend_P+1","Defend_P+1","Eruption+1","Vigilance+1","FlurryOfBlows+1","BowlingBash+1","Adaptation+1","EmptyFist","Halt","Omniscience+1","LessonLearned","FlurryOfBlows","EmptyBody+1","Trip+1","FearNoEvil+1","Sanctity+1","CutThroughFate","Evaluate+1","EmptyMind+1","DeceiveReality+1","Blasphemy+1","JustLucky","FearNoEvil+1","Conclude+1","Establishment","CutThroughFate"],"relics":["PureWater","Vajra","Omamori","Kunai","Letter Opener","Dream Catcher","Calling Bell","Strawberry","Gremlin Horn","FossilizedHelix","Juzu Bracelet","Nunchaku","Bird Faced Urn","MawBank","Busted Crown","Mango","Incense Burner","Oddly Smooth Stone","GoldenEye"],"acts_visited":["Exordium","TheCity","TheBeyond","TheEnding"],"potions_floor_usage":[],"damage_taken":[{"damage":0.0,"enemies":"Cultist","floor":1.0,"turns":3.0},{"damage":13.0,"enemies":"Jaw Worm","floor":2.0,"turns":4.0},{"damage":0.0,"enemies":"2 Louse","floor":3.0,"turns":2.0},{"damage":7.0,"enemies":"Looter","floor":4.0,"turns":3.0},{"damage":9.0,"enemies":"3 Sentries","floor":7.0,"turns":6.0},{"damage":2.0,"enemies":"2 Fungi Beasts","floor":8.0,"turns":2.0},{"damage":0.0,"enemies":"Large Slime","floor":10.0,"turns":2.0},{"damage":6.0,"enemies":"Gremlin Nob","floor":13.0,"turns":3.0},{"damage":8.0,"enemies":"Looter","floor":14.0,"turns":3.0},{"damage":26.0,"enemies":"Slime Boss","floor":16.0,"turns":5.0},{"damage":11.0,"enemies":"2 Thieves","floor":18.0,"turns":3.0},{"damage":0.0,"enemies":"Chosen","floor":19.0,"turns":4.0},{"damage":13.0,"enemies":"Shelled Parasite and Fungi","floor":20.0,"turns":3.0},{"damage":0.0,"enemies":"3 Cultists","floor":22.0,"turns":3.0},{"damage":0.0,"enemies":"Gremlin Leader","floor":23.0,"turns":5.0},{"damage":22.0,"enemies":"Snecko","floor":25.0,"turns":8.0},{"damage":1.0,"enemies":"Colosseum Slavers","floor":27.0,"turns":4.0},{"damage":0.0,"enemies":"Centurion and Healer","floor":30.0,"turns":7.0},{"damage":0.0,"enemies":"Book of Stabbing","floor":31.0,"turns":4.0},{"damage":1.0,"enemies":"Collector","floor":33.0,"turns":10.0},{"damage":0.0,"enemies":"3 Shapes","floor":35.0,"turns":3.0},{"damage":0.0,"enemies":"Orb Walker","floor":37.0,"turns":3.0},{"damage":0.0,"enemies":"Maw","floor":38.0,"turns":4.0},{"damage":0.0,"enemies":"Transient","floor":39.0,"turns":5.0},{"damage":0.0,"enemies":"Reptomancer","floor":40.0,"turns":6.0},{"damage":0.0,"enemies":"Spire Growth","floor":41.0,"turns":3.0},{"damage":0.0,"enemies":"Sphere and 2 Shapes","floor":42.0,"turns":4.0},{"damage":0.0,"enemies":"Transient","floor":44.0,"turns":5.0},{"damage":0.0,"enemies":"Giant Head","floor":45.0,"turns":6.0},{"damage":18.0,"enemies":"Spire Growth","floor":47.0,"turns":4.0},{"damage":0.0,"enemies":"Reptomancer","floor":48.0,"turns":5.0},{"damage":67.0,"enemies":"Donu and Deca","floor":50.0,"turns":11.0},{"damage":60,"enemies":"Shield and Spear","floor":54,"turns":5}],"seed_played":"-8423770852800484081","potions_obtained":[{"floor":2.0,"key":"Weak Potion"},{"floor":7.0,"key":"SteroidPotion"},{"floor":8.0,"key":"BottledMiracle"},{"floor":14.0,"key":"SteroidPotion"},{"floor":18.0,"key":"LiquidBronze"},{"floor":20.0,"key":"SkillPotion"},{"floor":25.0,"key":"Dexterity Potion"},{"floor":30.0,"key":"BlessingOfTheForge"},{"floor":35.0,"key":"SteroidPotion"},{"floor":37.0,"key":"Ambrosia"},{"floor":38.0,"key":"DistilledChaos"},{"floor":47.0,"key":"PowerPotion"}],"is_trial":false,"path_per_floor":["M","M","M","M","$","R","E","M","T","M","?","R","E","M","R","B",null,"M","M","M","$","M","E","R","M","T","?","?","R","M","E","R","B",null,"M","$","M","M","M","E","M","M","T","M","E","?","M","E","R","B",null,"R","$","E"],"character_chosen":"WATCHER","items_purchased":["Vajra","Trip","FearNoEvil","Sanctity","JustLucky","FearNoEvil","GoldenEye","CutThroughFate"],"campfire_rested":3,"item_purchase_floors":[5,21,21,21,36,36,53,53],"current_hp_per_floor":[65,52,52,45,45,45,36,34,34,34,22,22,16,8,27,1,56,45,45,32,32,32,32,32,10,10,9,9,30,32,32,32,33,62,62,62,64,64,66,82,84,86,86,86,86,86,68,72,72,13,68,86,86,30,30],"gold":26,"neow_bonus":"TWO_FIFTY_GOLD","is_daily":false,"chose_seed":false,"campfire_upgraded":4,"win_rate":0.0,"timestamp":1609894581,"path_taken":["M","M","M","M","$","R","E","?","T","M","?","R","E","M","R","BOSS","M","M","M","$","M","E","R","M","T","?","?","R","M","E","R","BOSS","M","$","M","M","M","E","M","M","T","M","E","?","M","E","R","BOSS","R","$","E"],"items_purchased_type":["Relic","Card","Card","Card","Card","Card","Relic","Card"],"build_version":"2020-12-18","purchased_purges":3,"victory":false,"max_hp_per_floor":[65,65,65,65,65,65,65,65,65,65,65,65,65,65,65,65,72,72,72,72,72,72,72,72,72,72,72,72,72,72,72,72,72,72,72,72,72,72,72,86,86,86,86,86,86,86,86,86,86,86,86,86,86,86,86],"relic_stats":{"Dream Catcher":3,"Nunchaku":[32],"Busted Crown":24,"Gremlin Horn":[28,28],"counters":[33,148],"Bird Faced Urn":[30],"Juzu Bracelet":0,"Kunai":[101],"Letter Opener":[388],"MawBank":60,"GoldenEye":[4],"obtain_stats":[{"Gremlin Horn":17,"Vajra":5,"Oddly Smooth Stone":48,"Mango":40,"Omamori":7,"Juzu Bracelet":23,"Incense Burner":45,"Letter Opener":11,"MawBank":31,"GoldenEye":53,"Calling Bell":17,"Dream Catcher":13,"Nunchaku":26,"Busted Crown":34,"Strawberry":17,"Bird Faced Urn":28,"Kunai":9,"PureWater":0,"FossilizedHelix":17},{"Gremlin Horn":10,"Vajra":4,"Oddly Smooth Stone":31,"Mango":25,"Omamori":5,"Juzu Bracelet":15,"Incense Burner":29,"Letter Opener":7,"MawBank":19,"GoldenEye":32,"Calling Bell":10,"Dream Catcher":8,"Nunchaku":16,"Busted Crown":20,"Strawberry":10,"Bird Faced Urn":17,"Kunai":6,"PureWater":0,"FossilizedHelix":10},{"Gremlin Horn":33,"Vajra":12,"Oddly Smooth Stone":132,"Mango":105,"Omamori":18,"Juzu Bracelet":51,"Incense Burner":123,"Letter Opener":22,"MawBank":74,"GoldenEye":143,"Calling Bell":33,"Dream Catcher":25,"Nunchaku":59,"Busted Crown":84,"Strawberry":33,"Bird Faced Urn":63,"Kunai":20,"PureWater":0,"FossilizedHelix":33}]},"card_choices":[{"not_picked":["Evaluate","Fasting2"],"picked":"FlurryOfBlows","floor":1.0},{"not_picked":["SashWhip","Prostrate","ForeignInfluence"],"picked":"SKIP","floor":2.0},{"not_picked":["Crescendo","PathToVictory"],"picked":"BowlingBash","floor":3.0},{"not_picked":["MasterReality","JustLucky"],"picked":"Adaptation","floor":4.0},{"not_picked":["Halt","Weave"],"picked":"FlyingSleeves","floor":7.0},{"not_picked":["ThirdEye","Halt"],"picked":"EmptyFist","floor":8.0},{"not_picked":["CrushJoints","WreathOfFlame","Crescendo"],"picked":"SKIP","floor":10.0},{"not_picked":["Fasting2","Crescendo"],"picked":"Halt","floor":13.0},{"not_picked":["MentalFortress","ThirdEye"],"picked":"Omniscience","floor":14.0},{"not_picked":["DeusExMachina","DevaForm"],"picked":"LessonLearned","floor":16.0},{"not_picked":["Pray","BowlingBash"],"picked":"FlurryOfBlows","floor":18.0},{"not_picked":["PathToVictory","BowlingBash","ThirdEye"],"picked":"SKIP","floor":19.0},{"not_picked":["ClearTheMind","Crescendo"],"picked":"EmptyBody","floor":20.0},{"not_picked":["PathToVictory","BowlingBash","Consecrate"],"picked":"SKIP","floor":22.0},{"not_picked":["SpiritShield","FollowUp","CrushJoints"],"picked":"SKIP","floor":23.0},{"not_picked":["Consecrate","FlyingSleeves"],"picked":"CutThroughFate","floor":25.0},{"not_picked":["Consecrate","FlyingSleeves"],"picked":"Evaluate+1","floor":29.0},{"not_picked":["Crescendo","CarveReality"],"picked":"EmptyMind","floor":30.0},{"not_picked":["FollowUp+1","Evaluate"],"picked":"DeceiveReality","floor":31.0},{"not_picked":["Judgement","Wish"],"picked":"Blasphemy","floor":33.0},{"not_picked":["ThirdEye"],"picked":"SKIP","floor":35.0},{"not_picked":["Protect"],"picked":"SKIP","floor":37.0},{"not_picked":["Perseverance"],"picked":"SKIP","floor":38.0},{"not_picked":["Consecrate"],"picked":"SKIP","floor":39.0},{"not_picked":["Swivel"],"picked":"SKIP","floor":40.0},{"not_picked":["JustLucky"],"picked":"SKIP","floor":41.0},{"not_picked":["FollowUp"],"picked":"SKIP","floor":42.0},{"not_picked":[],"picked":"Conclude+1","floor":44.0},{"not_picked":[],"picked":"Establishment","floor":45.0},{"not_picked":["ForeignInfluence+1"],"picked":"SKIP","floor":47.0},{"not_picked":["Halt"],"picked":"SKIP","floor":48.0}],"player_experience":599991,"relics_obtained":[{"floor":7.0,"key":"Omamori"},{"floor":9.0,"key":"Kunai"},{"floor":13.0,"key":"Dream Catcher"},{"floor":17.0,"key":"Strawberry"},{"floor":17.0,"key":"Gremlin Horn"},{"floor":17.0,"key":"FossilizedHelix"},{"floor":23.0,"key":"Juzu Bracelet"},{"floor":26.0,"key":"Nunchaku"},{"floor":31.0,"key":"MawBank"},{"floor":40.0,"key":"Mango"},{"floor":45.0,"key":"Incense Burner"},{"floor":48.0,"key":"Oddly Smooth Stone"}],"event_choices":[{"damage_healed":0.0,"max_hp_gain":0.0,"max_hp_loss":0.0,"gold_gain":0.0,"event_name":"Scrap Ooze","player_choice":"Success","floor":11.0,"gold_loss":0.0,"damage_taken":12.0,"relics_obtained":["Letter Opener"]},{"damage_healed":0.0,"max_hp_gain":0.0,"max_hp_loss":0.0,"gold_gain":0.0,"event_name":"Colosseum","player_choice":"Fight","floor":27.0,"gold_loss":0.0,"damage_taken":0.0},{"damage_healed":0.0,"max_hp_gain":0.0,"max_hp_loss":0.0,"gold_gain":0.0,"event_name":"Colosseum","player_choice":"Fled From Nobs","floor":27.0,"gold_loss":0.0,"damage_taken":0.0},{"damage_healed":0.0,"max_hp_gain":0.0,"max_hp_loss":0.0,"gold_gain":0.0,"event_name":"The Mausoleum","player_choice":"Opened","floor":28.0,"gold_loss":0.0,"damage_taken":0.0,"relics_obtained":["Bird Faced Urn"]},{"cards_removed":["FlyingSleeves"],"damage_healed":0.0,"max_hp_gain":0.0,"max_hp_loss":0.0,"gold_gain":0.0,"event_name":"Falling","player_choice":"Removed Attack","floor":46.0,"gold_loss":0.0,"damage_taken":0.0}],"is_beta":true,"boss_relics":[{"not_picked":["HolyWater","Black Star"],"picked":"Calling Bell"},{"not_picked":["Snecko Eye","Velvet Choker"],"picked":"Busted Crown"}],"items_purged_floors":[5,21,36],"is_endless":false,"potions_floor_spawned":[2,7,8,10,14,18,20,25,30,35,37,38,47,48],"killed_by":"Shield and Spear","ascension_level":13}}