{"host":"jmdwsiegw2vwqzt1","time":1609962352,"event":{"mods":["2.2 Compatiblity","AchievementEnabler","BaseMod","Better Third Choice","Better Vampires","Colored Powertips","Custom Start","Dio Mod","Downfall","Hermit","Highlight Path","Jorbs\u0027s Wanderer Trilogy","Marisa????????","Minty Spire (QoL Compilation)","Permanent Neow","Quick Restart","Rare Cards Sparkle","Relic Stats","Spicy Shops","StSLib","SuperFastMode","The Bug Knight","The Cursed","The Disciple","The Hierophant","The Necromancer","The Servant 0.9.4","slay the spire mod where everything is the same but ironclad has a cowboy hat"],"gold_per_floor":[99,99,99,119,136,136,159,34,34,16,16,28,60,80,93,93,93,93],"floor_reached":16,"playtime":555,"items_purged":[],"score":100,"play_id":"942034ba-1da2-4155-a00a-6fef5d380006","local_time":"20210106144552","is_ascension_mode":false,"campfire_choices":[{"floor":1,"key":"RECALL"},{"data":"Slimebound:Split","floor":8,"key":"SMITH"},{"data":"Guardian:Aged","floor":11,"key":"PURGE"}],"circlet_count":0,"master_deck":["Slimebound:Strike_Slimebound","Slimebound:Strike_Slimebound","Slimebound:Tackle","Slimebound:Defend_Slimebound","Slimebound:Defend_Slimebound","Slimebound:Defend_Slimebound","Slimebound:Defend_Slimebound","Slimebound:Split+1","Slimebound:CorrosiveSpit","Slimebound:PressTheAttack","Slimebound:RejuvenatingLick","Regret","Slimebound:RallyTheTroops","Slimebound:RejuvenatingLick","Slimebound:TongueLash","Slimebound:LivingWall","Slimebound:SamplingLick"],"relics":["Slimebound:AbsorbEndCombat","Du-Vu Doll","Mummified Hand","Slimebound:GreedOozeRelic","Peace Pipe","Smiling Mask","downfall:HeartBlessingRed","Regal Pillow"],"acts_visited":["Exordium"],"potions_floor_usage":[13,15,16],"damage_taken":[{"damage":7,"enemies":"Small Slimes","floor":4,"turns":3},{"damage":8,"enemies":"2 Louse","floor":5,"turns":2},{"damage":28,"enemies":"downfall:FleeingMerchant","floor":10,"turns":4},{"damage":12,"enemies":"Jaw Worm","floor":12,"turns":2},{"damage":44,"enemies":"3 Sentries","floor":13,"turns":7},{"damage":9,"enemies":"2 Fungi Beasts","floor":14,"turns":2},{"damage":14,"enemies":"Exordium Thugs","floor":15,"turns":3},{"damage":35,"enemies":"downfall:Defect","floor":16,"turns":4}],"seed_played":"5126939085595118827","potions_obtained":[{"floor":5,"key":"PowerPotion"},{"floor":13,"key":"Slimebound:SlimyTonguePotion"},{"floor":14,"key":"Explosive Potion"},{"floor":15,"key":"SkillPotion"}],"is_trial":false,"path_per_floor":["R","?","?","M","M","?","T","R","?","$","R","M","E","M","M","B"],"character_chosen":"SLIMEBOUND","items_purchased":["Slimebound:RejuvenatingLick"],"campfire_rested":0,"item_purchase_floors":[10],"current_hp_per_floor":[60,57,57,56,54,54,54,54,54,40,40,40,16,11,13,0,0,0],"gold":93,"neow_bonus":"ONE_RARE_RELIC","is_daily":false,"chose_seed":false,"campfire_upgraded":1,"win_rate":0.0,"timestamp":1609962352,"path_taken":["R","?","?","M","M","?","T","R","?","$","R","M","E","M","M","BOSS"],"items_purchased_type":["Card"],"build_version":"2020-12-22","purchased_purges":0,"victory":false,"max_hp_per_floor":[60,60,60,60,60,60,60,60,60,60,60,60,60,60,60,60,60,60],"relic_stats":{"Peace Pipe":1,"Regal Pillow":0,"counters":[8,27],"Mummified Hand":[0],"Smiling Mask":0,"obtain_stats":[{"Du-Vu Doll":0,"Slimebound:GreedOozeRelic":3,"Peace Pipe":6,"Regal Pillow":13,"downfall:HeartBlessingRed":8,"Mummified Hand":2,"Slimebound:AbsorbEndCombat":0,"Smiling Mask":7},{"Du-Vu Doll":0,"Slimebound:GreedOozeRelic":0,"Peace Pipe":2,"Regal Pillow":5,"downfall:HeartBlessingRed":2,"Mummified Hand":0,"Slimebound:AbsorbEndCombat":0,"Smiling Mask":2},{"Du-Vu Doll":0,"Slimebound:GreedOozeRelic":0,"Peace Pipe":5,"Regal Pillow":18,"downfall:HeartBlessingRed":5,"Mummified Hand":0,"Slimebound:AbsorbEndCombat":0,"Smiling Mask":5}]},"card_choices":[{"not_picked":["Slimebound:Replication","Slimebound:LeechingTouch"],"picked":"Slimebound:PressTheAttack","floor":4},{"not_picked":["Slimebound:Replication","Slimebound:FinishingTackle"],"picked":"Slimebound:RejuvenatingLick","floor":5},{"not_picked":["Slimebound:FinishingTackle","Slimebound:SplitMire"],"picked":"Slimebound:RallyTheTroops","floor":10},{"not_picked":["Slimebound:Chomp","Slimebound:RollThrough","Slimebound:Schlurp"],"picked":"SKIP","floor":12},{"not_picked":["Slimebound:SplitMire","Slimebound:GoopSpray"],"picked":"Slimebound:TongueLash","floor":13},{"not_picked":["Slimebound:Equalize","Slimebound:GoopSpray"],"picked":"Slimebound:LivingWall","floor":14},{"not_picked":["Slimebound:RollThrough","Slimebound:SplitAcid"],"picked":"Slimebound:SamplingLick","floor":15}],"player_experience":311316,"relics_obtained":[{"floor":7,"key":"Smiling Mask"},{"floor":13,"key":"Regal Pillow"}],"event_choices":[{"damage_healed":0,"gold_gain":0,"player_choice":"Success","damage_taken":3,"relics_obtained":["Mummified Hand"],"max_hp_gain":0,"max_hp_loss":0,"event_name":"Scrap Ooze","floor":2,"gold_loss":0},{"damage_healed":0,"gold_gain":0,"player_choice":"Box","damage_taken":0,"relics_obtained":["Peace Pipe"],"max_hp_gain":0,"max_hp_loss":0,"event_name":"Big Fish","floor":6,"gold_loss":0,"cards_obtained":["Regret"]},{"cards_removed":["Slimebound:Strike_Slimebound"],"damage_healed":0,"gold_gain":0,"player_choice":"Offered Basic","damage_taken":0,"max_hp_gain":0,"max_hp_loss":0,"event_name":"Bonfire Elementals","floor":9,"gold_loss":0}],"is_beta":false,"boss_relics":[],"items_purged_floors":[],"is_endless":false,"potions_floor_spawned":[5,13,14,15],"killed_by":"downfall:Defect","ascension_level":0}}