{"host":"2pt9f5ojqg0apn28","time":1609913470,"event":{"mods":["AchievementEnabler","BaseMod","Better Altar","Better Match","Better Note","Better Sensory Stone","Better Skull","Better Third Choice","Colored Map","Colored Powertips","Hubris","Infinite Spire","Lobotomy","LobotomyExtend","Minty Spire (QoL Compilation)","Replay The Spire","StSLib"],"gold_per_floor":[110,123,123,48,62,93,93,93,93,111,128,142,42,71,71,170,170,90,90,90],"floor_reached":19,"playtime":1262,"items_purged":["Strike_R","Defend_R"],"score":188,"play_id":"a66bc8f2-80aa-4a67-a30a-b5a08421fb31","local_time":"20210106111110","is_ascension_mode":true,"campfire_choices":[{"data":"Rupture","floor":7,"key":"SMITH"},{"floor":15,"key":"REST"}],"circlet_count":0,"master_deck":["Strike_R","Strike_R","Strike_R","Defend_R","Defend_R","Defend_R","Bash","GreedKing","Thunderclap","SingingMachine","Rupture+1","LaLuna","VoidDream","Pommel Strike","ShyLook","Shrug It Off","OldLady","Laetitia","Sickly","hubris:Wrath","Scorched"],"relics":["Burning Blood","CogitoBucket","LetterFromLob","HornCleat","Bottled Flame","TreeSap","Bird Faced Urn","Replay:Ancient Bell","Replay:Mystery Machine","hubris:PeanutButter","Another Sword"],"acts_visited":["Exordium","TheCity"],"potions_floor_usage":[11,19,19],"damage_taken":[{"damage":17,"enemies":"Small Slimes","floor":1,"turns":4},{"damage":5,"enemies":"Cultist","floor":2,"turns":4},{"damage":10,"enemies":"Jaw Worm","floor":5,"turns":2},{"damage":24,"enemies":"Gremlin Nob","floor":6,"turns":4},{"damage":13,"enemies":"Lots of Slimes","floor":10,"turns":4},{"damage":9,"enemies":"Blue Slaver","floor":11,"turns":5},{"damage":9,"enemies":"Looter","floor":12,"turns":2},{"damage":29,"enemies":"Lagavulin","floor":14,"turns":6},{"damage":21,"enemies":"Fading Forest","floor":16,"turns":11},{"damage":6,"enemies":"Chosen","floor":18,"turns":5},{"damage":82,"enemies":"2 Thieves","floor":19,"turns":5}],"seed_played":"-1587928797493661645","potions_obtained":[{"floor":5,"key":"Fire Potion"},{"floor":11,"key":"Swift Potion"},{"floor":12,"key":"Strength Potion"},{"floor":16,"key":"EssenceOfSteel"}],"is_trial":false,"path_per_floor":["M","M","?","$","M","E","R","?","T","M","M","M","$","E","R","B",null,"M","M"],"character_chosen":"IRONCLAD","items_purchased":[],"campfire_rested":1,"item_purchase_floors":[],"current_hp_per_floor":[69,70,70,70,66,48,48,56,56,49,46,43,43,20,44,49,80,80,0,0],"gold":90,"neow_bonus":"","is_daily":false,"chose_seed":false,"campfire_upgraded":1,"win_rate":0.0,"timestamp":1609913470,"path_taken":["M","M","?","?","?","E","R","?","T","M","M","M","$","E","R","BOSS","M","M"],"items_purchased_type":[],"build_version":"2020-12-22","purchased_purges":2,"victory":false,"max_hp_per_floor":[80,80,80,80,80,80,80,80,80,80,80,80,80,80,80,80,80,80,80,80],"card_choices":[{"not_picked":["RedShoes","FairyFestival"],"picked":"GreedKing","floor":1},{"not_picked":["Massacre","Anger"],"picked":"Thunderclap","floor":1},{"not_picked":["Wellcheers","MeatLantern"],"picked":"SingingMachine","floor":2},{"not_picked":["Defy Death","Headbutt"],"picked":"Rupture","floor":2},{"not_picked":["Murderer","VoidDream","Variant"],"picked":"Singing Bowl","floor":5},{"not_picked":["BeautyBeast","SnowQueen"],"picked":"LaLuna","floor":5},{"not_picked":["Dual Wield","Flame Barrier","Replay:Undeath\u0027s Touch"],"picked":"SKIP","floor":5},{"not_picked":["WallGazer","HappyTeddy"],"picked":"VoidDream","floor":6},{"not_picked":["Immolate","Clash"],"picked":"Pommel Strike","floor":6},{"not_picked":["Blood for Blood","Uppercut","Warcry"],"picked":"SKIP","floor":10},{"not_picked":["Clothesline","Rage","Dropkick"],"picked":"SKIP","floor":11},{"not_picked":["FairyFestival","MHz"],"picked":"ShyLook","floor":12},{"not_picked":["Sword Boomerang","Ghostly Armor"],"picked":"Shrug It Off","floor":12},{"not_picked":["PunishingBird","Bloodbath","UniverseFragment"],"picked":"Singing Bowl","floor":14},{"not_picked":["SpiderBud","BeautyBeast"],"picked":"OldLady","floor":14},{"not_picked":["Heavy Blade","Dropkick","Body Slam"],"picked":"SKIP","floor":14},{"not_picked":["FairyFestival","NakedNest"],"picked":"Laetitia","floor":16},{"not_picked":["hubris:Lust","hubris:Disease"],"picked":"Sickly","floor":17},{"not_picked":["hubris:Despair","hubris:Disease"],"picked":"hubris:Wrath","floor":17},{"not_picked":["Parasite","hubris:Sloth"],"picked":"ReplayTheSpireMod:IOU","floor":17},{"not_picked":["Bloodbath","Funeral"],"picked":"Scorched","floor":18},{"not_picked":["Evolve","Entrench","True Grit"],"picked":"SKIP","floor":18}],"player_experience":62392,"relics_obtained":[{"floor":1,"key":"LetterFromLob"},{"floor":6,"key":"HornCleat"},{"floor":9,"key":"Bottled Flame"},{"floor":14,"key":"Bird Faced Urn"}],"event_choices":[{"cards_removed":["Strike_R"],"damage_healed":0,"gold_gain":0,"player_choice":"Offered Basic","damage_taken":0,"max_hp_gain":0,"max_hp_loss":0,"event_name":"Bonfire Elementals","floor":3,"gold_loss":0}],"is_beta":false,"boss_relics":[{"not_picked":["Velvet Choker","Ectoplasm"],"picked":"Replay:Ancient Bell"},{"not_picked":["King of Hearts","Lantern"],"picked":"Replay:Mystery Machine"},{"not_picked":["infinitespire:Eraser","Onion Ring"],"picked":"hubris:PeanutButter"},{"not_picked":["Pocketwatch","Gambling Chip"],"picked":"Another Sword"}],"items_purged_floors":[4,13],"is_endless":false,"potions_floor_spawned":[5,11,12,16],"killed_by":"2 Thieves","ascension_level":1}}