{"host":"qr4czw4lps0sljwa","time":1609919553,"event":{"mods":["BaseMod","Downfall","Minty Spire (QoL Compilation)","StSLib"],"gold_per_floor":[99,117,174,449,464,476,476,504,515,534,547,57,73,93,112,112,112,112],"floor_reached":16,"playtime":964,"items_purged":[],"score":108,"play_id":"cfd93962-9fd9-4bd9-b619-994fbf94a84a","local_time":"20210105235233","is_ascension_mode":false,"campfire_choices":[{"data":"Guardian:TwinSlam","floor":1,"key":"SMITH"}],"circlet_count":0,"master_deck":["Guardian:Strike_Guardian","Guardian:Strike_Guardian","Guardian:Strike_Guardian","Guardian:Strike_Guardian","Guardian:Defend_Guardian","Guardian:Defend_Guardian","Guardian:Defend_Guardian","Guardian:Defend_Guardian","Guardian:CurlUp","Guardian:TwinSlam+1","Guardian:ChargeCore","Guardian:ChargeCore","Regret","Guardian:Gem_Red","Guardian:Gem_White","Guardian:PolyBeam","Guardian:RevengeProtocol","Guardian:CrystalBeam","Guardian:RefractedBeam","Guardian:Harden","Guardian:Gem_Purple","Guardian:Incinerate","Guardian:StasisStrike","Guardian:ShieldSpikes","Guardian:RevengeProtocol","Guardian:Gem_White"],"relics":["Guardian:ModeShifter","Vajra","Pen Nib","Eternal Feather"],"acts_visited":["Exordium"],"potions_floor_usage":[8,8,10,11,11,12,16],"damage_taken":[{"damage":0,"enemies":"Small Slimes","floor":2,"turns":4},{"damage":15,"enemies":"3 Sentries","floor":3,"turns":10},{"damage":0,"enemies":"Cultist","floor":5,"turns":2},{"damage":1,"enemies":"Jaw Worm","floor":6,"turns":2},{"damage":25,"enemies":"Gremlin Nob","floor":8,"turns":4},{"damage":9,"enemies":"2 Fungi Beasts","floor":9,"turns":3},{"damage":4,"enemies":"3 Louse","floor":10,"turns":3},{"damage":0,"enemies":"Blue Slaver","floor":11,"turns":2},{"damage":8,"enemies":"downfall:FleeingMerchant","floor":12,"turns":4},{"damage":0,"enemies":"2 Fungi Beasts","floor":13,"turns":2},{"damage":0,"enemies":"Exordium Wildlife","floor":14,"turns":2},{"damage":10,"enemies":"3 Louse","floor":15,"turns":2},{"damage":17,"enemies":"downfall:Ironclad","floor":16,"turns":5}],"seed_played":"-7468967420266204059","potions_obtained":[{"floor":2,"key":"Block Potion"},{"floor":3,"key":"champ:CounterPotion"},{"floor":8,"key":"champ:CounterPotion"},{"floor":10,"key":"EntropicBrew"},{"floor":14,"key":"SpeedPotion"},{"floor":15,"key":"BlessingOfTheForge"}],"is_trial":false,"path_per_floor":["R","M","?","?","M","M","T","E","M","M","M","$","M","M","M","B"],"character_chosen":"GUARDIAN","items_purchased":["Eternal Feather","Guardian:Gem_Purple","Guardian:Incinerate","Guardian:StasisStrike"],"campfire_rested":0,"item_purchase_floors":[12,12,12,12],"current_hp_per_floor":[88,88,73,73,73,72,72,47,38,34,34,26,26,26,16,0,0,0],"gold":112,"neow_bonus":"TEN_PERCENT_HP_BONUS","is_daily":false,"chose_seed":false,"campfire_upgraded":1,"win_rate":0.0,"timestamp":1609919553,"path_taken":["R","M","?","?","M","M","T","E","M","M","?","$","M","?","M","BOSS"],"items_purchased_type":["Relic","Card","Card","Card"],"build_version":"2020-12-22","purchased_purges":0,"victory":false,"max_hp_per_floor":[88,88,88,88,88,88,88,88,88,88,88,88,88,88,88,88,88,88],"card_choices":[{"not_picked":["Guardian:Gem_Blue","Guardian:RollAttack"],"picked":"Guardian:ChargeCore","floor":2},{"not_picked":["Guardian:Suspension","Guardian:ArmoredProtocol"],"picked":"Guardian:ChargeCore","floor":3},{"not_picked":["Guardian:Gem_Green","Guardian:Preprogram"],"picked":"Guardian:Gem_Red","floor":5},{"not_picked":["Guardian:ShieldCharger","Guardian:VentSteam"],"picked":"Guardian:Gem_White","floor":6},{"not_picked":["Guardian:TemporalShield","Guardian:VentSteam"],"picked":"Guardian:PolyBeam","floor":8},{"not_picked":["Guardian:VentSteam","Guardian:PolyBeam"],"picked":"Guardian:RevengeProtocol","floor":9},{"not_picked":["Guardian:DonusPower","Guardian:Recover"],"picked":"Guardian:CrystalBeam","floor":10},{"not_picked":["Guardian:PiercingHide","Guardian:Gem_Lightblue"],"picked":"Guardian:RefractedBeam","floor":11},{"not_picked":["Guardian:EvasiveProtocol","Guardian:TimeCapacitor"],"picked":"Guardian:Harden","floor":12},{"not_picked":["Guardian:PrimingBeam","Guardian:Suspension"],"picked":"Guardian:ShieldSpikes","floor":13},{"not_picked":["Guardian:FloatingOrbs","Guardian:CrystalBeam"],"picked":"Guardian:RevengeProtocol","floor":14},{"not_picked":["Guardian:PrimingBeam","Guardian:Gem_Lightblue"],"picked":"Guardian:Gem_White","floor":15}],"player_experience":194060,"relics_obtained":[{"floor":3,"key":"Vajra"},{"floor":8,"key":"Pen Nib"}],"event_choices":[],"is_beta":false,"boss_relics":[],"items_purged_floors":[],"is_endless":false,"potions_floor_spawned":[2,3,8,10,14,15],"killed_by":"downfall:Ironclad","ascension_level":0}}