{"host":"lq7kzi2nz43yw1nt","time":1609976825,"event":{"mods":["AchievementEnabler","Act Like it!","BaseMod","Better Third Choice","BetterRewards","Block Reminder","Conspire","Gensokyo","GifTheSpireLib","Hubris","Infinite Spire","Koishi","Marisa????????","Minty Spire (QoL Compilation)","Quick Restart","Rare Cards Sparkle","Relic Sorter","Remilia??????","Replay The Spire","Shop Mod","Spicy Shops","Spikes Relics","StSLib","SuperFastMode","The Servant 0.9.4","Trackpad"],"gold_per_floor":[111,386,401,60,71,71,71],"floor_reached":6,"playtime":496,"items_purged":[],"score":50,"play_id":"332744f0-d7c7-4c23-bb58-d9721b09e7ad","local_time":"20210106184705","is_ascension_mode":true,"campfire_choices":[],"circlet_count":0,"master_deck":["Strike_B","Strike_B","Strike_B","Strike_B","Defend_B","Defend_B","Defend_B","Defend_B","Zap","Dualcast","Biased Cognition","Chill","Regret","Auto Shields","Pride","Self Repair+1"],"relics":["Cracked Core","hubris:AstralHammer","MerchantsRug","Frozen Egg 2","RetroEgg"],"acts_visited":["Exordium"],"potions_floor_usage":[],"damage_taken":[{"damage":1.0,"enemies":"Cultist","floor":1.0,"turns":3.0},{"damage":3.0,"enemies":"Small Slimes","floor":3.0,"turns":4.0},{"damage":5.0,"enemies":"Jaw Worm","floor":5.0,"turns":4.0},{"damage":38,"enemies":"Gremlin Nob","floor":6,"turns":5}],"seed_played":"-2301070522599069375","potions_obtained":[{"floor":5.0,"key":"Adrenaline Potion"}],"is_trial":false,"path_per_floor":["M","?","M","$","M","E"],"character_chosen":"DEFECT","items_purchased":["MerchantsRug","Biased Cognition","Frozen Egg 2","RetroEgg"],"campfire_rested":0,"item_purchase_floors":[0,0,4,4],"current_hp_per_floor":[45,45,42,42,37,0,0],"gold":71,"neow_bonus":"","is_daily":false,"chose_seed":false,"campfire_upgraded":0,"win_rate":0.0,"timestamp":1609976825,"path_taken":["M","?","M","$","?","E"],"items_purchased_type":["Relic","Card","Relic","Relic"],"build_version":"2020-12-22","purchased_purges":0,"victory":false,"max_hp_per_floor":[75,75,75,75,75,75,75],"card_choices":[{"not_picked":["Rebound","Compile Driver"],"picked":"Chill","floor":1.0},{"not_picked":["Redo","Reprogram"],"picked":"Auto Shields","floor":3.0},{"not_picked":["BasicCrystalCard","Go for the Eyes"],"picked":"Self Repair+1","floor":5.0}],"player_experience":531482,"relics_obtained":[],"event_choices":[{"damage_healed":0.0,"max_hp_gain":0.0,"max_hp_loss":0.0,"gold_gain":275.0,"event_name":"Golden Shrine","player_choice":"Desecrate","floor":2.0,"gold_loss":0.0,"damage_taken":0.0,"cards_obtained":["Regret"]}],"is_beta":false,"boss_relics":[],"items_purged_floors":[],"is_endless":false,"potions_floor_spawned":[5],"killed_by":"Gremlin Nob","ascension_level":8}}