{"host":"uv231blk40vjdojr","time":1609932122,"event":{"mods":["BaseMod","Minty Spire (QoL Compilation)","Relic Stats"],"gold_per_floor":[119,130,31,31,45,45,57,84,165,178,178,212,212,212,212,283,283,300,320,320,235,245,245,15,49,49,49,0,17,17,34,34,105,105,120,120,132,57,57,57,57,57,57,57,91,91,43,43,43,43],"floor_reached":51,"playtime":2552,"items_purged":["Writhe"],"score":1273,"play_id":"2acc041b-0eaf-4118-8a4b-a1800ab7c88e","local_time":"20210106122202","is_ascension_mode":true,"campfire_choices":[{"data":"Noxious Fumes","floor":6.0,"key":"SMITH"},{"floor":11.0,"key":"REST"},{"floor":13.0,"key":"REST"},{"data":"Footwork","floor":15.0,"key":"SMITH"},{"floor":23.0,"key":"REST"},{"data":"RitualDagger","floor":27.0,"key":"SMITH"},{"floor":32.0,"key":"REST"},{"floor":40.0,"key":"REST"},{"floor":44.0,"key":"REST"},{"data":"Doppelganger","floor":46.0,"key":"SMITH"},{"floor":49.0,"key":"REST"}],"circlet_count":0,"master_deck":["AscendersBane","Strike_G+1","Strike_G+1","Strike_G+1","Strike_G+1","Defend_G+1","Defend_G+1","Defend_G+1","Defend_G+1","Defend_G+1","Survivor+1","Neutralize+1","Blade Dance+1","Quick Slash+1","Noxious Fumes+1","Sucker Punch+1","Finisher+1","Bullet Time+1","Footwork+1","Blur+1","After Image+1","Crippling Poison+1","Cloak And Dagger+1","Blade Dance+1","Crippling Poison+1","Dagger Spray+1","Tools of the Trade+1","Wraith Form v2+1","CurseOfTheBell","Doppelganger+1"],"relics":["Ring of the Snake","Tingsha","Thread and Needle","Pear","Oddly Smooth Stone","Cursed Key","PreservedInsect","Vajra","Nunchaku","Torii","Calling Bell","Tiny Chest","Pantograph","Unceasing Top","Mark of the Bloom","Bird Faced Urn"],"acts_visited":["Exordium","TheCity","TheBeyond"],"potions_floor_usage":[50,50],"damage_taken":[{"damage":9.0,"enemies":"Jaw Worm","floor":1.0,"turns":6.0},{"damage":0.0,"enemies":"Small Slimes","floor":2.0,"turns":3.0},{"damage":5.0,"enemies":"Cultist","floor":5.0,"turns":5.0},{"damage":3.0,"enemies":"Looter","floor":7.0,"turns":4.0},{"damage":33.0,"enemies":"Gremlin Nob","floor":8.0,"turns":5.0},{"damage":0.0,"enemies":"Exordium Wildlife","floor":10.0,"turns":3.0},{"damage":11.0,"enemies":"Lagavulin","floor":12.0,"turns":6.0},{"damage":0.0,"enemies":"The Guardian","floor":16.0,"turns":12.0},{"damage":2.0,"enemies":"Spheric Guardian","floor":18.0,"turns":6.0},{"damage":5.0,"enemies":"Chosen","floor":19.0,"turns":6.0},{"damage":11.0,"enemies":"Centurion and Healer","floor":22.0,"turns":6.0},{"damage":11.0,"enemies":"Book of Stabbing","floor":25.0,"turns":5.0},{"damage":17.0,"enemies":"Shelled Parasite and Fungi","floor":29.0,"turns":7.0},{"damage":13.0,"enemies":"Snake Plant","floor":31.0,"turns":4.0},{"damage":16.0,"enemies":"Champ","floor":33.0,"turns":12.0},{"damage":22.0,"enemies":"3 Darklings","floor":35.0,"turns":4.0},{"damage":1.0,"enemies":"Orb Walker","floor":37.0,"turns":4.0},{"damage":6.0,"enemies":"Giant Head","floor":45.0,"turns":7.0},{"damage":38,"enemies":"Awakened One","floor":50,"turns":19}],"seed_played":"-5570273245640394693","potions_obtained":[{"floor":5.0,"key":"SneckoOil"},{"floor":10.0,"key":"LiquidMemories"},{"floor":12.0,"key":"AttackPotion"},{"floor":18.0,"key":"DuplicationPotion"},{"floor":25.0,"key":"Strength Potion"},{"floor":31.0,"key":"SneckoOil"},{"floor":35.0,"key":"Poison Potion"},{"floor":37.0,"key":"Fire Potion"}],"is_trial":false,"path_per_floor":["M","M","$","?","M","R","M","E","T","M","R","E","R","?","R","B",null,"M","M","?","?","M","R","$","E","T","R","?","M","T","M","R","B",null,"M","?","M","$","?","R","?","$","T","R","E","R","$","T","R","B",null],"character_chosen":"THE_SILENT","items_purchased":["Noxious Fumes","Sucker Punch","Vajra","Crippling Poison","Dagger Spray","Strength Potion"],"campfire_rested":7,"item_purchase_floors":[3,3,24,24,24,47],"current_hp_per_floor":[50,50,50,43,38,38,35,2,12,12,33,22,43,43,43,43,66,64,59,53,53,42,63,63,52,52,52,52,35,35,22,43,27,62,40,40,39,39,39,60,60,60,60,60,54,54,54,54,54,16],"gold":43,"neow_bonus":"ONE_RARE_RELIC","is_daily":false,"chose_seed":false,"campfire_upgraded":4,"win_rate":0.0,"timestamp":1609932122,"path_taken":["M","M","$","?","M","R","M","E","T","M","R","E","R","?","R","BOSS","M","M","?","?","M","R","?","E","T","R","?","M","?","M","R","BOSS","M","?","M","$","?","R","?","$","T","R","E","R","$","?","R","BOSS"],"items_purchased_type":["Card","Card","Relic","Card","Card","Potion"],"build_version":"2020-12-22","purchased_purges":1,"victory":true,"max_hp_per_floor":[66,66,66,63,63,63,63,63,73,73,73,73,73,73,73,73,73,73,73,73,73,73,73,73,73,73,73,73,73,73,73,73,73,73,73,73,73,73,73,73,73,73,73,73,73,73,73,73,73,73],"relic_stats":{"Mark of the Bloom":75,"Torii":18,"counters":[19,124],"Tingsha":[105],"PreservedInsect":173,"Cursed Key":1,"Nunchaku":[19],"Pantograph":0,"Bird Faced Urn":[0],"Tiny Chest":1,"obtain_stats":[{"Mark of the Bloom":41,"Pear":9,"Torii":26,"Oddly Smooth Stone":12,"Vajra":24,"Tingsha":0,"Thread and Needle":8,"PreservedInsect":21,"Cursed Key":17,"Calling Bell":34,"Nunchaku":25,"Pantograph":34,"Bird Faced Urn":45,"Tiny Chest":34,"Unceasing Top":34,"Ring of the Snake":0},{"Mark of the Bloom":17,"Pear":5,"Torii":12,"Oddly Smooth Stone":7,"Vajra":11,"Tingsha":0,"Thread and Needle":5,"PreservedInsect":10,"Cursed Key":8,"Calling Bell":15,"Nunchaku":12,"Pantograph":15,"Bird Faced Urn":18,"Tiny Chest":15,"Unceasing Top":15,"Ring of the Snake":0},{"Mark of the Bloom":98,"Pear":23,"Torii":67,"Oddly Smooth Stone":32,"Vajra":62,"Tingsha":0,"Thread and Needle":23,"PreservedInsect":56,"Cursed Key":44,"Calling Bell":90,"Nunchaku":67,"Pantograph":90,"Bird Faced Urn":105,"Tiny Chest":90,"Unceasing Top":90,"Ring of the Snake":0}],"Unceasing Top":[7],"Ring of the Snake":[38]},"card_choices":[{"not_picked":["Prepared","Deflect"],"picked":"Blade Dance","floor":1.0},{"not_picked":["PiercingWail","Cloak And Dagger"],"picked":"Quick Slash","floor":2.0},{"not_picked":["Riddle With Holes","Distraction","Underhanded Strike"],"picked":"SKIP","floor":5.0},{"not_picked":["Setup","Backstab"],"picked":"Finisher","floor":7.0},{"not_picked":["Glass Knife","Dodge and Roll"],"picked":"Bullet Time","floor":8.0},{"not_picked":["Tactician","Flying Knee"],"picked":"Footwork","floor":10.0},{"not_picked":["Terror","Die Die Die"],"picked":"Blur","floor":12.0},{"not_picked":["Grand Finale","Night Terror"],"picked":"After Image","floor":16.0},{"not_picked":["Noxious Fumes","Deflect"],"picked":"Crippling Poison+1","floor":18.0},{"not_picked":["Backstab","Masterful Stab"],"picked":"Cloak And Dagger+1","floor":19.0},{"not_picked":["Accuracy","Backflip"],"picked":"Blade Dance","floor":22.0},{"not_picked":["Quick Slash","Sucker Punch","Deadly Poison"],"picked":"SKIP","floor":25.0},{"not_picked":["Leg Sweep","Acrobatics"],"picked":"Tools of the Trade","floor":29.0},{"not_picked":["Setup","Dagger Spray","Dodge and Roll"],"picked":"SKIP","floor":31.0},{"not_picked":["Storm of Steel","Grand Finale"],"picked":"Wraith Form v2","floor":33.0},{"not_picked":["Sucker Punch","Quick Slash","Eviscerate"],"picked":"SKIP","floor":35.0},{"not_picked":["Acrobatics","Slice","Deadly Poison+1"],"picked":"SKIP","floor":37.0},{"not_picked":["Underhanded Strike","Backflip"],"picked":"Doppelganger","floor":45.0}],"player_experience":580617,"relics_obtained":[{"floor":8.0,"key":"Thread and Needle"},{"floor":9.0,"key":"Pear"},{"floor":12.0,"key":"Oddly Smooth Stone"},{"floor":25.0,"key":"Nunchaku"},{"floor":26.0,"key":"Torii"},{"floor":34.0,"key":"Tiny Chest"},{"floor":34.0,"key":"Pantograph"},{"floor":34.0,"key":"Unceasing Top"},{"floor":45.0,"key":"Bird Faced Urn"}],"event_choices":[{"cards_removed":["Parasite"],"damage_healed":0.0,"max_hp_gain":0.0,"max_hp_loss":0.0,"gold_gain":0.0,"event_name":"Golden Wing","player_choice":"Card Removal","floor":4.0,"gold_loss":0.0,"damage_taken":7.0},{"cards_removed":["Strike_G"],"damage_healed":0.0,"max_hp_gain":0.0,"max_hp_loss":0.0,"gold_gain":0.0,"event_name":"Bonfire Elementals","player_choice":"Offered Basic","floor":14.0,"gold_loss":0.0,"damage_taken":0.0},{"damage_healed":0.0,"max_hp_gain":0.0,"max_hp_loss":0.0,"gold_gain":0.0,"event_name":"Nest","player_choice":"Joined the Cult","floor":20.0,"gold_loss":0.0,"damage_taken":6.0,"cards_obtained":["RitualDagger"]},{"damage_healed":0.0,"max_hp_gain":0.0,"max_hp_loss":0.0,"gold_gain":0.0,"event_name":"Addict","player_choice":"Obtained Relic","floor":21.0,"gold_loss":85.0,"damage_taken":0.0,"relics_obtained":["PreservedInsect"]},{"damage_healed":0.0,"max_hp_gain":0.0,"max_hp_loss":0.0,"gold_gain":0.0,"event_name":"Masked Bandits","player_choice":"Paid Fearfully","floor":28.0,"gold_loss":49.0,"damage_taken":0.0},{"damage_healed":0.0,"max_hp_gain":0.0,"max_hp_loss":0.0,"gold_gain":0.0,"event_name":"Mysterious Sphere","player_choice":"Ignored","floor":36.0,"gold_loss":0.0,"damage_taken":0.0},{"cards_removed":["RitualDagger"],"damage_healed":0.0,"max_hp_gain":0.0,"max_hp_loss":0.0,"gold_gain":0.0,"event_name":"Falling","player_choice":"Removed Attack","floor":39.0,"gold_loss":0.0,"damage_taken":0.0},{"damage_healed":0.0,"max_hp_gain":0.0,"max_hp_loss":0.0,"gold_gain":0.0,"event_name":"MindBloom","player_choice":"Upgrade","floor":41.0,"gold_loss":0.0,"damage_taken":0.0,"cards_upgraded":["Strike_G","Strike_G","Strike_G","Strike_G","Defend_G","Defend_G","Defend_G","Defend_G","Defend_G","Survivor","Neutralize","Blade Dance","Quick Slash","Sucker Punch","Finisher","Bullet Time","Blur","After Image","Blade Dance","Crippling Poison","Dagger Spray","Tools of the Trade","Wraith Form v2"],"relics_obtained":["Mark of the Bloom"]}],"is_beta":false,"boss_relics":[{"not_picked":["Runic Pyramid","HoveringKite"],"picked":"Cursed Key"},{"not_picked":["Tiny House","Coffee Dripper"],"picked":"Calling Bell"}],"items_purged_floors":[38],"is_endless":false,"potions_floor_spawned":[5,10,12,18,25,29,31,35,37],"ascension_level":15}}