{"host":"cijhj3091wf4aho3","time":1609903934,"event":{"mods":["BaseMod","Colored Map","Colored Powertips","Downfall","Friendly Minions","GifTheSpireLib","Highlight Path","Minty Spire (QoL Compilation)","Permanent Neow","Random Character Button","Relic Sorter","Relic Stats","StSLib","everything is the same but u backflip on backflip","slay the spire mod where everything is the same but ironclad has a cowboy hat"],"gold_per_floor":[99,111,131,141,157,307,386,413,413,429,354,366,384,73,85,85,85,85],"floor_reached":16,"playtime":718,"items_purged":["Slimebound:Icky"],"score":154,"play_id":"cc87be63-55a0-4319-b402-253c5de31cab","local_time":"20210105193214","is_ascension_mode":true,"campfire_choices":[{"data":"expansioncontent:DashGenerateEvil","floor":1.0,"key":"SMITH"},{"floor":9,"key":"RECALL"},{"data":"champ:BerserkerStyle","floor":11,"key":"SMITH"}],"circlet_count":0,"master_deck":["champ:Strike","champ:Strike","champ:Strike","champ:Strike","champ:Defend","champ:Defend","champ:Defend","champ:Defend","champ:Execute","champ:Taunt","expansioncontent:DashGenerateEvil+1","champ:Aggression","champ:AdrenalArmor","champ:BerserkersShout","champ:BerserkerStyle+1","champ:Shatter","champ:HeartStrike","champ:EnchantSword","champ:Encircle","champ:ShieldSigil"],"relics":["champ:ChampionCrown","Kunai","Bronze Scales","downfall:HeartBlessingRed","Tiny Chest"],"acts_visited":["Exordium"],"potions_floor_usage":[8,16,16],"damage_taken":[{"damage":0.0,"enemies":"Cultist","floor":2.0,"turns":3.0},{"damage":0.0,"enemies":"Small Slimes","floor":3.0,"turns":2.0},{"damage":7.0,"enemies":"2 Louse","floor":4.0,"turns":2.0},{"damage":30.0,"enemies":"Large Slime","floor":5.0,"turns":7.0},{"damage":35,"enemies":"Gremlin Nob","floor":8,"turns":5},{"damage":10,"enemies":"2 Fungi Beasts","floor":10,"turns":3},{"damage":9,"enemies":"Blue Slaver","floor":12,"turns":2},{"damage":11,"enemies":"3 Louse","floor":13,"turns":3},{"damage":26,"enemies":"downfall:FleeingMerchant","floor":14,"turns":4},{"damage":20,"enemies":"Red Slaver","floor":15,"turns":2},{"damage":34,"enemies":"downfall:Ironclad","floor":16,"turns":3}],"seed_played":"-3024982597627089287","potions_obtained":[{"floor":3.0,"key":"Strength Potion"},{"floor":5.0,"key":"FearPotion"},{"floor":8,"key":"FearPotion"},{"floor":13,"key":"BlessingOfTheForge"}],"is_trial":false,"path_per_floor":["R","M","M","M","M","?","T","E","R","M","R","M","M","$","M","B"],"character_chosen":"THE_CHAMP","items_purchased":["champ:Encircle","Tiny Chest"],"campfire_rested":0,"item_purchase_floors":[14,14],"current_hp_per_floor":[57,57,57,55,55,55,55,32,32,29,29,29,29,29,19,0,0,0],"gold":85,"neow_bonus":"RANDOM_COLORLESS_2","is_daily":false,"chose_seed":false,"campfire_upgraded":2,"win_rate":0.0,"timestamp":1609903934,"path_taken":["R","M","M","?","M","?","T","E","R","M","R","M","M","$","M","BOSS"],"items_purchased_type":["Card","Relic"],"build_version":"2020-12-22","purchased_purges":1,"victory":false,"max_hp_per_floor":[90,90,90,90,90,90,90,90,90,90,90,90,90,90,90,90,90,90],"relic_stats":{"counters":[11,36],"Bronze Scales":[32],"Tiny Chest":0,"Kunai":[5],"obtain_stats":[{"downfall:HeartBlessingRed":11,"Bronze Scales":8,"champ:ChampionCrown":0,"Tiny Chest":14,"Kunai":7},{"downfall:HeartBlessingRed":6,"Bronze Scales":5,"champ:ChampionCrown":0,"Tiny Chest":9,"Kunai":4},{"downfall:HeartBlessingRed":22,"Bronze Scales":19,"champ:ChampionCrown":0,"Tiny Chest":31,"Kunai":14}]},"card_choices":[{"not_picked":["Panache","Magnetism"],"picked":"expansioncontent:DashGenerateEvil","floor":0.0},{"not_picked":["champ:IronFortress","champ:RisingSlash"],"picked":"champ:Aggression","floor":2.0},{"not_picked":["champ:PerfectedStrike","champ:FightOn"],"picked":"champ:AdrenalArmor","floor":3.0},{"not_picked":["champ:FocusedDefense","champ:FocusedGladiator"],"picked":"champ:BerserkersShout","floor":4.0},{"not_picked":["champ:FlashCut","champ:DefensiveStyle"],"picked":"champ:BerserkerStyle","floor":5.0},{"not_picked":["champ:ViciousMockery","champ:PerfectedStrike","champ:StanceDance"],"picked":"SKIP","floor":8},{"not_picked":["champ:FlashCut","champ:EnchantCrown","champ:DefensiveShout"],"picked":"SKIP","floor":10},{"not_picked":["champ:DefensiveShout","champ:Backstep"],"picked":"champ:Shatter","floor":12},{"not_picked":["champ:Haymaker","champ:FanOfKnives"],"picked":"champ:HeartStrike","floor":13},{"not_picked":["champ:PerfectedStrike","champ:Backstep"],"picked":"champ:EnchantSword","floor":14},{"not_picked":["champ:BringItOn","champ:Balance"],"picked":"champ:ShieldSigil","floor":15}],"player_experience":474296,"relics_obtained":[{"floor":7.0,"key":"Kunai"},{"floor":8,"key":"Bronze Scales"}],"event_choices":[],"is_beta":false,"boss_relics":[],"items_purged_floors":[14],"is_endless":false,"potions_floor_spawned":[3,5,8,13,15],"killed_by":"downfall:Ironclad","ascension_level":9}}