{"host":"bw13iioxe4nmywrn","time":1609963101,"event":{"mods":["AchievementEnabler","Act Like it!","BaseMod","Colored Powertips","Gensokyo","Minty Spire (QoL Compilation)","StSLib","The Servant 0.9.4"],"gold_per_floor":[110,110,110,120,120,151,164,164,210,14,14,14,14,47,47,146,146,158,12,28,28,47,47,47,77,100,100,119,132,132,132],"floor_reached":30,"playtime":1156,"items_purged":[],"score":256,"play_id":"51109650-adcc-414c-bfc4-c8beb833d091","local_time":"20210107005821","is_ascension_mode":false,"campfire_choices":[{"data":"Sunder","floor":12,"key":"SMITH"},{"data":"Zap","floor":15,"key":"SMITH"},{"floor":23,"key":"REST"},{"floor":27,"key":"REST"}],"circlet_count":0,"master_deck":["Strike_B","Strike_B","Strike_B+1","Strike_B","Defend_B","Defend_B","Defend_B","Defend_B","Zap+1","Dualcast","Turbo+1","Cold Snap","Barrage","Sunder+1","Heatsinks","Decay","Conserve Battery","Creative AI+1","Rip and Tear","Conserve Battery+1","Steam+1","Ball Lightning+1","Leap+1"],"relics":["Cracked Core","Dream Catcher","Turnip","Blood Vial","Chemical X","Letter Opener","Busted Crown","PreservedInsect","Bag of Marbles","Anchor"],"acts_visited":["Exordium","TheCity"],"potions_floor_usage":[14,22,22,30],"damage_taken":[{"damage":1,"enemies":"2 Louse","floor":1,"turns":2},{"damage":6,"enemies":"Jaw Worm","floor":4,"turns":2},{"damage":17,"enemies":"Lagavulin","floor":6,"turns":6},{"damage":0,"enemies":"Cultist","floor":7,"turns":2},{"damage":11,"enemies":"3 Sentries","floor":14,"turns":3},{"damage":49,"enemies":"The Guardian","floor":16,"turns":15},{"damage":32,"enemies":"Shell Parasite","floor":18,"turns":8},{"damage":32,"enemies":"2 Thieves","floor":20,"turns":4},{"damage":3,"enemies":"Centurion and Healer","floor":22,"turns":7},{"damage":32,"enemies":"Book of Stabbing","floor":25,"turns":5},{"damage":7,"enemies":"3 Cultists","floor":28,"turns":5},{"damage":15,"enemies":"Cultist and Chosen","floor":29,"turns":7},{"damage":14,"enemies":"Shelled Parasite and Fungi","floor":30,"turns":3}],"seed_played":"2271090018430562948","potions_obtained":[{"floor":4,"key":"Explosive Potion"},{"floor":14,"key":"LiquidBronze"},{"floor":16,"key":"FearPotion"},{"floor":22,"key":"PotionOfCapacity"},{"floor":25,"key":"PotionOfCapacity"},{"floor":29,"key":"ColorlessPotion"}],"is_trial":false,"path_per_floor":["M","?","T","M","?","E","M","?","T","$","?","R","$","E","R","B",null,"M","$","M","?","M","R","$","E","T","R","M","M","M"],"character_chosen":"DEFECT","items_purchased":["Chemical X","Dexterity Potion","PreservedInsect"],"campfire_rested":2,"item_purchase_floors":[10,10,19],"current_hp_per_floor":[74,59,59,53,53,36,36,61,61,61,61,61,61,52,52,5,75,43,43,13,13,12,34,34,4,4,26,21,8,0,0],"gold":132,"neow_bonus":"ONE_RANDOM_RARE_CARD","is_daily":false,"chose_seed":false,"campfire_upgraded":2,"win_rate":0.0,"timestamp":1609963101,"path_taken":["M","?","?","M","?","E","?","?","T","$","?","R","$","E","R","BOSS","M","$","?","?","?","R","?","E","T","R","M","M","?"],"items_purchased_type":["Relic","Potion","Relic"],"build_version":"2020-12-22","purchased_purges":0,"victory":false,"max_hp_per_floor":[75,75,75,75,75,75,75,75,75,75,75,75,75,75,75,75,75,75,75,75,75,75,75,75,75,75,75,75,75,75,75],"card_choices":[{"not_picked":["Sweeping Beam","Capacitor"],"picked":"Turbo","floor":1},{"not_picked":["Gash","Barrage"],"picked":"Cold Snap","floor":4},{"not_picked":["Barrage","Reprogram"],"picked":"Sunder","floor":6},{"not_picked":["Scrape","Chaos"],"picked":"Heatsinks","floor":7},{"not_picked":["Recycle","Genetic Algorithm"],"picked":"Conserve Battery","floor":14},{"not_picked":["Amplify","Reboot"],"picked":"Creative AI","floor":16},{"not_picked":["Compile Driver"],"picked":"SKIP","floor":18},{"not_picked":[],"picked":"Rip and Tear","floor":20},{"not_picked":["Scrape"],"picked":"SKIP","floor":22},{"not_picked":[],"picked":"Conserve Battery+1","floor":23},{"not_picked":["Barrage"],"picked":"SKIP","floor":25},{"not_picked":[],"picked":"Steam+1","floor":27},{"not_picked":[],"picked":"Ball Lightning+1","floor":28},{"not_picked":[],"picked":"Leap+1","floor":29}],"player_experience":230033,"relics_obtained":[{"floor":3,"key":"Dream Catcher"},{"floor":6,"key":"Turnip"},{"floor":9,"key":"Blood Vial"},{"floor":14,"key":"Letter Opener"},{"floor":25,"key":"Bag of Marbles"},{"floor":26,"key":"Anchor"}],"event_choices":[{"damage_healed":0,"gold_gain":0,"player_choice":"Entered Light","damage_taken":15,"max_hp_gain":0,"max_hp_loss":0,"event_name":"Shining Light","floor":2,"gold_loss":0,"cards_upgraded":["Strike_B","Turbo"]},{"damage_healed":0,"gold_gain":0,"cards_transformed":["Multi-Cast"],"player_choice":"Change","damage_taken":0,"max_hp_gain":0,"max_hp_loss":0,"event_name":"Living Wall","floor":5,"gold_loss":0,"cards_obtained":["Barrage"]},{"damage_healed":25,"gold_gain":0,"player_choice":"Banana","damage_taken":0,"max_hp_gain":0,"max_hp_loss":0,"event_name":"Big Fish","floor":8,"gold_loss":0},{"damage_healed":0,"gold_gain":0,"player_choice":"Cursed","damage_taken":0,"max_hp_gain":0,"max_hp_loss":0,"event_name":"Wheel of Change","floor":11,"gold_loss":0,"cards_obtained":["Decay"]},{"damage_healed":0,"gold_gain":0,"player_choice":"Forge","damage_taken":0,"max_hp_gain":0,"max_hp_loss":0,"event_name":"Accursed Blacksmith","floor":21,"gold_loss":0,"cards_upgraded":["Creative AI"]}],"is_beta":false,"boss_relics":[{"not_picked":["Runic Pyramid","Cursed Key"],"picked":"Busted Crown"}],"items_purged_floors":[],"is_endless":false,"potions_floor_spawned":[4,14,16,22,25,29],"killed_by":"Shelled Parasite and Fungi","ascension_level":0}}