{"host":"0jile2yd1dg679g0","time":1609977492,"event":{"mods":["AchievementEnabler","Act Like it!","BaseMod","Better Third Choice","Colored Map","Colored Powertips","Gensokyo","Hermit","Luminous","Marisa????????","Minty Spire (QoL Compilation)","Random Character Button","Spicy Shops","StSLib","The Servant 0.9.4","Transform Curses","Waifu the Spire"],"gold_per_floor":[119,132,57,68,79,79,95,129,153,153,183,38,85,105,105,219,228,252,22,44,53,82,82,91,91,142,142,168,168,190,190,190,300,300,322,343,343,368,368,368,368,403,428,453,482,43,52,74,74,74],"floor_reached":51,"playtime":6114,"items_purged":["Shame"],"score":760,"play_id":"08d44bd3-2619-441e-9839-90df5aaaefee","local_time":"20210106185812","is_ascension_mode":true,"campfire_choices":[{"data":"Fusion","floor":6.0,"key":"SMITH"},{"floor":10.0,"key":"REST"},{"floor":15.0,"key":"REST"},{"data":"Apotheosis","floor":23.0,"key":"SMITH"},{"data":"White Noise","floor":25.0,"key":"SMITH"},{"data":"Loop","floor":27.0,"key":"SMITH"},{"floor":32.0,"key":"REST"},{"floor":40,"key":"REST"},{"floor":49,"key":"REST"}],"circlet_count":0,"master_deck":["Strike_B","Strike_B","Strike_B+1","Defend_B","Defend_B","Defend_B","Zap","Dualcast","Core Surge","Darkness","Tempest","Fusion+1","Cold Snap","Loop+1","Sweeping Beam","Self Repair","Go for the Eyes+1","Gash","Beam Cell","White Noise+1","Rainbow","CurseOfTheBell","Echo Form","Dark Shackles+1","Static Discharge","Apotheosis+1","White Noise+1","Cold Snap+1","Steam","Seek","Glacier+1","Stack+1","Steam+1","Parasite","Leap+1","Hello World+1","Panacea","Defragment+1"],"relics":["Cracked Core","Strawberry","Bag of Marbles","Potion Belt","Blood Vial","Whetstone","CeramicFish","Calling Bell","Orichalcum","Sundial","Ice Cream","ClockworkSouvenir","Ancient Tea Set","Happy Flower","Fusion Hammer","Pen Nib","Blue Candle","TungstenRod"],"acts_visited":["Exordium","TheCity","TheBeyond"],"potions_floor_usage":[36,44,50],"damage_taken":[{"damage":1.0,"enemies":"Cultist","floor":1.0,"turns":3.0},{"damage":3.0,"enemies":"2 Louse","floor":2.0,"turns":2.0},{"damage":0.0,"enemies":"Small Slimes","floor":4.0,"turns":3.0},{"damage":9.0,"enemies":"3 Louse","floor":5.0,"turns":4.0},{"damage":27.0,"enemies":"Lots of Slimes","floor":7.0,"turns":3.0},{"damage":20.0,"enemies":"Lagavulin","floor":8.0,"turns":5.0},{"damage":20.0,"enemies":"Gremlin Nob","floor":11.0,"turns":4.0},{"damage":6.0,"enemies":"Blue Slaver","floor":14.0,"turns":3.0},{"damage":7.0,"enemies":"Slime Boss","floor":16.0,"turns":7.0},{"damage":21.0,"enemies":"Spheric Guardian","floor":18.0,"turns":4.0},{"damage":7.0,"enemies":"3 Byrds","floor":20.0,"turns":4.0},{"damage":19.0,"enemies":"Snecko","floor":22.0,"turns":4.0},{"damage":16.0,"enemies":"Snake Plant","floor":28.0,"turns":2.0},{"damage":23.0,"enemies":"Shelled Parasite and Fungi","floor":30.0,"turns":5.0},{"damage":53.0,"enemies":"Automaton","floor":33.0,"turns":11.0},{"damage":3.0,"enemies":"3 Shapes","floor":35.0,"turns":4.0},{"damage":25,"enemies":"3 Darklings","floor":36,"turns":6},{"damage":55,"enemies":"Spire Growth","floor":38,"turns":6},{"damage":34,"enemies":"Writhing Mass","floor":42,"turns":6},{"damage":0,"enemies":"Maw","floor":44,"turns":8},{"damage":21,"enemies":"Nemesis","floor":45,"turns":7},{"damage":29,"enemies":"3 Darklings","floor":48,"turns":7},{"damage":52,"enemies":"Donu and Deca","floor":50,"turns":9}],"seed_played":"728206876478355219","potions_obtained":[{"floor":1.0,"key":"SpeedPotion"},{"floor":2.0,"key":"SpeedPotion"},{"floor":4.0,"key":"SpeedPotion"},{"floor":14.0,"key":"Dexterity Potion"},{"floor":18.0,"key":"Energy Potion"},{"floor":22.0,"key":"SkillPotion"},{"floor":28.0,"key":"FairyPotion"},{"floor":29.0,"key":"Regen Potion"},{"floor":29.0,"key":"FearPotion"},{"floor":30.0,"key":"LiquidMemories"},{"floor":36,"key":"BlessingOfTheForge"},{"floor":38,"key":"Energy Potion"},{"floor":45,"key":"Swift Potion"}],"is_trial":false,"path_per_floor":["M","M","$","M","M","R","M","E","T","R","E","$","T","M","R","B",null,"M","$","M","?","M","R","?","R","T","R","M","?","M","?","R","B",null,"M","M","?","M","?","R","?","M","T","M","E","$","?","M","R","B",null],"character_chosen":"DEFECT","items_purchased":["Strawberry","Whetstone","Gash","Beam Cell","ClockworkSouvenir","Dark Shackles","TungstenRod","LiquidMemories"],"campfire_rested":5,"item_purchase_floors":[3,12,12,12,19,19,46,46],"current_hp_per_floor":[67,64,71,71,62,62,35,15,15,37,24,24,24,20,42,44,75,61,61,56,56,49,49,49,49,49,49,35,35,21,21,43,21,75,72,69,69,36,36,57,57,39,39,66,57,57,57,44,65,25],"gold":74,"neow_bonus":"TRANSFORM_TWO_CARDS","is_daily":false,"chose_seed":false,"campfire_upgraded":4,"win_rate":0.0,"timestamp":1609977492,"path_taken":["M","M","$","M","M","R","M","E","T","R","E","$","?","M","R","BOSS","M","$","?","?","M","R","?","R","T","R","M","?","?","?","R","BOSS","M","?","?","?","?","R","?","?","T","M","E","$","?","M","R","BOSS"],"items_purchased_type":["Relic","Relic","Card","Card","Relic","Card","Relic","Potion"],"build_version":"2020-12-22","purchased_purges":1,"victory":true,"max_hp_per_floor":[68,68,75,75,75,75,75,75,75,75,75,75,75,75,75,75,75,75,75,75,75,75,75,75,75,75,75,75,75,75,75,75,75,75,75,75,75,75,71,71,71,71,71,71,71,71,71,71,71,71],"card_choices":[{"not_picked":["Compile Driver","Barrage"],"picked":"Tempest","floor":1.0},{"not_picked":["Skim","Compile Driver"],"picked":"Fusion","floor":2.0},{"not_picked":["Lockon","Coolheaded"],"picked":"Cold Snap","floor":4.0},{"not_picked":["Reinforced Body","Auto Shields"],"picked":"Loop","floor":5.0},{"not_picked":["Scrape","Heatsinks"],"picked":"Sweeping Beam","floor":7.0},{"not_picked":["Thunder Strike","Stack"],"picked":"Self Repair","floor":8.0},{"not_picked":["Compile Driver","Skim"],"picked":"Go for the Eyes","floor":11.0},{"not_picked":["Recycle","Conserve Battery"],"picked":"White Noise","floor":14.0},{"not_picked":["Hyperbeam","Amplify"],"picked":"Rainbow","floor":16.0},{"not_picked":["Streamline+1","Lockon"],"picked":"Echo Form","floor":18.0},{"not_picked":["Heatsinks+1","Streamline"],"picked":"Static Discharge","floor":20.0},{"not_picked":["Barrage","Leap"],"picked":"White Noise+1","floor":22.0},{"not_picked":["Steam","Turbo+1"],"picked":"Cold Snap+1","floor":28.0},{"not_picked":["Redo","Turbo"],"picked":"Steam","floor":30.0},{"not_picked":["Reboot","Amplify"],"picked":"Seek","floor":33.0},{"not_picked":["Aggregate","Compile Driver+1"],"picked":"Glacier+1","floor":35.0},{"not_picked":["Steam","Hologram"],"picked":"Stack+1","floor":36},{"not_picked":["Hologram+1","Static Discharge"],"picked":"Steam+1","floor":38},{"not_picked":["Beam Cell+1","Cold Snap"],"picked":"Leap+1","floor":42},{"not_picked":["Beam Cell+1","Turbo"],"picked":"Hello World+1","floor":44},{"not_picked":["Barrage","Redo","Recycle"],"picked":"SKIP","floor":45},{"not_picked":["Apotheosis","Panache"],"picked":"Panacea","floor":47},{"not_picked":["Cold Snap+1","Chill"],"picked":"Defragment+1","floor":48}],"player_experience":246680,"relics_obtained":[{"floor":8.0,"key":"Bag of Marbles"},{"floor":9.0,"key":"Potion Belt"},{"floor":11.0,"key":"Blood Vial"},{"floor":13.0,"key":"CeramicFish"},{"floor":17.0,"key":"Orichalcum"},{"floor":17.0,"key":"Sundial"},{"floor":17.0,"key":"Ice Cream"},{"floor":26.0,"key":"Happy Flower"},{"floor":43,"key":"Pen Nib"},{"floor":45,"key":"Blue Candle"}],"event_choices":[{"damage_healed":0.0,"max_hp_gain":0.0,"max_hp_loss":0.0,"gold_gain":0.0,"event_name":"Addict","player_choice":"Stole Relic","floor":24.0,"gold_loss":0.0,"damage_taken":0.0,"relics_obtained":["Ancient Tea Set"],"cards_obtained":["Shame"]},{"damage_healed":0.0,"max_hp_gain":0.0,"max_hp_loss":0.0,"gold_gain":0.0,"event_name":"Lab","player_choice":"Got Potions","floor":29.0,"gold_loss":0.0,"damage_taken":0.0},{"damage_healed":0.0,"max_hp_gain":0.0,"max_hp_loss":0.0,"gold_gain":0.0,"event_name":"The Woman in Blue","player_choice":"Bought 0 Potions","floor":31.0,"gold_loss":0.0,"damage_taken":0.0},{"damage_healed":0,"gold_gain":0,"player_choice":"0 cards matched","damage_taken":0,"max_hp_gain":0,"max_hp_loss":0,"event_name":"Match and Keep!","floor":37,"gold_loss":0,"cards_obtained":[]},{"damage_healed":0,"gold_gain":0,"player_choice":"Max HP","damage_taken":0,"max_hp_gain":0,"max_hp_loss":4,"event_name":"Winding Halls","floor":39,"gold_loss":0},{"damage_healed":0,"gold_gain":0,"player_choice":"Upgraded","damage_taken":0,"max_hp_gain":0,"max_hp_loss":0,"event_name":"Upgrade Shrine","floor":41,"gold_loss":0,"cards_upgraded":["Dark Shackles"]},{"damage_healed":0,"gold_gain":0,"player_choice":"Memory 1","damage_taken":0,"max_hp_gain":0,"max_hp_loss":0,"event_name":"SensoryStone","floor":47,"gold_loss":0}],"is_beta":false,"boss_relics":[{"not_picked":["Snecko Eye","Tiny House"],"picked":"Calling Bell"},{"not_picked":["Runic Dome","FrozenCore"],"picked":"Fusion Hammer"}],"items_purged_floors":[46],"is_endless":false,"potions_floor_spawned":[1,2,4,7,14,18,22,28,30,36,38,45],"ascension_level":3}}