{"host":"05vhm55ztg7fyvhd","time":1609947338,"event":{"mods":["BaseMod","Downfall","Googly Eyes","Hubris","Minty Spire (QoL Compilation)","Replay The Spire","Shop Mod","StSLib"],"gold_per_floor":[113,132,132,148,162,162,162,87,87,87,87],"floor_reached":10,"playtime":318,"items_purged":["Defend_B"],"score":70,"play_id":"76fa6eba-5737-4908-a1cb-3e7ad1af48a2","local_time":"20210106163538","is_ascension_mode":true,"campfire_choices":[{"data":"Gash","floor":6,"key":"SMITH"}],"circlet_count":0,"master_deck":["Strike_B","Strike_B","Strike_B+1","Defend_B","Defend_B+1","Defend_B","Zap","Dualcast","Gash+1"],"relics":["Cracked Core","Golden Idol","Omamori"],"acts_visited":["Exordium"],"potions_floor_usage":[10],"damage_taken":[{"damage":0,"enemies":"Cultist","floor":1,"turns":3},{"damage":0,"enemies":"2 Louse","floor":2,"turns":3},{"damage":0,"enemies":"Jaw Worm","floor":4,"turns":3},{"damage":14,"enemies":"Red Slaver","floor":5,"turns":3},{"damage":61,"enemies":"Gremlin Nob","floor":10,"turns":4}],"seed_played":"-1343554311321549541","potions_obtained":[{"floor":4,"key":"Languid Potion"}],"is_trial":false,"path_per_floor":["M","M","?","M","M","R","?","$","T","E"],"character_chosen":"DEFECT","items_purchased":[],"campfire_rested":0,"item_purchase_floors":[],"current_hp_per_floor":[75,75,60,60,46,46,28,28,28,0,0],"gold":87,"neow_bonus":"REMOVE_CARD","is_daily":false,"chose_seed":false,"campfire_upgraded":1,"win_rate":0.0,"timestamp":1609947338,"path_taken":["M","M","?","M","M","R","?","$","T","E"],"items_purchased_type":[],"build_version":"2020-12-22","purchased_purges":1,"victory":false,"max_hp_per_floor":[75,75,75,75,75,75,75,75,75,75,75],"card_choices":[{"not_picked":["Go for the Eyes","Hologram","Redo"],"picked":"SKIP","floor":1},{"not_picked":["Self Repair","Beam Cell","Skim"],"picked":"SKIP","floor":2},{"not_picked":["ReplayTheSpireMod:GoodbyeWorld","Consume","Barrage"],"picked":"SKIP","floor":4},{"not_picked":["Steam","Defragment"],"picked":"Gash","floor":5}],"player_experience":438883,"relics_obtained":[{"floor":9,"key":"Omamori"}],"event_choices":[{"damage_healed":0,"gold_gain":0,"player_choice":"Entered Light","damage_taken":15,"max_hp_gain":0,"max_hp_loss":0,"event_name":"Shining Light","floor":3,"gold_loss":0,"cards_upgraded":["Strike_B","Defend_B"]},{"damage_healed":0,"gold_gain":0,"player_choice":"Take Damage","damage_taken":18,"relics_obtained":["Golden Idol"],"max_hp_gain":0,"max_hp_loss":0,"event_name":"Golden Idol","floor":7,"gold_loss":0}],"is_beta":false,"boss_relics":[],"items_purged_floors":[8],"is_endless":false,"potions_floor_spawned":[4],"killed_by":"Gremlin Nob","ascension_level":4}}