{"host":"qy89j0vid1u7yuu4","time":1609905757,"event":{"mods":["Act Like it!","Aspiration","BaseMod","Better Match","Card Forge","Colored Powertips","Elementarium","Hermit","Hubris","Infinite Spire","Menagerie","Minty Spire (QoL Compilation)","Replay The Spire","Spicy Shops","StSLib"],"gold_per_floor":[113,113,126,141,141,174,185,185,267,52,52,52,89,100,100,195,195,205,216,216,216,226,253,287,316,316,276,291,291,140,140,140,243,243,261,261,278,123,139,171,189,189,239,239,270,289,289,289,289,390,390,390,390],"floor_reached":52,"playtime":2517,"items_purged":[],"score":1203,"play_id":"8995bbff-8a68-4a80-8cb8-c869b7eba35b","local_time":"20210105210237","daily_mods":["Flight","Cursed Run"],"is_ascension_mode":false,"campfire_choices":[{"data":"hermit:FlashPowder","floor":8,"key":"SMITH"},{"floor":11,"key":"REST"},{"data":"hermit:Brawl","floor":15,"key":"SMITH"},{"floor":32,"key":"DIG"},{"floor":42,"key":"DIG"},{"floor":49,"key":"DIG"}],"circlet_count":0,"master_deck":["hermit:Strike_Hermit","hermit:Strike_Hermit","hermit:Defend_Hermit","hermit:Defend_Hermit+1","hermit:Defend_Hermit","hermit:Defend_Hermit","hermit:Snapshot","hermit:Covet","hermit:FlashPowder+1","Regret","hermit:Quickdraw+1","hermit:Headshot","hermit:Brawl+1","CommonCold","hermit:Determination+1","hermit:ItchyTrigger","hermit:Malice+1","hubris:Disease","hermit:Roughhouse+1","hermit:Maintenance+1","hermit:PistolWhip+1","Pot Of Greed","Pot Of Greed+1","hermit:Quickdraw+1","hermit:TrackingShot+1","Pot Of Greed","hermit:Snipe","Injury","Decay","hubris:Compulsion","hermit:GoldenBullet","hermit:Quickdraw+1","hermit:Vantage+1","hermit:SprayPray+1","hermit:ShadowCloak","Parasite","hubris:Lust","Pot Of Greed","CommonCold","hermit:Purgatory"],"relics":["Cursed Key","Darkstone Periapt","Du-Vu Doll","Hammer of Thor","Seething Fire","Anvil of the Gods","Ring of Chaos","Matryoshka","Pet Ghost","ReplayTheSpireMod:TigerMarble","hubris:PeanutButter","PreservedInsect","Replay:Multitool","hubris:ScarierMask","Grinning Jar","Replay:Rubber Ducky","Nunchaku","Blue Candle","Ornamental Fan","Shovel","Guide Book","hubris:TinFlute","Snack Pack","hubris:GrandSneckoEye","Toolbox","Gambling Chip","hermit:Horseshoe","Strawberry","Bag of Preparation","hubris:Towel","Pondfish Scales","Pear","aspiration:FutureDiary","Ring of Chaos"],"acts_visited":["Exordium","TheCity","TheBeyond","Exordium"],"potions_floor_usage":[22],"damage_taken":[{"damage":1,"enemies":"Jaw Worm","floor":1,"turns":3},{"damage":1,"enemies":"Cultist","floor":3,"turns":3},{"damage":0,"enemies":"Small Slimes","floor":4,"turns":2},{"damage":6,"enemies":"Lagavulin","floor":6,"turns":5},{"damage":0,"enemies":"Exordium Thugs","floor":7,"turns":3},{"damage":0,"enemies":"Gremlin Nob","floor":13,"turns":2},{"damage":0,"enemies":"3 Louse","floor":14,"turns":2},{"damage":0,"enemies":"Hexaghost","floor":16,"turns":9},{"damage":0,"enemies":"2 Thieves","floor":18,"turns":2},{"damage":0,"enemies":"Shell Parasite","floor":19,"turns":2},{"damage":0,"enemies":"Snecko","floor":22,"turns":4},{"damage":0,"enemies":"Slavers","floor":23,"turns":2},{"damage":0,"enemies":"Nightmare","floor":24,"turns":5},{"damage":0,"enemies":"Slavers","floor":25,"turns":2},{"damage":0,"enemies":"Sentry and Sphere","floor":28,"turns":2},{"damage":54,"enemies":"Collector","floor":33,"turns":7},{"damage":0,"enemies":"Orb Walker","floor":35,"turns":3},{"damage":0,"enemies":"3 Shapes","floor":37,"turns":1},{"damage":1,"enemies":"Maw","floor":39,"turns":7},{"damage":0,"enemies":"R_Hoarder","floor":40,"turns":4},{"damage":0,"enemies":"4 Shapes","floor":41,"turns":1},{"damage":0,"enemies":"Nemesis","floor":45,"turns":1},{"damage":0,"enemies":"Jaw Worm Horde","floor":46,"turns":1},{"damage":34,"enemies":"Time Eater","floor":50,"turns":7},{"damage":0,"enemies":"Jaw Worm","floor":52,"turns":1}],"seed_played":"-4701214846941387991","potions_obtained":[{"floor":5,"key":"Toxic Potion"},{"floor":5,"key":"LiquidBronze"},{"floor":5,"key":"Death Potion"},{"floor":7,"key":"PowerPotion"},{"floor":14,"key":"Fruit Juice"},{"floor":22,"key":"Explosive Potion"},{"floor":28,"key":"Fire Potion"}],"is_trial":true,"path_per_floor":["M","?","M","M","?","E","M","R","T","$","R","$","E","M","R","B",null,"M","M","?","?","M","E","NM","E","T","?","M","AVR","$","T","R","B",null,"M","?","M","$","M","E","M","R","T","?","E","M","?","T","R","B",null,"M"],"character_chosen":"HERMIT","items_purchased":["PreservedInsect","hermit:Determination+1","Guide Book","Toolbox"],"campfire_rested":1,"item_purchase_floors":[10,10,30,38],"current_hp_per_floor":[74,80,79,79,79,73,73,73,79,79,87,87,87,87,87,93,93,93,93,93,93,98,98,98,98,104,104,104,104,104,110,110,64,116,116,116,116,116,115,116,116,116,129,139,139,139,139,145,155,133,161,161,161],"gold":390,"neow_bonus":"","is_daily":false,"chose_seed":false,"campfire_upgraded":2,"win_rate":0.0,"timestamp":1609905757,"path_taken":["M","?","M","M","?","E","?","R","T","?","R","?","E","M","R","BOSS","M","M","?","?","?","E","NM","E","T","?","M","AVR","?","?","R","BOSS","M","?","M","$","M","E","M","R","T","?","E","?","?","?","R","BOSS","M"],"items_purchased_type":["Relic","Card","Relic","Relic"],"build_version":"2020-12-22","purchased_purges":0,"victory":false,"max_hp_per_floor":[75,81,81,81,81,81,81,81,87,87,87,87,87,87,87,93,93,93,93,93,93,98,98,98,98,104,104,104,104,104,110,110,116,116,116,116,116,116,116,116,116,116,129,139,139,139,139,145,155,161,161,161,161],"card_choices":[{"not_picked":["hermit:EyeOfTheStorm","hermit:BigShot"],"picked":"hermit:FlashPowder","floor":1},{"not_picked":["hermit:Glare","hermit:Determination"],"picked":"hermit:Quickdraw","floor":3},{"not_picked":["hermit:Midnight","hermit:LuckOfTheDraw"],"picked":"hermit:Headshot","floor":4},{"not_picked":["hermit:Manifest","hermit:CalledShot"],"picked":"hermit:Brawl","floor":6},{"not_picked":["hermit:SprayPray","hermit:Showdown","hermit:WideOpen"],"picked":"SKIP","floor":7},{"not_picked":["hermit:HoleUp","hermit:Quickdraw"],"picked":"hermit:ItchyTrigger","floor":13},{"not_picked":["hermit:Cheat","hermit:WideOpen"],"picked":"hermit:Malice","floor":14},{"not_picked":["hermit:Gambit","hermit:EternalForm"],"picked":"hermit:Roughhouse","floor":16},{"not_picked":["hermit:Ricochet","hermit:Spite"],"picked":"hermit:Maintenance+1","floor":18},{"not_picked":["hermit:NoHoldsBarred+1","hermit:Desperado"],"picked":"hermit:PistolWhip+1","floor":19},{"not_picked":["hermit:ShadowCloak","hermit:Grudge","hermit:CalledShot"],"picked":"SKIP","floor":22},{"not_picked":["hermit:Maintenance","hermit:HoleUp"],"picked":"hermit:Quickdraw+1","floor":23},{"not_picked":["hermit:Dive","hermit:HoleUp"],"picked":"hermit:TrackingShot+1","floor":24},{"not_picked":["hermit:TrackingShot+1","hermit:Headshot+1"],"picked":"hermit:Snipe","floor":25},{"not_picked":["hermit:TakeAim","hermit:Manifest","hermit:Gestalt+1"],"picked":"SKIP","floor":28},{"not_picked":["hermit:HeroicBravado","hermit:Dissolve"],"picked":"hermit:Magnum","floor":33},{"not_picked":["hermit:Feint","hermit:Coalescence+1"],"picked":"hermit:GoldenBullet","floor":35},{"not_picked":["hermit:Coalescence","hermit:WideOpen+1"],"picked":"hermit:Quickdraw+1","floor":37},{"not_picked":["hermit:Misfire+1","hermit:Spite+1"],"picked":"hermit:Vantage+1","floor":39},{"not_picked":["hermit:Misfire+1","hermit:HighNoon"],"picked":"hermit:SprayPray+1","floor":40},{"not_picked":["hermit:Virtue","hermit:HighCaliber+1"],"picked":"hermit:ShadowCloak","floor":41},{"not_picked":["hermit:OverwhelmingPower","hermit:LowProfile+1","hermit:Scavenge+1"],"picked":"SKIP","floor":45},{"not_picked":["hermit:Showdown","hermit:Dive","hermit:GoldenBullet"],"picked":"SKIP","floor":46},{"not_picked":["hermit:EternalForm","hermit:Dissolve"],"picked":"hermit:Purgatory","floor":50}],"player_experience":102641,"relics_obtained":[{"floor":6,"key":"Pet Ghost"},{"floor":9,"key":"ReplayTheSpireMod:TigerMarble"},{"floor":9,"key":"hubris:PeanutButter"},{"floor":13,"key":"Replay:Multitool"},{"floor":23,"key":"Grinning Jar"},{"floor":24,"key":"Replay:Rubber Ducky"},{"floor":25,"key":"Nunchaku"},{"floor":26,"key":"Blue Candle"},{"floor":26,"key":"Ornamental Fan"},{"floor":31,"key":"hubris:TinFlute"},{"floor":32,"key":"Snack Pack"},{"floor":40,"key":"Gambling Chip"},{"floor":42,"key":"hermit:Horseshoe"},{"floor":43,"key":"Strawberry"},{"floor":45,"key":"Bag of Preparation"},{"floor":48,"key":"Pondfish Scales"},{"floor":49,"key":"Pear"}],"event_choices":[{"damage_healed":0,"gold_gain":0,"player_choice":"Box","damage_taken":0,"relics_obtained":["Matryoshka"],"max_hp_gain":0,"max_hp_loss":0,"event_name":"Big Fish","floor":2,"gold_loss":0,"cards_obtained":["Regret"]},{"damage_healed":0,"gold_gain":0,"player_choice":"Got Potions","damage_taken":0,"max_hp_gain":0,"max_hp_loss":0,"event_name":"Lab","floor":5,"gold_loss":0},{"cards_removed":["hermit:Strike_Hermit"],"damage_healed":0,"gold_gain":0,"player_choice":"Purged","damage_taken":0,"max_hp_gain":0,"max_hp_loss":0,"event_name":"Purifier","floor":21,"gold_loss":0},{"damage_healed":0,"gold_gain":0,"player_choice":"Upgraded Two","damage_taken":0,"max_hp_gain":0,"max_hp_loss":0,"event_name":"Designer","floor":27,"gold_loss":40,"cards_upgraded":["Pot Of Greed","hermit:Defend_Hermit"]},{"cards_removed":["hermit:Strike_Hermit"],"damage_healed":0,"gold_gain":0,"player_choice":"Removed Attack","damage_taken":0,"max_hp_gain":0,"max_hp_loss":0,"event_name":"Falling","floor":36,"gold_loss":0},{"cards_removed":["hermit:Magnum"],"damage_healed":0,"gold_gain":0,"player_choice":"Offered Rare","damage_taken":0,"max_hp_gain":10,"max_hp_loss":0,"event_name":"Bonfire Elementals","floor":44,"gold_loss":0}],"is_beta":false,"boss_relics":[{"not_picked":["Replay:Drink Me","hubris:HollowSoul"],"picked":"hubris:ScarierMask"},{"not_picked":["Pandora\u0027s Box","Snecko Eye"],"picked":"hubris:GrandSneckoEye"},{"not_picked":["infinitespire:Cupcake","Busted Crown"],"picked":"aspiration:FutureDiary"}],"items_purged_floors":[],"is_endless":true,"potions_floor_spawned":[6,7,14,22,23,28,33,37,40,45],"killed_by":"Jaw Worm","ascension_level":0}}