{"host":"w029btg0lk3znwbc","time":1609956850,"event":{"mods":["AchievementEnabler","Act Like it!","BaseMod","Colored Map","Colored Powertips","Downfall","Hermit","Infinite Spire","Minty Spire (QoL Compilation)","Replay The Spire","StSLib"],"gold_per_floor":[114,114,128,144,144,144,178,178,178,189,189,208,243,256,256,357,357,373,173,173,173,173,193,193,208,208,220,220,220,237,252,252,370,370,404,440,485,527,198,198,14,35,35,35,70,70,85,101,101,101,101,101,52,80,80,80],"floor_reached":55,"playtime":5995,"items_purged":["Well Laid Plans","Strike_G","Strike_G"],"score":938,"play_id":"21aabf5a-fdff-40cb-b417-0150c88aec10","local_time":"20210106191410","is_ascension_mode":false,"campfire_choices":[{"floor":6.0,"key":"RECALL"},{"data":"Bouncing Flask","floor":8.0,"key":"SMITH"},{"data":"ReplayTheSpireMod:From All Sides","floor":11.0,"key":"SMITH"},{"floor":15.0,"key":"REST"},{"data":"Deadly Poison","floor":24.0,"key":"SMITH"},{"floor":29.0,"key":"REST"},{"floor":32.0,"key":"REST"},{"floor":44,"key":"REST"},{"floor":46,"key":"REST"},{"floor":49,"key":"REST"},{"floor":52,"key":"REST"}],"circlet_count":0,"master_deck":["Strike_G","Strike_G","Defend_G","Defend_G","Defend_G","Defend_G","Defend_G+1","Survivor","Neutralize","ReplayTheSpireMod:From All Sides+1","Bouncing Flask+1","expansioncontent:SlimeTackle","Underhanded Strike","Deadly Poison+1","Poisoned Stab","Deadly Poison+1","Poisoned Stab","ReplayTheSpireMod:Tripwire","Tactician+1","Poisoned Stab+1","Calculated Gamble+1","Venomology","Finisher+1","Crippling Poison+1","Poisoned Stab+1","Noxious Fumes+1","expansioncontent:Torchfire","Writhe","Calculated Gamble+1","Noxious Fumes+1","Draining Mist","Deadly Poison","Backstab+1","Dash+1","Prepared+1"],"relics":["Ring of the Snake","Regal Pillow","Pantograph","CaptainsWheel","Honey Jar","BargainBundle","infinitespire:Bottled Soul","infinitespire:EmpoweringShard","infinitespire:EvilPickle","Fusion Hammer","Gremlin Food","DollysMirror","Shuriken","Toy Ornithopter","Ice Cream"],"acts_visited":["Exordium","TheCity","TheBeyond","TheEnding"],"potions_floor_usage":[33,33,35,37,38,38,42,42,45,45,45,47,50,50,50,50,50,54,55,55],"damage_taken":[{"damage":2.0,"enemies":"Small Slimes","floor":1.0,"turns":4.0},{"damage":0.0,"enemies":"2 Louse","floor":3.0,"turns":4.0},{"damage":0.0,"enemies":"Cultist","floor":4.0,"turns":4.0},{"damage":30.0,"enemies":"Lagavulin","floor":7.0,"turns":6.0},{"damage":5.0,"enemies":"2 Fungi Beasts","floor":10.0,"turns":3.0},{"damage":7.0,"enemies":"Exordium Thugs","floor":12.0,"turns":4.0},{"damage":23.0,"enemies":"Gremlin Nob","floor":13.0,"turns":4.0},{"damage":0.0,"enemies":"Large Slime","floor":14.0,"turns":5.0},{"damage":44.0,"enemies":"Hexaghost","floor":16.0,"turns":9.0},{"damage":27.0,"enemies":"2 Thieves","floor":18.0,"turns":5.0},{"damage":12.0,"enemies":"Shell Parasite","floor":23.0,"turns":5.0},{"damage":0.0,"enemies":"Snecko","floor":25.0,"turns":4.0},{"damage":30.0,"enemies":"Shelled Parasite and Fungi","floor":27.0,"turns":5.0},{"damage":3.0,"enemies":"Sentry and Sphere","floor":30.0,"turns":6.0},{"damage":0.0,"enemies":"Snecko","floor":31.0,"turns":4.0},{"damage":63,"enemies":"Pondfish","floor":33,"turns":10},{"damage":12,"enemies":"3 Shapes","floor":35,"turns":3},{"damage":2,"enemies":"Orb Walker","floor":36,"turns":3},{"damage":29,"enemies":"Writhing Mass","floor":37,"turns":4},{"damage":18,"enemies":"4 Shapes","floor":38,"turns":5},{"damage":17,"enemies":"Spire Growth","floor":42,"turns":3},{"damage":20,"enemies":"Reptomancer","floor":45,"turns":5},{"damage":48,"enemies":"Writhing Mass","floor":47,"turns":5},{"damage":3,"enemies":"Maw","floor":48,"turns":6},{"damage":96,"enemies":"Awakened One","floor":50,"turns":14},{"damage":54,"enemies":"Shield and Spear","floor":54,"turns":6},{"damage":81,"enemies":"The Heart","floor":55,"turns":7}],"seed_played":"2510692250319969271","potions_obtained":[{"floor":4.0,"key":"Poison Potion"},{"floor":10.0,"key":"infinitespire:BlackPotion"},{"floor":13.0,"key":"Cursed Concoction"},{"floor":23.0,"key":"Energy Potion"},{"floor":27.0,"key":"LifebloodPotion"},{"floor":30.0,"key":"Energy Potion"},{"floor":31.0,"key":"DistilledChaos"},{"floor":33,"key":"CunningPotion"},{"floor":35,"key":"Fire Potion"},{"floor":38,"key":"AttackPotion"},{"floor":45,"key":"DuplicationPotion"},{"floor":47,"key":"Guardian:BlockOnCardUsePotion"},{"floor":48,"key":"Explosive Potion"}],"is_trial":false,"path_per_floor":["M","?","M","M","?","R","E","R","T","M","R","M","E","M","R","B",null,"M","$","?","$","?","M","R","M","T","M","AVR","R","M","M","R","B",null,"M","M","M","M","$","?","$","M","T","R","E","R","M","M","R","B",null,"R","$","E","B"],"character_chosen":"THE_SILENT","items_purchased":["BargainBundle","Gremlin Food","expansioncontent:Torchfire","Calculated Gamble","DollysMirror","ColorlessPotion"],"campfire_rested":7,"item_purchase_floors":[19,39,39,41,41,53],"current_hp_per_floor":[75,75,75,75,75,75,45,45,45,40,40,33,10,10,48,29,77,50,50,50,50,50,38,38,38,38,8,8,46,43,43,77,14,77,65,63,34,16,16,35,35,18,18,56,36,74,31,28,66,5,77,77,77,28,0,0],"gold":80,"neow_bonus":"TEN_PERCENT_HP_BONUS","is_daily":false,"chose_seed":false,"campfire_upgraded":3,"win_rate":0.0,"timestamp":1609956850,"path_taken":["M","?","M","M","?","R","E","R","T","M","R","?","E","M","R","BOSS","M","$","?","?","?","M","R","?","T","M","AVR","R","M","M","R","BOSS","M","?","M","M","$","?","?","M","T","R","E","R","M","M","R","BOSS","R","$","E","BOSS"],"items_purchased_type":["Relic","Relic","Card","Card","Relic","Potion"],"build_version":"2020-12-22","purchased_purges":3,"victory":false,"max_hp_per_floor":[77,77,77,77,77,77,77,77,77,77,77,77,77,77,77,77,77,77,77,77,77,77,77,77,77,77,77,77,77,77,77,77,77,77,77,77,77,77,77,77,77,77,77,77,77,77,77,77,77,77,77,77,77,77,77,77],"card_choices":[{"not_picked":["Acrobatics","Flying Knee","ReplayTheSpireMod:Exploit Weakness"],"picked":"SKIP","floor":1.0},{"not_picked":["PiercingWail","Flying Knee"],"picked":"ReplayTheSpireMod:From All Sides","floor":3.0},{"not_picked":["Dodge and Roll","Sneak Up"],"picked":"Bouncing Flask","floor":4.0},{"not_picked":["Prepared","Glass Knife","Atom Bomb"],"picked":"SKIP","floor":7.0},{"not_picked":["Backstab","Flying Knee","Backflip"],"picked":"SKIP","floor":10.0},{"not_picked":["Backstab","Flying Knee","Backflip"],"picked":"SKIP","floor":10.0},{"not_picked":["Quick Slash","Dodge and Roll"],"picked":"Deadly Poison","floor":12.0},{"not_picked":["Terror","ReplayTheSpireMod:Shiv Toss","Slice"],"picked":"SKIP","floor":13.0},{"not_picked":["Deflect","Replay:Poison Smokescreen"],"picked":"Poisoned Stab","floor":14.0},{"not_picked":["Poisoned Stab","Endless Agony","Prepared"],"picked":"Deadly Poison","floor":18.0},{"not_picked":["Sucker Punch","Endless Agony","Leg Sweep"],"picked":"Poisoned Stab","floor":23.0},{"not_picked":["Acrobatics","Dagger Spray","Underhanded Strike"],"picked":"ReplayTheSpireMod:Tripwire","floor":25.0},{"not_picked":["Choke","Eviscerate","Backflip+1"],"picked":"Tactician","floor":27.0},{"not_picked":["Hidden Blade","Dagger Spray","Expertise"],"picked":"Poisoned Stab","floor":30.0},{"not_picked":["Dodge and Roll","Backflip","Slice"],"picked":"Calculated Gamble+1","floor":31.0},{"not_picked":["Wraith Form v2","Burst","Doppelganger"],"picked":"Venomology","floor":33},{"not_picked":["Dagger Spray+1","Infinite Blades","Dodge and Roll"],"picked":"Finisher+1","floor":35},{"not_picked":["Blade Dance+1","Flechettes+1","Underhanded Strike"],"picked":"Crippling Poison+1","floor":36},{"not_picked":["Reflex+1","ReplayTheSpireMod:Scrap Shanks","Backstab"],"picked":"Poisoned Stab+1","floor":37},{"not_picked":["Deadly Poison","Slice+1","Eviscerate"],"picked":"Noxious Fumes+1","floor":38},{"not_picked":["Prepared","Acrobatics+1","Sucker Punch+1"],"picked":"Draining Mist","floor":42},{"not_picked":["Poisoned Stab","Flying Knee+1","Hidden Blade"],"picked":"Deadly Poison","floor":45},{"not_picked":["Choke+1","Prepared+1","Deflect+1"],"picked":"Backstab+1","floor":47},{"not_picked":["Underhanded Strike","Acrobatics","Fluid Movement"],"picked":"Dash+1","floor":48},{"not_picked":["Dagger Throw+1","PiercingWail+1","Predator+1"],"picked":"Prepared+1","floor":54}],"player_experience":2778,"relics_obtained":[{"floor":2.0,"key":"Regal Pillow"},{"floor":7.0,"key":"Pantograph"},{"floor":13.0,"key":"CaptainsWheel"},{"floor":26.0,"key":"infinitespire:Bottled Soul"},{"floor":43,"key":"Shuriken"},{"floor":45,"key":"Toy Ornithopter"},{"floor":54,"key":"Ice Cream"}],"event_choices":[{"damage_healed":0.0,"max_hp_gain":0.0,"max_hp_loss":0.0,"gold_gain":0.0,"event_name":"Match and Keep!","player_choice":"3 cards matched","floor":5.0,"gold_loss":0.0,"damage_taken":0.0,"cards_obtained":["expansioncontent:SlimeTackle","Well Laid Plans","Underhanded Strike"]},{"damage_healed":0.0,"max_hp_gain":0.0,"max_hp_loss":0.0,"gold_gain":0.0,"event_name":"Upgrade Shrine","player_choice":"Upgraded","floor":20.0,"gold_loss":0.0,"damage_taken":0.0,"cards_upgraded":["Deadly Poison"]},{"cards_removed":["Strike_G"],"damage_healed":0.0,"max_hp_gain":0.0,"max_hp_loss":0.0,"gold_gain":0.0,"event_name":"Purifier","player_choice":"Purged","floor":22.0,"gold_loss":0.0,"damage_taken":0.0},{"damage_healed":19,"gold_gain":0,"player_choice":"Writhe","damage_taken":0,"max_hp_gain":0,"max_hp_loss":0,"event_name":"Winding Halls","floor":40,"gold_loss":0,"cards_obtained":["Writhe"]}],"is_beta":false,"boss_relics":[{"not_picked":["Sozu","Replay:Drink Me"],"picked":"Honey Jar"},{"not_picked":["Tiny House","Replay:Grab Bag"],"picked":"Fusion Hammer"}],"items_purged_floors":[19,28,39],"is_endless":false,"potions_floor_spawned":[4,10,13,14,23,27,30,31,33,35,38,45,47,48],"killed_by":"The Heart","ascension_level":0}}