{"host":"ga4s3hj9m6nkn6gp","time":1609892104,"event":{"mods":["AchievementEnabler","BaseMod","Colored Powertips","Highlight Path","Minty Spire (QoL Compilation)","Relic Stats","everything is the same but u backflip on backflip"],"gold_per_floor":[12,62,80,98,113,113,148,162,162,162,172,0,0,41,41,132,132,107,126,151,76,76,76,76],"floor_reached":23,"playtime":1134,"items_purged":["Strike_G"],"score":406,"play_id":"c8c00934-b299-43aa-899f-14f85d6e9f7c","local_time":"20210106011504","is_ascension_mode":true,"campfire_choices":[{"data":"Predator","floor":6.0,"key":"SMITH"},{"data":"Sucker Punch","floor":10.0,"key":"SMITH"},{"data":"Noxious Fumes","floor":15.0,"key":"SMITH"}],"circlet_count":0,"master_deck":["AscendersBane","Strike_G","Strike_G","Strike_G","Strike_G","Defend_G","Defend_G","Defend_G","Defend_G","Defend_G","Survivor","Neutralize","Sucker Punch+1","Predator+1","Backflip","Deadly Poison","Endless Agony","Slice","Noxious Fumes+1","Bullet Time","Wraith Form v2+1","Blur+1","RitualDagger"],"relics":["Ring of the Snake","Torii","Art of War","Mummified Hand","Golden Idol","Frozen Egg 2","SacredBark"],"acts_visited":["Exordium","TheCity"],"potions_floor_usage":[23],"damage_taken":[{"damage":0.0,"enemies":"Jaw Worm","floor":1.0,"turns":5.0},{"damage":1.0,"enemies":"Cultist","floor":3.0,"turns":4.0},{"damage":2.0,"enemies":"2 Louse","floor":4.0,"turns":3.0},{"damage":1.0,"enemies":"2 Fungi Beasts","floor":5.0,"turns":3.0},{"damage":8.0,"enemies":"Gremlin Nob","floor":7.0,"turns":3.0},{"damage":2.0,"enemies":"Exordium Thugs","floor":8.0,"turns":4.0},{"damage":4.0,"enemies":"Lots of Slimes","floor":11.0,"turns":5.0},{"damage":10.0,"enemies":"Lagavulin","floor":14.0,"turns":4.0},{"damage":8.0,"enemies":"Hexaghost","floor":16.0,"turns":7.0},{"damage":3,"enemies":"2 Thieves","floor":18,"turns":4},{"damage":10,"enemies":"Chosen","floor":19,"turns":5},{"damage":7,"enemies":"Snake Plant","floor":20,"turns":5},{"damage":23,"enemies":"Book of Stabbing","floor":23,"turns":6}],"seed_played":"1071722332160897103","potions_obtained":[{"floor":3.0,"key":"LiquidMemories"},{"floor":7.0,"key":"EntropicBrew"},{"floor":14.0,"key":"ColorlessPotion"},{"floor":16.0,"key":"Swift Potion"},{"floor":18,"key":"GamblersBrew"}],"is_trial":false,"path_per_floor":["M","?","M","M","M","R","E","M","T","R","M","$","?","E","R","B",null,"M","M","M","$","?","E"],"character_chosen":"THE_SILENT","items_purchased":["Bullet Time"],"campfire_rested":0,"item_purchase_floors":[12],"current_hp_per_floor":[59,53,52,50,49,49,41,39,39,39,35,35,35,25,25,17,49,46,36,29,29,23,0,0],"gold":76,"neow_bonus":"ONE_RARE_RELIC","is_daily":false,"chose_seed":false,"campfire_upgraded":3,"win_rate":0.0,"timestamp":1609892104,"path_taken":["M","?","M","M","M","R","E","M","T","R","?","$","?","E","R","BOSS","M","M","M","$","?","E"],"items_purchased_type":["Card"],"build_version":"2020-12-22","purchased_purges":1,"victory":false,"max_hp_per_floor":[66,66,66,66,66,66,66,66,66,66,66,66,60,60,60,60,60,60,60,60,60,60,60,60],"relic_stats":{"Torii":76,"counters":[13,58],"Mummified Hand":[10],"Golden Idol":38,"Art of War":[2],"obtain_stats":[{"Torii":0,"Mummified Hand":9,"Golden Idol":13,"SacredBark":17,"Art of War":7,"Frozen Egg 2":14,"Ring of the Snake":0},{"Torii":0,"Mummified Hand":6,"Golden Idol":7,"SacredBark":9,"Art of War":5,"Frozen Egg 2":8,"Ring of the Snake":0},{"Torii":0,"Mummified Hand":22,"Golden Idol":27,"SacredBark":38,"Art of War":18,"Frozen Egg 2":31,"Ring of the Snake":0}],"Ring of the Snake":[27]},"card_choices":[{"not_picked":["Outmaneuver","Dodge and Roll"],"picked":"Sucker Punch","floor":1.0},{"not_picked":["Quick Slash","Escape Plan"],"picked":"Predator","floor":3.0},{"not_picked":["Accuracy","Prepared"],"picked":"Backflip","floor":4.0},{"not_picked":["Outmaneuver","Distraction"],"picked":"Deadly Poison","floor":5.0},{"not_picked":["Eviscerate","Slice"],"picked":"Endless Agony","floor":7.0},{"not_picked":["Distraction","Deadly Poison"],"picked":"Slice","floor":8.0},{"not_picked":["Infinite Blades","Outmaneuver"],"picked":"Noxious Fumes","floor":11.0},{"not_picked":["Deflect","Slice","Doppelganger"],"picked":"SKIP","floor":14.0},{"not_picked":["Die Die Die","Phantasmal Killer"],"picked":"Wraith Form v2+1","floor":16.0},{"not_picked":["Endless Agony","Prepared"],"picked":"Blur+1","floor":18},{"not_picked":["Riddle With Holes","Accuracy+1","Expertise"],"picked":"SKIP","floor":19},{"not_picked":["Eviscerate","Acrobatics","Poisoned Stab"],"picked":"SKIP","floor":20}],"player_experience":586059,"relics_obtained":[{"floor":7.0,"key":"Art of War"},{"floor":9.0,"key":"Mummified Hand"},{"floor":14.0,"key":"Frozen Egg 2"}],"event_choices":[{"damage_healed":0.0,"max_hp_gain":0.0,"max_hp_loss":0.0,"gold_gain":50.0,"event_name":"FaceTrader","player_choice":"Touch","floor":2.0,"gold_loss":0.0,"damage_taken":6.0},{"damage_healed":0.0,"max_hp_gain":0.0,"max_hp_loss":6.0,"gold_gain":0.0,"event_name":"Golden Idol","player_choice":"Lose Max HP","floor":13.0,"gold_loss":0.0,"damage_taken":0.0,"relics_obtained":["Golden Idol"]},{"damage_healed":0,"gold_gain":0,"player_choice":"Joined the Cult","damage_taken":6,"max_hp_gain":0,"max_hp_loss":0,"event_name":"Nest","floor":22,"gold_loss":0,"cards_obtained":["RitualDagger"]}],"is_beta":false,"boss_relics":[{"not_picked":["SlaversCollar","Runic Dome"],"picked":"SacredBark"}],"items_purged_floors":[21],"is_endless":false,"potions_floor_spawned":[3,7,14,16,18],"killed_by":"Book of Stabbing","ascension_level":20}}