{"host":"uexwcb0k0pockgi8","time":1609905669,"event":{"mods":["BaseMod","Minty Spire (QoL Compilation)","Robot Space Explorer","StSLib","The Marked","The Senshi"],"gold_per_floor":[115,131,141,152,162,189,189,203,203,217,217,242,207,223,223,328,328,346,360,360,360,360],"floor_reached":21,"playtime":2048,"items_purged":[],"score":195,"play_id":"2b473416-4e6f-48d6-b32d-1d2ba7fe5565","local_time":"20210105200109","is_ascension_mode":false,"campfire_choices":[{"data":"theSenshi:SaturnsMystery","floor":11,"key":"SMITH"},{"floor":15,"key":"REST"}],"circlet_count":0,"master_deck":["theSenshi:SailorKick","theSenshi:SailorKick","theSenshi:SailorKick","theSenshi:SailorKick","theSenshi:SailorBlock","theSenshi:SailorBlock","theSenshi:SailorBlock","theSenshi:SailorBlock","theSenshi:RoseThrow","theSenshi:MoonPrismPowerMakeUp+1","theSenshi:SaturnsMystery+1","theSenshi:SupersonicWaves","theSenshi:SailorMercuryAssists","theSenshi:MoonTiaraMagic","theSenshi:SailorStarFighterAssists","theSenshi:IWillPunishYou","theSenshi:InTheNickOfTime","theSenshi:UranusStrength","theSenshi:TallSilhouette","theSenshi:SailorStarMakerAssists","theSenshi:SailorPlutoAssists","theSenshi:SailorChibiMoonAssists","theSenshi:SchoolBag"],"relics":["theSenshi:TransformationBroochRelic","Pen Nib","Tiny Chest","Frozen Egg 2","Juzu Bracelet","Philosopher\u0027s Stone"],"acts_visited":["Exordium","TheCity"],"potions_floor_usage":[12,12,18,21],"damage_taken":[{"damage":0,"enemies":"Cultist","floor":1,"turns":4},{"damage":3,"enemies":"Jaw Worm","floor":2,"turns":4},{"damage":1,"enemies":"Small Slimes","floor":3,"turns":4},{"damage":12,"enemies":"3 Louse","floor":4,"turns":3},{"damage":0,"enemies":"Large Slime","floor":5,"turns":7},{"damage":52,"enemies":"Gremlin Nob","floor":6,"turns":6},{"damage":2,"enemies":"Blue Slaver","floor":8,"turns":5},{"damage":0,"enemies":"Exordium Thugs","floor":10,"turns":6},{"damage":7,"enemies":"3 Sentries","floor":12,"turns":6},{"damage":17,"enemies":"Exordium Wildlife","floor":14,"turns":4},{"damage":66,"enemies":"Slime Boss","floor":16,"turns":13},{"damage":28,"enemies":"Spheric Guardian","floor":18,"turns":7},{"damage":36,"enemies":"Shell Parasite","floor":19,"turns":5},{"damage":54,"enemies":"Sentry and Sphere","floor":21,"turns":7}],"seed_played":"906570671543880525","potions_obtained":[{"floor":2,"key":"BlessingOfTheForge"},{"floor":3,"key":"SkillPotion"},{"floor":6,"key":"SmokeBomb"},{"floor":8,"key":"Fire Potion"},{"floor":14,"key":"BlessingOfTheForge"}],"is_trial":false,"path_per_floor":["M","M","M","M","M","E","T","M","T","M","R","E","?","M","R","B",null,"M","M","?","M"],"character_chosen":"THE_SENSHI","items_purchased":[],"campfire_rested":1,"item_purchase_floors":[],"current_hp_per_floor":[75,72,74,65,75,30,30,38,38,38,38,46,64,47,69,27,75,47,33,19,0,0],"gold":360,"neow_bonus":"UPGRADE_CARD","is_daily":false,"chose_seed":false,"campfire_upgraded":1,"win_rate":0.0,"timestamp":1609905669,"path_taken":["M","M","M","M","M","E","?","M","T","M","R","E","?","M","R","BOSS","M","M","?","M"],"items_purchased_type":[],"build_version":"2020-12-22","purchased_purges":0,"victory":false,"max_hp_per_floor":[75,75,75,75,75,75,75,75,75,75,75,75,75,75,75,75,75,75,75,80,80,80],"card_choices":[{"not_picked":["theSenshi:SchoolBag","theSenshi:SailorPlanetAttack"],"picked":"theSenshi:SaturnsMystery","floor":1},{"not_picked":["theSenshi:NeptunesGrace","theSenshi:SailorVenusAssists"],"picked":"theSenshi:SupersonicWaves","floor":2},{"not_picked":["theSenshi:SailorUranusAssists","theSenshi:MoonTiaraMagic"],"picked":"theSenshi:SailorMercuryAssists","floor":3},{"not_picked":["theSenshi:RainbowMoonHeartAche","theSenshi:MoonPrincessHalation"],"picked":"theSenshi:MoonTiaraMagic","floor":4},{"not_picked":["theSenshi:SailorMercuryAssists","theSenshi:YouCanTalk"],"picked":"theSenshi:SailorStarFighterAssists","floor":5},{"not_picked":["theSenshi:SailorUranusAssists","theSenshi:LateForSchool"],"picked":"theSenshi:IWillPunishYou","floor":6},{"not_picked":["theSenshi:MoonPunch","theSenshi:NeptunesGrace"],"picked":"theSenshi:InTheNickOfTime","floor":8},{"not_picked":["theSenshi:LateForSchool","theSenshi:MoonsReflection"],"picked":"theSenshi:UranusStrength","floor":10},{"not_picked":["theSenshi:MoonPunch","theSenshi:SailorVenusAssists"],"picked":"theSenshi:TallSilhouette","floor":12},{"not_picked":["theSenshi:LunaWiseMentor","theSenshi:MoonTiaraMagic"],"picked":"theSenshi:SailorStarMakerAssists","floor":14},{"not_picked":["theSenshi:IWillPunishYou","theSenshi:SilverMoonCrystalPowerKiss"],"picked":"theSenshi:SailorPlutoAssists","floor":16},{"not_picked":["theSenshi:MoonsReflection","theSenshi:OdangoHead"],"picked":"theSenshi:SailorChibiMoonAssists","floor":18},{"not_picked":["theSenshi:MoonPower","theSenshi:MoonTiaraMagic"],"picked":"theSenshi:SchoolBag","floor":19}],"player_experience":151311,"relics_obtained":[{"floor":6,"key":"Pen Nib"},{"floor":7,"key":"Tiny Chest"},{"floor":9,"key":"Frozen Egg 2"},{"floor":12,"key":"Juzu Bracelet"}],"event_choices":[{"damage_healed":18,"gold_gain":0,"player_choice":"Healed","damage_taken":0,"max_hp_gain":0,"max_hp_loss":0,"event_name":"The Cleric","floor":13,"gold_loss":35},{"damage_healed":0,"gold_gain":0,"player_choice":"Shed Blood","damage_taken":19,"max_hp_gain":5,"max_hp_loss":0,"event_name":"Forgotten Altar","floor":20,"gold_loss":0}],"is_beta":false,"boss_relics":[{"not_picked":["Runic Pyramid","Empty Cage"],"picked":"Philosopher\u0027s Stone"}],"items_purged_floors":[],"is_endless":false,"potions_floor_spawned":[2,3,6,8,14],"killed_by":"Sentry and Sphere","ascension_level":0}}