{"host":"ixtszv54kd1m8623","time":1609900524,"event":{"mods":["Act Like it!","Aspiration","Bard","BaseMod","Beaked The Cultist","ChefMod","Colored Map","Colored Powertips","Conspire","Downfall","Duelist Mod","Gensokyo","GifTheSpireLib","Halation","Hermit","Hubris","Infinite Spire","Jorbs\u0027s Wanderer Trilogy","Lobotomy","Minty Spire (QoL Compilation)","Replay The Spire","Robot Space Explorer","Shade Mod","StSLib","The Animator","The Blackbeard","The Bug Knight","The Cursed","The Disciple","The Dragon Tamer","The Marked","The Runesmith","The Servant 0.9.4"],"gold_per_floor":[141,160,177,177,194,194,194],"floor_reached":6,"playtime":703,"items_purged":[],"score":115,"play_id":"f22f4c7b-31e2-479c-99b2-6227c3a27602","local_time":"20210105183524","is_ascension_mode":true,"campfire_choices":[],"circlet_count":0,"master_deck":["theDuelist:PowerWall","theDuelist:BerserkerCrush","theDuelist:CaveDragon","theDuelist:CaveDragon","theDuelist:LegendaryExodia","theDuelist:MysticalElf","theDuelist:FairyBox","theDuelist:GreenGadget","theDuelist:MagicCylinder","theDuelist:ExodiaRA","theDuelist:ChangeHeart","theDuelist:CardDestruction","theDuelist:SummonedSkull","theDuelist:OneForOne","theDuelist:PotGreed","theDuelist:BlockSpider","theDuelist:ZombieMammoth","theDuelist:PowerWall","theDuelist:Hinotama+1","theDuelist:OjamaYellow","theDuelist:GracefulCharity","theDuelist:ClownZombie","theDuelist:RainbowDragon","theDuelist:FeatherShot","theDuelist:ExodiaHead","theDuelist:GracefulCharity","theDuelist:CyberArchfiend","theDuelist:IceQueen","theDuelist:ClownZombie","theDuelist:Mixeroid","theDuelist:Sparks","theDuelist:Sparks","theDuelist:MillenniumScorpion","theDuelist:ExodiaNecross","theDuelist:BlueEyes","theDuelist:ArchfiendSoldier","theDuelist:DarkMagician","theDuelist:ExodiaNecross","theDuelist:PowerWall","theDuelist:Sparks","theDuelist:OneForOne","theDuelist:ExodiaLL","theDuelist:BlockSpider","theDuelist:DarkMasterZorc","theDuelist:PetitMoth","theDuelist:SpiralSpearStrike","theDuelist:DinnerParty+1","theDuelist:CombinationAttack","theDuelist:PowerWall","theDuelist:BeastTalwar","theDuelist:LabyrinthWall","theDuelist:ExodiaRL","theDuelist:Wildfire","theDuelist:ArchfiendSoldier","theDuelist:Hinotama+1","theDuelist:Sparks","theDuelist:Mixeroid","theDuelist:ExodiaLA","theDuelist:MiraculousDescent+1","theDuelist:MillenniumShield","theDuelist:CocoonEvolution","theDuelist:ShardGreed","theDuelist:Polymerization"],"relics":["theDuelist:MillenniumPuzzle","theDuelist:CardPoolRelic","theDuelist:CardPoolBasicRelic","theDuelist:BoosterPackPoolRelic"],"acts_visited":["Exordium"],"potions_floor_usage":[],"damage_taken":[{"damage":0,"enemies":"Small Slimes","floor":1,"turns":4},{"damage":7,"enemies":"Cultist","floor":2,"turns":4},{"damage":2,"enemies":"Jaw Worm","floor":3,"turns":5},{"damage":12,"enemies":"Exordium Wildlife","floor":5,"turns":3},{"damage":80,"enemies":"Gremlin Nob","floor":6,"turns":5}],"seed_played":"-7761915768227333677","potions_obtained":[],"is_trial":false,"path_per_floor":["M","M","M","?","M","E"],"character_chosen":"THE_DUELIST","items_purchased":[],"campfire_rested":0,"item_purchase_floors":[],"current_hp_per_floor":[80,73,71,71,59,0,0],"gold":194,"neow_bonus":"RANDOM_EVENT","is_daily":false,"chose_seed":false,"campfire_upgraded":0,"win_rate":0.0,"timestamp":1609900524,"path_taken":["M","M","M","?","?","E"],"items_purchased_type":[],"build_version":"2020-12-22","purchased_purges":0,"victory":false,"max_hp_per_floor":[80,80,80,80,80,80,80],"card_choices":[{"not_picked":["theDuelist:RedHeadedOni","theDuelist:PurplePainOni","theDuelist:GreenGraveOni","theDuelist:BlueBloodedOni"],"picked":"theDuelist:GreyGreedOni","floor":1},{"not_picked":["theDuelist:PowerGiant","theDuelist:DarkCreator","theDuelist:DestroyerGolem","theDuelist:TimeSeal"],"picked":"theDuelist:StrayLambs","floor":2},{"not_picked":["theDuelist:ClearKuriboh","theDuelist:MudGolem","theDuelist:Sangan","theDuelist:EvilswarmHeliotrope"],"picked":"theDuelist:DarklordSuperbia","floor":3},{"not_picked":["theDuelist:Jinzo","theDuelist:ElectromagneticShield","theDuelist:CastleDarkIllusions"],"picked":"theDuelist:ImperialOrder","floor":5}],"player_experience":177005,"relics_obtained":[],"event_choices":[{"damage_healed":0,"gold_gain":0,"player_choice":"Upgraded","damage_taken":0,"max_hp_gain":0,"max_hp_loss":0,"event_name":"Upgrade Shrine","floor":4,"gold_loss":0,"cards_upgraded":["theDuelist:DinnerParty"]}],"is_beta":false,"boss_relics":[],"items_purged_floors":[],"is_endless":false,"potions_floor_spawned":[],"killed_by":"Gremlin Nob","ascension_level":1}}