{"host":"50per11302020","time":1609904872,"event":{"mods":["AchievementEnabler","BaseMod","Colored Map","Minty Spire (QoL Compilation)","Relic Stats","StSLib"],"gold_per_floor":[117,128,128,143,159,159,186,186,267,285,320,285,320,39,39,140,140,154,174,273,293,293,293,320,320,320,340,59,69,69,102,102,205,205,266,21,40,59,74,74,106,126,126,161,161,191,191,217,217,217,217,217,62,91,91],"floor_reached":56,"playtime":7855,"items_purged":[],"score":1840,"play_id":"6b077a82-f103-400d-9462-6d27e0a0389b","local_time":"20210105194752","is_ascension_mode":true,"campfire_choices":[{"data":"Poisoned Stab","floor":6.0,"key":"SMITH"},{"floor":8.0,"key":"REST"},{"data":"Well Laid Plans","floor":15.0,"key":"SMITH"},{"floor":23.0,"key":"REST"},{"data":"Caltrops","floor":25.0,"key":"SMITH"},{"data":"Acrobatics","floor":32.0,"key":"SMITH"},{"floor":40.0,"key":"RECALL"},{"data":"Apotheosis","floor":45.0,"key":"SMITH"},{"data":"Noxious Fumes","floor":49.0,"key":"SMITH"},{"data":"Adrenaline","floor":52.0,"key":"SMITH"}],"circlet_count":0,"master_deck":["Survivor","Neutralize+1","Backflip","Catalyst+1","Poisoned Stab+1","Tools of the Trade","Night Terror","Footwork","Venomology","Bandage Up","Caltrops+1","Well Laid Plans+1","Tools of the Trade","Acrobatics+1","Dodge and Roll+1","Underhanded Strike+1","Backflip+1","Apotheosis+1","Catalyst","Caltrops","Venomology","Acrobatics+1","Adrenaline+1","Wraith Form v2","Wraith Form v2","Crippling Poison","Bane","Terror","Deflect","Storm of Steel","Venomology","Malaise","Dodge and Roll","Caltrops","Noxious Fumes+1","Blur+1","PiercingWail+1","Adrenaline","Blur","Sadistic Nature","Outmaneuver"],"relics":["Ring of the Snake","Snake Skull","StoneCalendar","The Courier","Ancient Tea Set","Toy Ornithopter","HoveringKite","Regal Pillow","HornCleat","Orichalcum","Pandora\u0027s Box","Strange Spoon","Whetstone","Ornamental Fan","Ninja Scroll","Pen Nib","Gremlin Horn"],"acts_visited":["Exordium","TheCity","TheBeyond","TheEnding"],"potions_floor_usage":[55,55,55,55,55,55],"damage_taken":[{"damage":1.0,"enemies":"Cultist","floor":1.0,"turns":4.0},{"damage":5.0,"enemies":"Small Slimes","floor":2.0,"turns":6.0},{"damage":1.0,"enemies":"Jaw Worm","floor":4.0,"turns":5.0},{"damage":5.0,"enemies":"3 Louse","floor":5.0,"turns":5.0},{"damage":12.0,"enemies":"Lagavulin","floor":7.0,"turns":5.0},{"damage":0.0,"enemies":"Exordium Wildlife","floor":10.0,"turns":4.0},{"damage":16.0,"enemies":"Gremlin Nob","floor":11.0,"turns":3.0},{"damage":12.0,"enemies":"Lagavulin","floor":13.0,"turns":6.0},{"damage":34.0,"enemies":"The Guardian","floor":16.0,"turns":6.0},{"damage":42.0,"enemies":"Shell Parasite","floor":18.0,"turns":7.0},{"damage":45.0,"enemies":"2 Thieves","floor":19.0,"turns":5.0},{"damage":14.0,"enemies":"Chosen and Byrds","floor":21.0,"turns":6.0},{"damage":41.0,"enemies":"Slavers","floor":24.0,"turns":6.0},{"damage":20.0,"enemies":"Sentry and Sphere","floor":27.0,"turns":7.0},{"damage":0.0,"enemies":"Snake Plant","floor":29.0,"turns":5.0},{"damage":18.0,"enemies":"Book of Stabbing","floor":31.0,"turns":5.0},{"damage":43.0,"enemies":"Automaton","floor":33.0,"turns":10.0},{"damage":3.0,"enemies":"3 Shapes","floor":35.0,"turns":7.0},{"damage":22.0,"enemies":"3 Darklings","floor":37.0,"turns":7.0},{"damage":0.0,"enemies":"Spire Growth","floor":38.0,"turns":7.0},{"damage":25.0,"enemies":"Sphere and 2 Shapes","floor":39.0,"turns":6.0},{"damage":0.0,"enemies":"Giant Head","floor":41.0,"turns":5.0},{"damage":0.0,"enemies":"Maw","floor":42.0,"turns":6.0},{"damage":5.0,"enemies":"Nemesis","floor":44.0,"turns":7.0},{"damage":0.0,"enemies":"Reptomancer","floor":46.0,"turns":4.0},{"damage":0.0,"enemies":"Nemesis","floor":48.0,"turns":5.0},{"damage":6.0,"enemies":"Donu and Deca","floor":50.0,"turns":8.0},{"damage":19.0,"enemies":"Shield and Spear","floor":54.0,"turns":6.0},{"damage":58,"enemies":"The Heart","floor":55,"turns":8}],"seed_played":"8661736264696253986","potions_obtained":[{"floor":4.0,"key":"SkillPotion"},{"floor":5.0,"key":"Strength Potion"},{"floor":10.0,"key":"LiquidBronze"},{"floor":16.0,"key":"DistilledChaos"},{"floor":24.0,"key":"LiquidBronze"},{"floor":29.0,"key":"DuplicationPotion"},{"floor":33.0,"key":"ColorlessPotion"},{"floor":37.0,"key":"Energy Potion"},{"floor":42.0,"key":"Poison Potion"},{"floor":44.0,"key":"Energy Potion"},{"floor":48.0,"key":"Regen Potion"}],"is_trial":false,"path_per_floor":["M","M","?","M","M","R","E","R","T","M","E","?","E","$","R","B",null,"M","M","?","M","?","R","E","R","T","M","$","M","?","E","R","B",null,"M","$","M","M","M","R","E","M","T","E","R","E","?","E","R","B",null,"R","$","E","B",null],"character_chosen":"THE_SILENT","items_purchased":["Venomology","Bandage Up","Caltrops","Well Laid Plans","Apotheosis","Catalyst","Caltrops","Strange Spoon","Caltrops","Noxious Fumes","Sadistic Nature","Outmaneuver"],"campfire_rested":2,"item_purchase_floors":[14,14,14,14,28,28,28,36,36,36,53,53],"current_hp_per_floor":[62,57,57,56,51,51,39,60,60,60,44,61,49,49,49,24,59,41,34,34,29,29,50,33,33,33,17,17,33,56,69,69,67,69,70,70,64,70,51,51,70,70,70,70,70,70,70,70,70,70,70,70,70,68,33],"gold":91,"neow_bonus":"RANDOM_COMMON_RELIC","is_daily":false,"chose_seed":false,"campfire_upgraded":7,"win_rate":0.0,"timestamp":1609904872,"path_taken":["M","M","?","M","M","R","E","R","T","M","E","?","E","$","R","BOSS","M","M","?","M","?","R","E","R","T","M","?","?","?","E","R","BOSS","M","$","M","M","M","R","E","M","T","E","R","E","?","E","R","BOSS","R","$","E","BOSS"],"items_purchased_type":["Card","Card","Card","Card","Card","Card","Card","Relic","Card","Card","Card","Card"],"build_version":"2020-12-18","purchased_purges":0,"victory":true,"max_hp_per_floor":[70,70,70,70,70,70,70,70,70,70,70,70,70,70,70,70,70,70,70,70,70,70,70,70,70,70,70,70,70,70,70,70,70,70,70,70,70,70,70,70,70,70,70,70,70,70,70,70,70,70,70,70,70,70,70],"relic_stats":{"Regal Pillow":0,"Gremlin Horn":[0,0],"counters":[29,171],"HoveringKite":[117],"StoneCalendar":[353],"Snake Skull":[161],"Pen Nib":[1],"Whetstone":["Underhanded Strike","Neutralize"],"Orichalcum":[84],"Strange Spoon":[86],"Ornamental Fan":[12],"Pandora\u0027s Box":["Wraith Form v2","Wraith Form v2","Crippling Poison","Bane","Terror","Deflect","Storm of Steel","Venomology","Malaise","Dodge and Roll"],"obtain_stats":[{"Regal Pillow":24,"Gremlin Horn":54,"HoveringKite":17,"StoneCalendar":7,"Snake Skull":0,"The Courier":9,"Pen Nib":48,"Whetstone":41,"Orichalcum":31,"Ancient Tea Set":11,"Strange Spoon":36,"HornCleat":26,"Ornamental Fan":44,"Ninja Scroll":46,"Pandora\u0027s Box":34,"Toy Ornithopter":13,"Ring of the Snake":0},{"Regal Pillow":13,"Gremlin Horn":28,"HoveringKite":9,"StoneCalendar":5,"Snake Skull":0,"The Courier":5,"Pen Nib":26,"Whetstone":22,"Orichalcum":16,"Ancient Tea Set":7,"Strange Spoon":18,"HornCleat":13,"Ornamental Fan":24,"Ninja Scroll":25,"Pandora\u0027s Box":17,"Toy Ornithopter":8,"Ring of the Snake":0},{"Regal Pillow":68,"Gremlin Horn":163,"HoveringKite":44,"StoneCalendar":25,"Snake Skull":0,"The Courier":25,"Pen Nib":149,"Whetstone":127,"Orichalcum":85,"Ancient Tea Set":32,"Strange Spoon":102,"HornCleat":68,"Ornamental Fan":140,"Ninja Scroll":144,"Pandora\u0027s Box":95,"Toy Ornithopter":38,"Ring of the Snake":0}],"Toy Ornithopter":203,"Ring of the Snake":[58]},"card_choices":[{"not_picked":["Cloak And Dagger","Heel Hook"],"picked":"Backflip","floor":1.0},{"not_picked":["Deadly Poison","Sucker Punch"],"picked":"Catalyst","floor":2.0},{"not_picked":["Quick Slash","Dagger Throw"],"picked":"Poisoned Stab","floor":4.0},{"not_picked":["Outmaneuver","Dagger Throw","Cloak And Dagger"],"picked":"SKIP","floor":5.0},{"not_picked":["Prepared","Dagger Spray","Concentrate"],"picked":"SKIP","floor":7.0},{"not_picked":["Prepared","Deflect"],"picked":"Tools of the Trade","floor":10.0},{"not_picked":["Outmaneuver","Dagger Spray"],"picked":"Night Terror","floor":11.0},{"not_picked":["Concentrate","Deadly Poison"],"picked":"Footwork","floor":13.0},{"not_picked":["Envenom","Malaise"],"picked":"Tools of the Trade","floor":16.0},{"not_picked":["Deadly Poison","Flying Knee"],"picked":"Acrobatics","floor":18.0},{"not_picked":["Skewer","Outmaneuver"],"picked":"Dodge and Roll+1","floor":19.0},{"not_picked":["Dash","Sucker Punch+1"],"picked":"Underhanded Strike","floor":21.0},{"not_picked":["Accuracy+1","Masterful Stab+1","Acrobatics"],"picked":"SKIP","floor":24.0},{"not_picked":["Tactician","Dagger Throw+1"],"picked":"Backflip+1","floor":27.0},{"not_picked":["Flechettes","Escape Plan"],"picked":"Venomology","floor":29.0},{"not_picked":["Heel Hook","Deadly Poison"],"picked":"Acrobatics+1","floor":31.0},{"not_picked":["Burst","Grand Finale"],"picked":"Adrenaline","floor":33.0},{"not_picked":["Outmaneuver","Deflect","Flying Knee+1"],"picked":"SKIP","floor":35.0},{"not_picked":["Dagger Throw","Slice+1","Backflip"],"picked":"SKIP","floor":37.0},{"not_picked":["Dagger Throw","Slice+1","Backflip"],"picked":"SKIP","floor":37.0},{"not_picked":["Cloak And Dagger","Endless Agony","Dodge and Roll"],"picked":"SKIP","floor":38.0},{"not_picked":["Quick Slash","Dagger Throw"],"picked":"Blur+1","floor":39.0},{"not_picked":["Finisher","Dash+1"],"picked":"PiercingWail+1","floor":41.0},{"not_picked":["Flechettes+1","Acrobatics","Crippling Poison+1"],"picked":"SKIP","floor":42.0},{"not_picked":["Eviscerate","Dagger Spray+1"],"picked":"Adrenaline","floor":44.0},{"not_picked":["Sucker Punch+1","Cloak And Dagger+1","Reflex"],"picked":"SKIP","floor":46.0},{"not_picked":["Acrobatics+1","Prepared"],"picked":"Blur","floor":48.0},{"not_picked":["Endless Agony+1","Accuracy","Crippling Poison"],"picked":"SKIP","floor":54.0}],"player_experience":91414,"relics_obtained":[{"floor":7.0,"key":"StoneCalendar"},{"floor":9.0,"key":"The Courier"},{"floor":11.0,"key":"Ancient Tea Set"},{"floor":13.0,"key":"Toy Ornithopter"},{"floor":24.0,"key":"Regal Pillow"},{"floor":26.0,"key":"HornCleat"},{"floor":31.0,"key":"Orichalcum"},{"floor":41.0,"key":"Whetstone"},{"floor":44.0,"key":"Ornamental Fan"},{"floor":46.0,"key":"Ninja Scroll"},{"floor":48.0,"key":"Pen Nib"},{"floor":54.0,"key":"Gremlin Horn"}],"event_choices":[{"damage_healed":0.0,"max_hp_gain":0.0,"max_hp_loss":0.0,"gold_gain":0.0,"event_name":"Living Wall","player_choice":"Grow","floor":3.0,"gold_loss":0.0,"damage_taken":0.0,"cards_upgraded":["Catalyst"]},{"damage_healed":17.0,"max_hp_gain":0.0,"max_hp_loss":0.0,"gold_gain":0.0,"event_name":"The Cleric","player_choice":"Healed","floor":12.0,"gold_loss":35.0,"damage_taken":0.0},{"damage_healed":0.0,"max_hp_gain":0.0,"max_hp_loss":0.0,"gold_gain":99.0,"event_name":"Nest","player_choice":"Stole From Cult","floor":20.0,"gold_loss":0.0,"damage_taken":0.0},{"damage_healed":0.0,"max_hp_gain":0.0,"max_hp_loss":0.0,"gold_gain":0.0,"event_name":"Beggar","player_choice":"Ignored","floor":22.0,"gold_loss":0.0,"damage_taken":0.0},{"damage_healed":23.0,"max_hp_gain":0.0,"max_hp_loss":0.0,"gold_gain":0.0,"event_name":"The Library","player_choice":"Heal","floor":30.0,"gold_loss":0.0,"damage_taken":0.0},{"damage_healed":0.0,"max_hp_gain":0.0,"max_hp_loss":0.0,"gold_gain":0.0,"event_name":"Tomb of Lord Red Mask","player_choice":"Ignored","floor":47.0,"gold_loss":0.0,"damage_taken":0.0}],"is_beta":true,"boss_relics":[{"not_picked":["Philosopher\u0027s Stone","Ectoplasm"],"picked":"HoveringKite"},{"not_picked":["Empty Cage","WristBlade"],"picked":"Pandora\u0027s Box"}],"items_purged_floors":[],"is_endless":false,"potions_floor_spawned":[4,5,10,16,19,24,29,33,37,38,42,44,48,54],"ascension_level":8}}