{"host":"sdl5b0uiznq00owb","time":1609904257,"event":{"mods":["BaseMod","Minty Spire (QoL Compilation)","Permanent Neow","Relic Stats"],"gold_per_floor":[110,122,197,215,233,267,267,281,281,293,293,3,22,47,59,176,188,188],"floor_reached":17,"playtime":1154,"items_purged":["Strike_P"],"score":228,"play_id":"e98492ba-73d9-44b0-98c7-94393da2d2e4","local_time":"20210105213737","is_ascension_mode":true,"campfire_choices":[{"data":"ForeignInfluence","floor":7,"key":"SMITH"},{"data":"Wallop","floor":11,"key":"SMITH"},{"data":"Eruption","floor":15,"key":"SMITH"}],"circlet_count":0,"master_deck":["Eruption+1","Vigilance","ForeignInfluence+1","Consecrate","InnerPeace","Wallop+1","Adaptation","BowlingBash","InnerPeace","Collect","Devotion","Halt","Tantrum","Vengeance","DeusExMachina"],"relics":["SlaversCollar","Meat on the Bone","Akabeko","Centennial Puzzle","MawBank","Pandora\u0027s Box"],"acts_visited":["Exordium","TheCity"],"potions_floor_usage":[5,16,16],"damage_taken":[{"damage":4,"enemies":"2 Louse","floor":1,"turns":4},{"damage":0,"enemies":"Jaw Worm","floor":2,"turns":2},{"damage":0,"enemies":"Cultist","floor":4,"turns":2},{"damage":3,"enemies":"Looter","floor":5,"turns":2},{"damage":19,"enemies":"Lagavulin","floor":6,"turns":4},{"damage":6,"enemies":"Exordium Wildlife","floor":8,"turns":3},{"damage":0,"enemies":"2 Fungi Beasts","floor":10,"turns":3},{"damage":0,"enemies":"Blue Slaver","floor":13,"turns":2},{"damage":6,"enemies":"Gremlin Nob","floor":14,"turns":3},{"damage":5,"enemies":"The Guardian","floor":16,"turns":11}],"seed_played":"2180681386708998230","potions_obtained":[{"floor":1,"key":"Swift Potion"},{"floor":4,"key":"Ancient Potion"},{"floor":6,"key":"SkillPotion"},{"floor":10,"key":"SkillPotion"}],"is_trial":false,"path_per_floor":["M","M","?","M","M","E","R","M","T","M","R","$","M","E","R","B",null],"character_chosen":"WATCHER","items_purchased":["Adaptation","Centennial Puzzle"],"campfire_rested":0,"item_purchase_floors":[12,12],"current_hp_per_floor":[61,61,50,50,47,28,28,34,34,46,46,46,46,40,40,47,66,66],"gold":188,"neow_bonus":"BOSS_RELIC","is_daily":false,"chose_seed":false,"campfire_upgraded":3,"win_rate":0.0,"timestamp":1609904257,"path_taken":["M","M","?","M","M","E","R","M","T","M","R","$","M","E","R","BOSS"],"items_purchased_type":["Card","Relic"],"build_version":"2020-12-22","purchased_purges":1,"victory":false,"max_hp_per_floor":[72,72,72,72,72,72,72,72,72,72,72,72,72,72,72,72,72,72],"relic_stats":{"Centennial Puzzle":[6],"counters":[10,36],"Pandora\u0027s Box":["InnerPeace","Collect","Devotion","Halt","Tantrum","Vengeance","DeusExMachina"],"MawBank":36,"obtain_stats":[{"SlaversCollar":0,"Centennial Puzzle":12,"Pandora\u0027s Box":17,"PureWater":0,"MawBank":14,"Akabeko":9,"Meat on the Bone":6},{"SlaversCollar":0,"Centennial Puzzle":7,"Pandora\u0027s Box":10,"PureWater":0,"MawBank":9,"Akabeko":6,"Meat on the Bone":5},{"SlaversCollar":0,"Centennial Puzzle":20,"Pandora\u0027s Box":36,"PureWater":0,"MawBank":25,"Akabeko":17,"Meat on the Bone":14}],"Meat on the Bone":36},"card_choices":[{"not_picked":["LikeWater","Pray"],"picked":"ForeignInfluence","floor":1},{"not_picked":["Crescendo","Swivel"],"picked":"Consecrate","floor":2},{"not_picked":["Weave","FlyingSleeves","FlurryOfBlows"],"picked":"SKIP","floor":4},{"not_picked":["Perseverance","FollowUp","Indignation"],"picked":"SKIP","floor":5},{"not_picked":["Wireheading","CrushJoints"],"picked":"InnerPeace","floor":6},{"not_picked":["WheelKick","FlurryOfBlows"],"picked":"Wallop","floor":8},{"not_picked":["Consecrate","BattleHymn","Nirvana"],"picked":"SKIP","floor":10},{"not_picked":["EmptyFist","CrushJoints"],"picked":"BowlingBash","floor":13},{"not_picked":["Worship","CrushJoints","ConjureBlade"],"picked":"SKIP","floor":14}],"player_experience":759829,"relics_obtained":[{"floor":6,"key":"Meat on the Bone"},{"floor":9,"key":"Akabeko"},{"floor":14,"key":"MawBank"}],"event_choices":[{"damage_healed":0,"gold_gain":75,"player_choice":"Gather Gold","damage_taken":11,"max_hp_gain":0,"max_hp_loss":0,"event_name":"World of Goop","floor":3,"gold_loss":0}],"is_beta":false,"boss_relics":[{"not_picked":["Calling Bell","Snecko Eye"],"picked":"Pandora\u0027s Box"}],"items_purged_floors":[12],"is_endless":false,"potions_floor_spawned":[1,4,6,10],"ascension_level":7}}