{"host":"t4ahr8360jjehcuv","time":1609935107,"event":{"mods":["BaseMod","Colored Map","DeckTracker","Highlight Path","Keyboard Shortcuts","Minty Spire (QoL Compilation)","Permanent Neow","Quick Restart","SuperFastMode","everything is the same but u backflip on backflip"],"gold_per_floor":[10,29,39,54,69,69,69,84,84,84,94,121,137,153,153,153,153],"floor_reached":16,"playtime":508,"items_purged":[],"score":108,"play_id":"8ff6c89e-aeb3-44ef-a003-c35886844edc","local_time":"20210106211147","is_ascension_mode":false,"campfire_choices":[{"data":"Zap","floor":6.0,"key":"SMITH"},{"data":"Go for the Eyes","floor":10.0,"key":"SMITH"},{"floor":15,"key":"REST"}],"circlet_count":0,"master_deck":["Strike_B","Strike_B","Strike_B","Strike_B","Defend_B","Defend_B","Defend_B","Defend_B","Zap+1","Dualcast","Thunder Strike","Compile Driver","Rip and Tear","Redo","Coolheaded","BootSequence","Go for the Eyes+1","Reboot","Coolheaded","Ball Lightning+1","Beam Cell+1","Auto Shields"],"relics":["Cracked Core","Molten Egg 2","Dream Catcher"],"acts_visited":["Exordium"],"potions_floor_usage":[11],"damage_taken":[{"damage":5.0,"enemies":"Small Slimes","floor":1.0,"turns":3.0},{"damage":5.0,"enemies":"2 Louse","floor":2.0,"turns":2.0},{"damage":0.0,"enemies":"Cultist","floor":3.0,"turns":3.0},{"damage":10.0,"enemies":"Large Slime","floor":4.0,"turns":7.0},{"damage":14.0,"enemies":"2 Fungi Beasts","floor":5.0,"turns":3.0},{"damage":0.0,"enemies":"3 Louse","floor":8.0,"turns":2.0},{"damage":3,"enemies":"Exordium Wildlife","floor":11,"turns":3},{"damage":26,"enemies":"Lagavulin","floor":12,"turns":7},{"damage":6,"enemies":"Looter","floor":13,"turns":3},{"damage":13,"enemies":"2 Fungi Beasts","floor":14,"turns":3},{"damage":0,"enemies":"Hexaghost","floor":16,"turns":1}],"seed_played":"-8280206388311918144","potions_obtained":[{"floor":1.0,"key":"FearPotion"},{"floor":2.0,"key":"Fire Potion"},{"floor":4.0,"key":"Explosive Potion"},{"floor":13,"key":"GamblersBrew"}],"is_trial":false,"path_per_floor":["M","M","M","M","M","R","?","M","T","R","M","E","M","M","R","B"],"character_chosen":"DEFECT","items_purchased":[],"campfire_rested":1,"item_purchase_floors":[],"current_hp_per_floor":[70,65,65,55,41,41,66,66,66,66,63,37,31,18,40,40,40],"gold":153,"neow_bonus":"THREE_RARE_CARDS","is_daily":false,"chose_seed":false,"campfire_upgraded":2,"win_rate":0.0,"timestamp":1609935107,"path_taken":["M","M","M","M","M","R","?","M","T","R","M","E","M","M","R","BOSS"],"items_purchased_type":[],"build_version":"2020-12-22","purchased_purges":0,"victory":false,"max_hp_per_floor":[75,75,75,75,75,75,75,75,75,75,75,75,75,75,75,75,75],"card_choices":[{"not_picked":["All For One","Multi-Cast"],"picked":"Thunder Strike","floor":0.0},{"not_picked":["Blizzard","Stack"],"picked":"Compile Driver","floor":1.0},{"not_picked":["Self Repair","Double Energy"],"picked":"Rip and Tear","floor":2.0},{"not_picked":["Hologram","Compile Driver"],"picked":"Redo","floor":3.0},{"not_picked":["Undo","Skim"],"picked":"Coolheaded","floor":4.0},{"not_picked":["Conserve Battery","Redo"],"picked":"BootSequence","floor":5.0},{"not_picked":["Recycle","Beam Cell"],"picked":"Go for the Eyes","floor":8.0},{"not_picked":["Static Discharge","Steam"],"picked":"Reboot","floor":11},{"not_picked":["Stack","Leap"],"picked":"Coolheaded","floor":12},{"not_picked":["Coolheaded","Sweeping Beam+1"],"picked":"Ball Lightning+1","floor":13},{"not_picked":["Reprogram","Rip and Tear+1"],"picked":"Beam Cell+1","floor":14},{"not_picked":["Reboot","Compile Driver+1"],"picked":"Auto Shields","floor":15}],"player_experience":40283,"relics_obtained":[{"floor":9.0,"key":"Molten Egg 2"},{"floor":12,"key":"Dream Catcher"}],"event_choices":[{"damage_healed":25.0,"max_hp_gain":0.0,"max_hp_loss":0.0,"gold_gain":0.0,"event_name":"Big Fish","player_choice":"Banana","floor":7.0,"gold_loss":0.0,"damage_taken":0.0}],"is_beta":false,"boss_relics":[],"items_purged_floors":[],"is_endless":false,"potions_floor_spawned":[1,2,4,5,13],"killed_by":"Hexaghost","ascension_level":0}}