{"host":"nc31xc38ptxi6d4c","time":1609908258,"event":{"mods":["BaseMod","Curses Come First","Evolution","Minty Spire (QoL Compilation)","StSLib"],"gold_per_floor":[117,117,142,142,159,185,185,110,110,136,88,106,106,131,131,234,234,244,244,255,268,282,282,32,32,56,56,76,76,93,18,18,119,119,132,132,144,144,170,188,215,90,114,114,114],"floor_reached":44,"playtime":2606,"items_purged":["Defend_P","Strike_P","Writhe"],"score":469,"play_id":"2c56301b-da92-4b61-ad4a-59aaafc0b817","local_time":"20210105224418","is_ascension_mode":false,"campfire_choices":[{"data":"TalkToTheHand","floor":7,"key":"SMITH"},{"floor":13,"key":"REST"},{"data":"Halt","floor":15,"key":"SMITH"},{"floor":23,"key":"REST"},{"floor":25,"key":"REST"},{"floor":29,"key":"REST"},{"floor":32,"key":"REST"}],"circlet_count":0,"master_deck":["Strike_P+1","Eruption+1","Vigilance","Vengeance","TalkToTheHand+1","InnerPeace+1","Halt+1","CutThroughFate+1","Consecrate+1","DevaForm","Nirvana","JustLucky+1","Crescendo+1","Judgement","JustLucky+1","Ragnarok+1"],"relics":["PureWater","EVO:Axolotl","NeowsBlessing","Bronze Scales","Blood Vial","Molten Egg 2","Ginger","War Paint","SlaversCollar","Bag of Preparation","Orichalcum","Empty Cage","Lantern","Gremlin Horn","Whetstone"],"acts_visited":["Exordium","TheCity","TheBeyond"],"potions_floor_usage":[10,16,21,22,33,33,40,41],"damage_taken":[{"damage":0,"enemies":"Jaw Worm","floor":1,"turns":1},{"damage":0,"enemies":"2 Louse","floor":5,"turns":1},{"damage":0,"enemies":"3 Sentries","floor":6,"turns":2},{"damage":30,"enemies":"Lagavulin","floor":10,"turns":7},{"damage":0,"enemies":"Cultist","floor":12,"turns":2},{"damage":12,"enemies":"The Guardian","floor":16,"turns":9},{"damage":20,"enemies":"Shell Parasite","floor":18,"turns":3},{"damage":18,"enemies":"2 Thieves","floor":20,"turns":3},{"damage":21,"enemies":"Centurion and Healer","floor":21,"turns":5},{"damage":4,"enemies":"Sentry and Sphere","floor":22,"turns":4},{"damage":17,"enemies":"Snecko","floor":28,"turns":6},{"damage":30,"enemies":"Cultist and Chosen","floor":30,"turns":6},{"damage":1,"enemies":"Collector","floor":33,"turns":6},{"damage":6,"enemies":"Orb Walker","floor":35,"turns":3},{"damage":10,"enemies":"3 Shapes","floor":37,"turns":3},{"damage":8,"enemies":"Spire Growth","floor":40,"turns":2},{"damage":60,"enemies":"Reptomancer","floor":41,"turns":6},{"damage":13,"enemies":"3 Darklings","floor":44,"turns":1}],"seed_played":"2259457623488401250","potions_obtained":[{"floor":1,"key":"Explosive Potion"},{"floor":5,"key":"Dexterity Potion"},{"floor":12,"key":"Explosive Potion"},{"floor":20,"key":"Swift Potion"},{"floor":21,"key":"Ancient Potion"},{"floor":30,"key":"ColorlessPotion"},{"floor":35,"key":"Energy Potion"},{"floor":36,"key":"SteroidPotion"},{"floor":36,"key":"EntropicBrew"},{"floor":41,"key":"Regen Potion"}],"is_trial":false,"path_per_floor":["M","?","T","?","M","E","R","$","T","E","$","M","R","T","R","B",null,"M","?","M","M","M","R","$","R","T","?","M","R","M","?","R","B",null,"M","?","M","?","T","M","E","$","T","M"],"character_chosen":"WATCHER","items_purchased":["CutThroughFate+1","Bag of Preparation"],"campfire_rested":5,"item_purchase_floors":[11,24],"current_hp_per_floor":[72,65,65,51,51,51,51,51,51,23,23,25,46,46,46,36,72,52,52,36,17,15,36,36,57,57,44,29,52,24,24,47,48,77,71,71,63,77,77,69,11,11,11,0,0],"gold":114,"neow_bonus":"THREE_ENEMY_KILL","is_daily":false,"chose_seed":false,"campfire_upgraded":2,"win_rate":0.0,"timestamp":1609908258,"path_taken":["M","?","?","?","M","E","R","$","T","E","$","M","R","?","R","BOSS","M","?","?","M","M","R","$","R","T","?","M","R","M","?","R","BOSS","M","?","?","?","?","M","E","?","T","?"],"items_purchased_type":["Card","Relic"],"build_version":"2020-12-22","purchased_purges":3,"victory":false,"max_hp_per_floor":[72,72,72,72,72,72,72,72,72,72,72,72,72,72,72,72,72,72,72,72,72,72,72,72,72,72,77,77,77,77,77,77,77,77,77,77,77,77,77,77,77,77,77,77,77],"card_choices":[{"not_picked":["Perseverance","Sanctity"],"picked":"Vengeance","floor":1},{"not_picked":["ThirdEye","Consecrate"],"picked":"TalkToTheHand","floor":5},{"not_picked":["Collect","Protect"],"picked":"InnerPeace","floor":6},{"not_picked":["Vengeance","EmptyMind"],"picked":"Halt","floor":10},{"not_picked":["Meditate","EmptyBody"],"picked":"Consecrate+1","floor":12},{"not_picked":["Blasphemy","Ragnarok+1"],"picked":"DevaForm","floor":16},{"not_picked":["FlyingSleeves+1","ThirdEye"],"picked":"Nirvana","floor":18},{"not_picked":["Vengeance","WreathOfFlame","EmptyBody"],"picked":"SKIP","floor":20},{"not_picked":["Worship","BowlingBash+1","PathToVictory"],"picked":"SKIP","floor":21},{"not_picked":["ReachHeaven+1","EmptyFist+1"],"picked":"JustLucky+1","floor":22},{"not_picked":["CrushJoints+1","Fasting2+1","Worship+1"],"picked":"SKIP","floor":28},{"not_picked":["FlyingSleeves+1","Consecrate+1"],"picked":"Crescendo+1","floor":30},{"not_picked":["DevaForm","Brilliance+1"],"picked":"Judgement","floor":33},{"not_picked":["Crescendo","SandsOfTime+1"],"picked":"JustLucky+1","floor":35},{"not_picked":["EmptyFist+1","Swivel"],"picked":"Ragnarok+1","floor":37},{"not_picked":["ThirdEye+1","ClearTheMind","WaveOfTheHand+1"],"picked":"SKIP","floor":40},{"not_picked":["Crescendo+1","FlurryOfBlows+1","FlyingSleeves+1"],"picked":"SKIP","floor":41}],"player_experience":133537,"relics_obtained":[{"floor":3,"key":"Bronze Scales"},{"floor":6,"key":"Blood Vial"},{"floor":9,"key":"Molten Egg 2"},{"floor":10,"key":"Ginger"},{"floor":14,"key":"War Paint"},{"floor":26,"key":"Orichalcum"},{"floor":39,"key":"Lantern"},{"floor":41,"key":"Gremlin Horn"},{"floor":43,"key":"Whetstone"}],"event_choices":[{"cards_removed":["Defend_P"],"damage_healed":0,"gold_gain":0,"player_choice":"Card Removal","damage_taken":7,"max_hp_gain":0,"max_hp_loss":0,"event_name":"Golden Wing","floor":2,"gold_loss":0},{"damage_healed":0,"gold_gain":0,"player_choice":"Entered Light","damage_taken":14,"max_hp_gain":0,"max_hp_loss":0,"event_name":"Shining Light","floor":4,"gold_loss":0,"cards_upgraded":["Defend_P","Strike_P"]},{"cards_removed":["Strike_P"],"damage_healed":0,"gold_gain":0,"player_choice":"Purged","damage_taken":0,"max_hp_gain":0,"max_hp_loss":0,"event_name":"Purifier","floor":19,"gold_loss":0},{"damage_healed":0,"gold_gain":0,"player_choice":"Shed Blood","damage_taken":18,"max_hp_gain":5,"max_hp_loss":0,"event_name":"Forgotten Altar","floor":27,"gold_loss":0},{"cards_removed":["Strike_P"],"damage_healed":0,"gold_gain":0,"player_choice":"Gave Gold","damage_taken":0,"max_hp_gain":0,"max_hp_loss":0,"event_name":"Beggar","floor":31,"gold_loss":75},{"damage_healed":0,"gold_gain":0,"player_choice":"Got Potions","damage_taken":0,"max_hp_gain":0,"max_hp_loss":0,"event_name":"Lab","floor":36,"gold_loss":0},{"damage_healed":19,"gold_gain":0,"player_choice":"Writhe","damage_taken":0,"max_hp_gain":0,"max_hp_loss":0,"event_name":"Winding Halls","floor":38,"gold_loss":0,"cards_obtained":["Writhe"]}],"is_beta":false,"boss_relics":[{"not_picked":["Busted Crown","Coffee Dripper"],"picked":"SlaversCollar"},{"not_picked":["SacredBark","Calling Bell"],"picked":"Empty Cage"}],"items_purged_floors":[8,24,42],"is_endless":false,"potions_floor_spawned":[1,5,12,20,21,30,35,41],"killed_by":"3 Darklings","ascension_level":0}}