{"host":"yxzbjgn8r2ozgaoi","time":1609902127,"event":{"mods":["Act Like it!","BaseMod","CapriCore","Chen","Friendly Minions","Gensokyo","Hallownest","KinomotoSakuraMod(木之本樱)","Kiyohime（清姬）","Koishi","Lobotomy","LobotomyExtend","Marisa（F雨　魔理沙）","Minty Spire (QoL Compilation)","Prisma Mod","Quick Restart","Reimu（博丽灵梦）","Remilia（蕾米莉亚）","Replay The Spire","StSLib","The Bug Knight","The Immortal","Youmu（魂魄妖梦）","Yuyuko","【功能Mod】聪明的最终Boss","篝火指南"],"gold_per_floor":[114,130,180,180,208,208,220,220,275,301,315,315,111,138,138,138,138],"floor_reached":16,"playtime":765,"items_purged":[],"score":100,"play_id":"e8074110-17f5-4241-86b8-b1c01abd8258","local_time":"20210106110207","is_ascension_mode":false,"campfire_choices":[{"data":"HiganSword","floor":6,"key":"SMITH"},{"data":"PreachingAvici","floor":8,"key":"SMITH"},{"data":"SlashOfPresentWorld","floor":12,"key":"SMITH"},{"floor":15,"key":"DIG"}],"circlet_count":0,"master_deck":["Strike_YM","Strike_YM","Strike_YM","Strike_YM","Defend_YM","Defend_YM","Defend_YM","Defend_YM","SlashOfPresentWorld+1","WheelOfPainOfLivingAndDead","CherryBlossomFlashing","HiganSword+1","Pain","PreachingAvici+1","ThreeKonsSevenHakus","Lust_TH","ThreeKonsSevenHakus","Gensokyo:Shovel","CrescentMoonSlash","Gensokyo:SummonJeweledCobra"],"relics":["HalfPhantom","CogitoBucket","LetterFromLob","ReplayTheSpireMod:Ring of Challenge","Ring of Greed","MealTicket","Replay:Wax Seal","Gensokyo:LunaticRedEyes","Centennial Puzzle","White Beast Statue","Blue Doll","ReplayTheSpireMod:Lightbulb"],"acts_visited":["Gensokyo:Gensokyo"],"potions_floor_usage":[16,16],"damage_taken":[{"damage":0,"enemies":"Gensokyo:3_Fairies","floor":1,"turns":4},{"damage":5,"enemies":"Gensokyo:2_Kodama","floor":2,"turns":3},{"damage":13,"enemies":"Gensokyo:Python","floor":5,"turns":4},{"damage":0,"enemies":"Gensokyo:Kitsune","floor":7,"turns":2},{"damage":0,"enemies":"Gensokyo:LivingMonolith","floor":11,"turns":4},{"damage":34,"enemies":"Gensokyo:Aya","floor":14,"turns":7},{"damage":26,"enemies":"Gensokyo:Kokoro","floor":16,"turns":6}],"seed_played":"2996901750770921466","potions_obtained":[{"floor":1,"key":"Strength Potion"},{"floor":2,"key":"DuplicationPotion"},{"floor":14,"key":"Flashbang"}],"is_trial":false,"path_per_floor":["M","M","?","?","M","R","M","R","T","T","M","R","COS","E","R","B"],"character_chosen":"YOUMU","items_purchased":[],"campfire_rested":0,"item_purchase_floors":[],"current_hp_per_floor":[75,70,70,70,57,57,57,57,57,57,57,57,57,23,23,0,0],"gold":138,"neow_bonus":"","is_daily":false,"chose_seed":false,"campfire_upgraded":3,"win_rate":0.0,"timestamp":1609902127,"path_taken":["M","M","?","?","M","R","M","R","T","?","?","R","COS","E","R","BOSS"],"items_purchased_type":[],"build_version":"2020-12-22","purchased_purges":0,"victory":false,"max_hp_per_floor":[75,75,75,75,75,75,75,75,75,75,75,75,75,75,75,75,75],"card_choices":[{"not_picked":["OldLady","Funeral","ShyLook"],"picked":"Singing Bowl","floor":1},{"not_picked":["SpiritCuttingSword","TwoHundredYojanaInOneSlash"],"picked":"CherryBlossomFlashing","floor":1},{"not_picked":["SpiderBud","Bloodbath","PunishingBird"],"picked":"Singing Bowl","floor":2},{"not_picked":["SanzenSekai","BizarrenessOfSixRealms"],"picked":"HiganSword","floor":2},{"not_picked":["OldLady","PunishingBird","CrumblingArmor"],"picked":"Singing Bowl","floor":5},{"not_picked":["HumanGodSword","DispleasureOfTheSevenHakus"],"picked":"PreachingAvici","floor":5},{"not_picked":["CherryBlossoms","BigBird","WallGazer"],"picked":"Singing Bowl","floor":7},{"not_picked":["FlashingScatteredFlowers","FourBirthsSword"],"picked":"ThreeKonsSevenHakus","floor":7},{"not_picked":["Alriune","ShyLook","MHz"],"picked":"Singing Bowl","floor":11},{"not_picked":["FlashingScatteredFlowers","DispleasureOfTheSevenHakus"],"picked":"ThreeKonsSevenHakus","floor":11},{"not_picked":["Yin","HeroicMonk","DespairKnight"],"picked":"Singing Bowl","floor":14},{"not_picked":["DoubleWheelOfPain","LifeCuttingSword"],"picked":"CrescentMoonSlash","floor":14}],"player_experience":132330,"relics_obtained":[{"floor":2,"key":"LetterFromLob"},{"floor":3,"key":"ReplayTheSpireMod:Ring of Challenge"},{"floor":3,"key":"Ring of Greed"},{"floor":3,"key":"MealTicket"},{"floor":3,"key":"Replay:Wax Seal"},{"floor":10,"key":"Centennial Puzzle"},{"floor":14,"key":"White Beast Statue"},{"floor":15,"key":"Blue Doll"}],"event_choices":[],"is_beta":false,"boss_relics":[],"items_purged_floors":[],"is_endless":false,"potions_floor_spawned":[1,2,14],"killed_by":"Gensokyo:Kokoro","ascension_level":0}}