{"host":"agbyy69nq62afhwx","time":1609957310,"event":{"mods":["BaseMod","Colored Map","DeckTracker","Highlight Path","Keyboard Shortcuts","Minty Spire (QoL Compilation)","Quick Restart","StSLib","SuperFastMode","everything is the same but u backflip on backflip"],"gold_per_floor":[12,12,12,33,57,57,76,76,145,165,185,203,203,241,241,331,331,354,370,270,270,290,270,270,270],"floor_reached":24,"playtime":584,"items_purged":["Strike_G"],"score":370,"play_id":"b95a2fa1-3f4d-4026-b076-0baabd4a897f","local_time":"20210107032150","is_ascension_mode":true,"campfire_choices":[{"data":"Adrenaline","floor":6.0,"key":"SMITH"},{"floor":8.0,"key":"REST"},{"floor":13.0,"key":"REST"},{"data":"Eviscerate","floor":15.0,"key":"SMITH"}],"circlet_count":0,"master_deck":["AscendersBane","Strike_G","Strike_G","Strike_G","Defend_G","Defend_G","Defend_G","Defend_G","Defend_G","Survivor","Neutralize","Adrenaline+1","Eviscerate+1","Heel Hook","Escape Plan","Underhanded Strike","Acrobatics","Dagger Throw","Corpse Explosion","Underhanded Strike+1","Backflip"],"relics":["Ring of the Snake","Golden Idol","StrikeDummy","Ancient Tea Set","Cursed Key"],"acts_visited":["Exordium","TheCity"],"potions_floor_usage":[],"damage_taken":[{"damage":2.0,"enemies":"2 Louse","floor":1.0,"turns":2.0},{"damage":0.0,"enemies":"Small Slimes","floor":4.0,"turns":5.0},{"damage":0.0,"enemies":"Jaw Worm","floor":5.0,"turns":5.0},{"damage":11.0,"enemies":"Gremlin Gang","floor":7.0,"turns":7.0},{"damage":0.0,"enemies":"Exordium Wildlife","floor":10.0,"turns":3.0},{"damage":0.0,"enemies":"2 Fungi Beasts","floor":11.0,"turns":3.0},{"damage":12.0,"enemies":"Lots of Slimes","floor":12.0,"turns":4.0},{"damage":17.0,"enemies":"Lagavulin","floor":14.0,"turns":5.0},{"damage":25.0,"enemies":"Hexaghost","floor":16.0,"turns":10.0},{"damage":24.0,"enemies":"3 Byrds","floor":18.0,"turns":3.0},{"damage":12.0,"enemies":"Chosen","floor":19.0,"turns":3.0},{"damage":0,"enemies":"Centurion and Healer","floor":22,"turns":2},{"damage":14,"enemies":"Shelled Parasite and Fungi","floor":24,"turns":2}],"seed_played":"-5111076199587832169","potions_obtained":[{"floor":4.0,"key":"Swift Potion"},{"floor":7.0,"key":"DistilledChaos"},{"floor":10.0,"key":"EssenceOfSteel"},{"floor":12.0,"key":"Regen Potion"},{"floor":19.0,"key":"DistilledChaos"},{"floor":22,"key":"FearPotion"}],"is_trial":false,"path_per_floor":["M","?","?","M","M","R","M","R","T","M","M","M","R","E","R","B",null,"M","M","$","?","M","?","M"],"character_chosen":"THE_SILENT","items_purchased":["Backflip"],"campfire_rested":2,"item_purchase_floors":[20],"current_hp_per_floor":[57,34,27,27,27,27,16,35,35,35,35,23,42,25,25,15,53,29,17,17,17,17,17,3,3],"gold":270,"neow_bonus":"THREE_RARE_CARDS","is_daily":false,"chose_seed":false,"campfire_upgraded":2,"win_rate":0.0,"timestamp":1609957310,"path_taken":["M","?","?","?","?","R","M","R","T","M","M","M","R","E","R","BOSS","M","M","$","?","M","?","M"],"items_purchased_type":["Card"],"build_version":"2020-12-22","purchased_purges":1,"victory":false,"max_hp_per_floor":[66,66,66,66,66,66,66,66,66,66,66,66,66,66,66,66,66,66,66,66,66,66,66,66,66],"card_choices":[{"not_picked":["Bullet Time","Glass Knife"],"picked":"Adrenaline","floor":0.0},{"not_picked":["Outmaneuver","Masterful Stab","Sucker Punch"],"picked":"SKIP","floor":1.0},{"not_picked":["Deadly Poison","Blade Dance"],"picked":"Eviscerate","floor":4.0},{"not_picked":["Caltrops","Backstab"],"picked":"Heel Hook","floor":5.0},{"not_picked":["Sucker Punch","PiercingWail","Dagger Spray"],"picked":"SKIP","floor":7.0},{"not_picked":["Heel Hook","Cloak And Dagger"],"picked":"Escape Plan","floor":10.0},{"not_picked":["Outmaneuver","Poisoned Stab"],"picked":"Underhanded Strike","floor":11.0},{"not_picked":["Setup","Cloak And Dagger"],"picked":"Acrobatics","floor":12.0},{"not_picked":["Prepared","Infinite Blades"],"picked":"Dagger Throw","floor":14.0},{"not_picked":["Venomology","Envenom"],"picked":"Corpse Explosion","floor":16.0},{"not_picked":["Backstab","Well Laid Plans","Flying Knee"],"picked":"SKIP","floor":18.0},{"not_picked":["Footwork","Cloak And Dagger"],"picked":"Underhanded Strike+1","floor":19.0},{"not_picked":["Underhanded Strike","Dagger Spray+1","Sucker Punch"],"picked":"SKIP","floor":22}],"player_experience":396858,"relics_obtained":[{"floor":9.0,"key":"StrikeDummy"},{"floor":14.0,"key":"Ancient Tea Set"}],"event_choices":[{"damage_healed":0.0,"max_hp_gain":0.0,"max_hp_loss":0.0,"gold_gain":0.0,"event_name":"Golden Idol","player_choice":"Take Damage","floor":2.0,"gold_loss":0.0,"damage_taken":23.0,"relics_obtained":["Golden Idol"]},{"cards_removed":["Strike_G"],"damage_healed":0.0,"max_hp_gain":0.0,"max_hp_loss":0.0,"gold_gain":0.0,"event_name":"Golden Wing","player_choice":"Card Removal","floor":3.0,"gold_loss":0.0,"damage_taken":7.0},{"damage_healed":0.0,"max_hp_gain":0.0,"max_hp_loss":0.0,"gold_gain":0.0,"event_name":"The Mausoleum","player_choice":"Ignored","floor":21.0,"gold_loss":0.0,"damage_taken":0.0},{"damage_healed":0,"gold_gain":0,"player_choice":"Bought 1 Potion","damage_taken":0,"max_hp_gain":0,"max_hp_loss":0,"event_name":"The Woman in Blue","floor":23,"gold_loss":0}],"is_beta":false,"boss_relics":[{"not_picked":["Black Star","Fusion Hammer"],"picked":"Cursed Key"}],"items_purged_floors":[20],"is_endless":false,"potions_floor_spawned":[4,7,10,11,12,19,22],"killed_by":"Shelled Parasite and Fungi","ascension_level":17}}