{"host":"mruvby243fwgm3bp","time":1609897931,"event":{"mods":["AchievementEnabler","BaseMod","Colored Map","Colored Powertips","Minty Spire (QoL Compilation)","Permanent Neow","Random Character Button","StSLib"],"gold_per_floor":[17,34,34,54,54,54,90,90,90,129,153,177,200,26,26,154,154,172,192,117,151,51,51,75,75,121,121,121,137,137,177,177,300,300,319,319,340,363,379,379,395,395,420,420,720,764,764,764],"floor_reached":47,"playtime":2709,"items_purged":["Strike_B","Defend_B"],"score":774,"play_id":"6377b21d-aed8-4b07-a732-f4224ee5d599","local_time":"20210105175211","is_ascension_mode":true,"campfire_choices":[{"data":"Dualcast","floor":6,"key":"SMITH"},{"data":"Coolheaded","floor":8,"key":"SMITH"},{"data":"Coolheaded","floor":15,"key":"SMITH"},{"data":"Zap","floor":23,"key":"SMITH"},{"data":"Steam Power","floor":25,"key":"SMITH"},{"data":"Go for the Eyes","floor":27,"key":"SMITH"},{"data":"Redo","floor":30,"key":"SMITH"},{"data":"Beam Cell","floor":32,"key":"SMITH"},{"floor":40,"key":"REST"},{"data":"Electrodynamics","floor":42,"key":"SMITH"},{"data":"Reboot","floor":44,"key":"SMITH"}],"circlet_count":0,"master_deck":["Defend_B","Defend_B","Defend_B","Zap+1","Dualcast+1","Melter","Auto Shields","Turbo","Beam Cell+1","Coolheaded+1","Conserve Battery","Coolheaded+1","Gash+1","Steam Power+1","Beam Cell","Purity","All For One","Turbo","Go for the Eyes+1","Redo+1","Streamline+1","Reboot+1","Beam Cell+1","Electrodynamics+1","Gash+1"],"relics":["Cracked Core","Golden Idol","CaptainsWheel","Lizard Tail","Letter Opener","Inserter","Red Mask","MealTicket","Potion Belt","Black Star","Blood Vial","Omamori","Whetstone","Ice Cream"],"acts_visited":["Exordium","TheCity","TheBeyond"],"potions_floor_usage":[7,10,16,16,33,33,35,41],"damage_taken":[{"damage":0,"enemies":"Jaw Worm","floor":1,"turns":3},{"damage":0,"enemies":"Small Slimes","floor":2,"turns":3},{"damage":0,"enemies":"Cultist","floor":4,"turns":3},{"damage":20,"enemies":"3 Sentries","floor":7,"turns":10},{"damage":13,"enemies":"Gremlin Nob","floor":10,"turns":3},{"damage":0,"enemies":"2 Fungi Beasts","floor":11,"turns":2},{"damage":3,"enemies":"Exordium Thugs","floor":12,"turns":6},{"damage":0,"enemies":"Red Slaver","floor":13,"turns":3},{"damage":11,"enemies":"The Guardian","floor":16,"turns":9},{"damage":9,"enemies":"2 Thieves","floor":18,"turns":3},{"damage":2,"enemies":"Chosen","floor":19,"turns":5},{"damage":0,"enemies":"Masked Bandits","floor":21,"turns":3},{"damage":11,"enemies":"Shelled Parasite and Fungi","floor":24,"turns":3},{"damage":10,"enemies":"3 Cultists","floor":29,"turns":4},{"damage":0,"enemies":"Slavers","floor":31,"turns":3},{"damage":44,"enemies":"Champ","floor":33,"turns":11},{"damage":16,"enemies":"3 Darklings","floor":35,"turns":6},{"damage":4,"enemies":"3 Shapes","floor":37,"turns":4},{"damage":12,"enemies":"Maw","floor":38,"turns":8},{"damage":22,"enemies":"4 Shapes","floor":39,"turns":4},{"damage":9,"enemies":"Transient","floor":41,"turns":5},{"damage":16,"enemies":"Reptomancer","floor":46,"turns":6},{"damage":17,"enemies":"Maw","floor":47,"turns":4}],"seed_played":"2269202665683044750","potions_obtained":[{"floor":1,"key":"SpeedPotion"},{"floor":2,"key":"PotionOfCapacity"},{"floor":7,"key":"ColorlessPotion"},{"floor":11,"key":"DistilledChaos"},{"floor":21,"key":"LiquidBronze"},{"floor":24,"key":"Energy Potion"},{"floor":31,"key":"EssenceOfSteel"},{"floor":37,"key":"PowerPotion"},{"floor":39,"key":"Swift Potion"},{"floor":41,"key":"Explosive Potion"}],"is_trial":false,"path_per_floor":["M","M","?","M","?","R","E","R","T","E","M","M","M","$","R","B",null,"M","M","$","?","$","R","M","R","T","R","?","M","R","E","R","B",null,"M","?","M","M","M","R","M","R","T","R","?","E","M"],"character_chosen":"DEFECT","items_purchased":["Steam Power","Beam Cell","Purity"],"campfire_rested":1,"item_purchase_floors":[14,14,14],"current_hp_per_floor":[68,68,68,68,73,73,53,53,53,40,40,37,37,37,37,26,62,53,51,51,51,51,51,40,40,40,40,40,30,30,30,30,24,62,46,46,44,34,14,36,29,29,29,29,29,15,0,0],"gold":764,"neow_bonus":"TRANSFORM_TWO_CARDS","is_daily":false,"chose_seed":false,"campfire_upgraded":10,"win_rate":0.0,"timestamp":1609897931,"path_taken":["M","M","?","M","?","R","E","R","T","E","?","M","M","$","R","BOSS","M","M","$","?","$","R","M","R","T","R","?","M","R","E","R","BOSS","M","?","?","M","M","R","M","R","T","R","?","E","M"],"items_purchased_type":["Card","Card","Card"],"build_version":"2020-12-22","purchased_purges":2,"victory":false,"max_hp_per_floor":[75,75,69,69,74,74,74,74,74,74,74,74,74,74,74,74,74,74,74,74,74,74,74,74,74,74,74,74,74,74,74,74,74,74,74,74,74,74,74,74,74,74,74,74,74,74,74,74],"card_choices":[{"not_picked":["Reinforced Body","Ball Lightning"],"picked":"Turbo","floor":1},{"not_picked":["Tempest","Sweeping Beam","Hologram"],"picked":"SKIP","floor":2},{"not_picked":["Rip and Tear","Reinforced Body"],"picked":"Beam Cell","floor":4},{"not_picked":["Barrage","Sweeping Beam"],"picked":"Coolheaded","floor":7},{"not_picked":["Force Field","Compile Driver"],"picked":"Streamline","floor":10},{"not_picked":["Glacier","Rebound"],"picked":"Conserve Battery","floor":11},{"not_picked":["Auto Shields","Hyperbeam"],"picked":"Coolheaded","floor":12},{"not_picked":["Storm","Stack"],"picked":"Gash","floor":13},{"not_picked":["Echo Form","Hyperbeam"],"picked":"All For One","floor":16},{"not_picked":["Sweeping Beam","Compile Driver"],"picked":"Turbo","floor":18},{"not_picked":["Sweeping Beam+1","Darkness+1"],"picked":"Go for the Eyes","floor":19},{"not_picked":["Stack+1","Coolheaded","Rebound"],"picked":"SKIP","floor":24},{"not_picked":["Cold Snap","Conserve Battery"],"picked":"Redo","floor":29},{"not_picked":["Undo","Electrodynamics"],"picked":"Streamline","floor":31},{"not_picked":["Hyperbeam","Buffer"],"picked":"Reboot","floor":33},{"not_picked":["Storm","Coolheaded+1","Tempest"],"picked":"SKIP","floor":35},{"not_picked":["Leap","Static Discharge","Steam"],"picked":"SKIP","floor":37},{"not_picked":["Barrage","Hologram","Steam"],"picked":"SKIP","floor":38},{"not_picked":["Lockon","Ball Lightning+1"],"picked":"Beam Cell+1","floor":39},{"not_picked":["Self Repair","Beam Cell"],"picked":"Electrodynamics","floor":41},{"not_picked":["Beam Cell+1","Compile Driver"],"picked":"Gash+1","floor":46}],"player_experience":377841,"relics_obtained":[{"floor":7,"key":"CaptainsWheel"},{"floor":9,"key":"Lizard Tail"},{"floor":10,"key":"Letter Opener"},{"floor":21,"key":"Red Mask"},{"floor":26,"key":"MealTicket"},{"floor":31,"key":"Potion Belt"},{"floor":43,"key":"Omamori"},{"floor":46,"key":"Whetstone"},{"floor":46,"key":"Ice Cream"}],"event_choices":[{"damage_healed":0,"gold_gain":0,"player_choice":"Lose Max HP","damage_taken":0,"relics_obtained":["Golden Idol"],"max_hp_gain":0,"max_hp_loss":6,"event_name":"Golden Idol","floor":3,"gold_loss":0},{"damage_healed":0,"gold_gain":0,"player_choice":"Donut","damage_taken":0,"max_hp_gain":5,"max_hp_loss":0,"event_name":"Big Fish","floor":5,"gold_loss":0},{"damage_healed":0,"gold_gain":0,"player_choice":"Fought Bandits","damage_taken":0,"max_hp_gain":0,"max_hp_loss":0,"event_name":"Masked Bandits","floor":21,"gold_loss":0},{"cards_removed":["Strike_B"],"damage_healed":0,"gold_gain":0,"player_choice":"Elegance","damage_taken":0,"max_hp_gain":0,"max_hp_loss":0,"event_name":"Back to Basics","floor":28,"gold_loss":0},{"cards_removed":["Streamline"],"damage_healed":0,"gold_gain":0,"player_choice":"Gave Card","damage_taken":0,"relics_obtained":["Blood Vial"],"max_hp_gain":0,"max_hp_loss":0,"event_name":"WeMeetAgain","floor":36,"gold_loss":0},{"damage_healed":0,"gold_gain":300,"player_choice":"Gold","damage_taken":0,"max_hp_gain":0,"max_hp_loss":0,"event_name":"Wheel of Change","floor":45,"gold_loss":0}],"is_beta":false,"boss_relics":[{"not_picked":["Philosopher\u0027s Stone","Busted Crown"],"picked":"Inserter"},{"not_picked":["SacredBark","Coffee Dripper"],"picked":"Black Star"}],"items_purged_floors":[20,22],"is_endless":false,"potions_floor_spawned":[1,2,7,11,21,24,31,37,39,41],"killed_by":"Maw","ascension_level":8}}