{"host":"qdfumeom6htv8yxl","time":1609955230,"event":{"mods":["AchievementEnabler","BaseMod","Block Reminder","Minty Spire (QoL Compilation)","Quick Restart","Relic Stats"],"gold_per_floor":[110,110,126,126,145,145,158,176,176,176,209,219,219,278,278,355,355,366,366,385,435,446,446,477,477,552,566,50,65,80,80,80,159,159,178,178,178,178,193,193,204,232,255,255,268,268,268,299,299,299,299],"floor_reached":50,"playtime":3729,"items_purged":["Strike_G"],"score":940,"play_id":"179efdf2-855e-47d5-8e26-726d5f663b05","local_time":"20210106114710","is_ascension_mode":true,"campfire_choices":[{"data":"Blade Dance","floor":6.0,"key":"SMITH"},{"data":"Dagger Spray","floor":10.0,"key":"SMITH"},{"data":"Accuracy","floor":13.0,"key":"SMITH"},{"data":"Footwork","floor":15.0,"key":"SMITH"},{"data":"Die Die Die","floor":23.0,"key":"SMITH"},{"floor":32.0,"key":"REST"},{"data":"A Thousand Cuts","floor":40.0,"key":"SMITH"},{"floor":44.0,"key":"REST"},{"data":"Cloak And Dagger","floor":47.0,"key":"SMITH"},{"floor":49.0,"key":"DIG"}],"circlet_count":0,"master_deck":["AscendersBane","Strike_G","Strike_G","Strike_G","Defend_G","Defend_G","Defend_G","Defend_G","Defend_G","Survivor","Neutralize+1","Cloak And Dagger+1","Dagger Spray+1","Blade Dance+1","Die Die Die+1","Footwork+1","Accuracy+1","Cloak And Dagger+1","Trip","PiercingWail","A Thousand Cuts+1","Writhe","Tools of the Trade","Acrobatics+1","Dark Shackles","Bandage Up","Venomology","Blade Dance"],"relics":["Ring of the Serpent","Mango","Bottled Flame","Shovel","Bag of Marbles","HornCleat","StoneCalendar","Bag of Preparation","HoveringKite","PreservedInsect","Nunchaku","Prayer Wheel","Pantograph"],"acts_visited":["Exordium","TheCity","TheBeyond"],"potions_floor_usage":[50],"damage_taken":[{"damage":1.0,"enemies":"2 Louse","floor":1.0,"turns":3.0},{"damage":0.0,"enemies":"Cultist","floor":3.0,"turns":3.0},{"damage":3.0,"enemies":"Jaw Worm","floor":5.0,"turns":3.0},{"damage":16.0,"enemies":"Large Slime","floor":7.0,"turns":5.0},{"damage":0.0,"enemies":"2 Fungi Beasts","floor":8.0,"turns":3.0},{"damage":20.0,"enemies":"Gremlin Nob","floor":11.0,"turns":4.0},{"damage":0.0,"enemies":"Looter","floor":12.0,"turns":3.0},{"damage":7.0,"enemies":"3 Sentries","floor":14.0,"turns":4.0},{"damage":27.0,"enemies":"Hexaghost","floor":16.0,"turns":10.0},{"damage":13.0,"enemies":"2 Thieves","floor":18.0,"turns":3.0},{"damage":0.0,"enemies":"3 Byrds","floor":20.0,"turns":3.0},{"damage":13.0,"enemies":"Centurion and Healer","floor":22.0,"turns":7.0},{"damage":19.0,"enemies":"Slavers","floor":24.0,"turns":6.0},{"damage":7.0,"enemies":"Snecko","floor":27.0,"turns":4.0},{"damage":10.0,"enemies":"Snake Plant","floor":29.0,"turns":4.0},{"damage":0.0,"enemies":"Cultist and Chosen","floor":30.0,"turns":3.0},{"damage":44.0,"enemies":"Collector","floor":33.0,"turns":9.0},{"damage":0.0,"enemies":"3 Darklings","floor":35.0,"turns":1.0},{"damage":0.0,"enemies":"3 Shapes","floor":39.0,"turns":6.0},{"damage":8.0,"enemies":"Spire Growth","floor":41.0,"turns":5.0},{"damage":59.0,"enemies":"Reptomancer","floor":42.0,"turns":7.0},{"damage":8.0,"enemies":"3 Darklings","floor":45.0,"turns":5.0},{"damage":13.0,"enemies":"Nemesis","floor":48.0,"turns":5.0},{"damage":71,"enemies":"Awakened One","floor":50,"turns":12}],"seed_played":"-1622834688280416905","potions_obtained":[{"floor":5.0,"key":"AttackPotion"},{"floor":7.0,"key":"SpeedPotion"},{"floor":11.0,"key":"ColorlessPotion"},{"floor":20.0,"key":"Ancient Potion"},{"floor":22.0,"key":"PowerPotion"},{"floor":27.0,"key":"Ancient Potion"},{"floor":29.0,"key":"AttackPotion"},{"floor":33.0,"key":"Explosive Potion"},{"floor":35.0,"key":"LiquidMemories"},{"floor":39.0,"key":"Explosive Potion"}],"is_trial":false,"path_per_floor":["M","?","M","?","M","R","M","M","T","R","E","M","R","?","R","B",null,"M","?","M","?","M","R","E","?","T","M","$","M","M","?","R","B",null,"M","?","?","?","M","R","M","E","T","R","M","?","R","E","R","B"],"character_chosen":"THE_SILENT","items_purchased":["StoneCalendar","Trip"],"campfire_rested":2,"item_purchase_floors":[28,28],"current_hp_per_floor":[64,64,64,64,61,61,45,45,59,59,39,39,39,32,32,5,66,53,70,70,70,57,57,38,38,38,31,31,21,21,21,46,2,65,65,65,60,60,64,64,60,5,5,29,25,67,67,58,58,0,0],"gold":299,"neow_bonus":"TEN_PERCENT_HP_BONUS","is_daily":false,"chose_seed":false,"campfire_upgraded":7,"win_rate":0.0,"timestamp":1609955230,"path_taken":["M","?","M","?","M","R","M","M","T","R","E","?","R","?","R","BOSS","M","?","M","?","M","R","E","?","T","M","$","M","M","?","R","BOSS","M","?","?","?","M","R","M","E","T","R","M","?","R","E","R","BOSS"],"items_purchased_type":["Relic","Card"],"build_version":"2020-12-22","purchased_purges":1,"victory":false,"max_hp_per_floor":[72,72,72,72,72,72,72,72,86,86,86,86,86,86,86,86,86,86,86,86,86,86,86,86,86,86,86,86,86,86,86,86,86,86,86,82,82,82,82,82,82,82,82,82,82,67,67,67,67,67,67],"relic_stats":{"Nunchaku":[7],"Shovel":1,"counters":[24,118],"Pantograph":9,"HoveringKite":[18],"StoneCalendar":[104],"Prayer Wheel":0,"PreservedInsect":50,"Bag of Preparation":[16],"obtain_stats":[{"HoveringKite":34,"Mango":9,"StoneCalendar":28,"PreservedInsect":42,"Bag of Preparation":31,"Bottled Flame":11,"Nunchaku":43,"Shovel":14,"HornCleat":26,"Pantograph":49,"Prayer Wheel":48,"Bag of Marbles":24,"Ring of the Serpent":17,"Ring of the Snake":0},{"HoveringKite":17,"Mango":5,"StoneCalendar":14,"PreservedInsect":21,"Bag of Preparation":16,"Bottled Flame":6,"Nunchaku":21,"Shovel":8,"HornCleat":13,"Pantograph":23,"Prayer Wheel":23,"Bag of Marbles":13,"Ring of the Serpent":9,"Ring of the Snake":0},{"HoveringKite":77,"Mango":17,"StoneCalendar":61,"PreservedInsect":96,"Bag of Preparation":68,"Bottled Flame":21,"Nunchaku":96,"Shovel":28,"HornCleat":57,"Pantograph":106,"Prayer Wheel":106,"Bag of Marbles":57,"Ring of the Serpent":38,"Ring of the Snake":0}]},"card_choices":[{"not_picked":["Bane","Outmaneuver"],"picked":"Cloak And Dagger","floor":1.0},{"not_picked":["Reflex","Outmaneuver"],"picked":"Dagger Spray","floor":3.0},{"not_picked":["Dodge and Roll","PiercingWail"],"picked":"Blade Dance","floor":5.0},{"not_picked":["Poisoned Stab","Dodge and Roll","Prepared"],"picked":"SKIP","floor":7.0},{"not_picked":["Deadly Poison","Endless Agony"],"picked":"Die Die Die","floor":8.0},{"not_picked":["Blur","Cloak And Dagger"],"picked":"Footwork","floor":11.0},{"not_picked":["Caltrops","Flechettes"],"picked":"Accuracy","floor":12.0},{"not_picked":["Slice","Caltrops","Prepared"],"picked":"SKIP","floor":18.0},{"not_picked":["Deflect","Dash","Sucker Punch"],"picked":"SKIP","floor":20.0},{"not_picked":["Underhanded Strike","Leg Sweep","Bane"],"picked":"SKIP","floor":22.0},{"not_picked":["Infinite Blades","Concentrate","Dagger Throw"],"picked":"SKIP","floor":24.0},{"not_picked":["Dodge and Roll","Leg Sweep"],"picked":"Cloak And Dagger","floor":27.0},{"not_picked":["Flying Knee","Cloak And Dagger"],"picked":"PiercingWail","floor":29.0},{"not_picked":["Dagger Spray","Outmaneuver"],"picked":"A Thousand Cuts","floor":30.0},{"not_picked":["Corpse Explosion","Burst"],"picked":"Tools of the Trade","floor":33.0},{"not_picked":["Bane","Flying Knee"],"picked":"Acrobatics+1","floor":35.0},{"not_picked":["Magnetism","Violence"],"picked":"Dark Shackles","floor":37.0},{"not_picked":["PanicButton","Transmutation"],"picked":"Bandage Up","floor":37.0},{"not_picked":["Dagger Spray","Bane","Outmaneuver"],"picked":"SKIP","floor":39.0},{"not_picked":["Predator","Dagger Spray","Terror+1"],"picked":"SKIP","floor":41.0},{"not_picked":["Masterful Stab","Finisher+1"],"picked":"Venomology","floor":42.0},{"not_picked":["Expertise","Cloak And Dagger"],"picked":"Blade Dance","floor":45.0},{"not_picked":["Deadly Poison","Riddle With Holes","Corpse Explosion"],"picked":"SKIP","floor":48.0}],"player_experience":1704945,"relics_obtained":[{"floor":9.0,"key":"Mango"},{"floor":11.0,"key":"Bottled Flame"},{"floor":14.0,"key":"Shovel"},{"floor":24.0,"key":"Bag of Marbles"},{"floor":26.0,"key":"HornCleat"},{"floor":42.0,"key":"PreservedInsect"},{"floor":43.0,"key":"Nunchaku"},{"floor":48.0,"key":"Prayer Wheel"},{"floor":49.0,"key":"Pantograph"}],"event_choices":[{"damage_healed":0.0,"max_hp_gain":0.0,"max_hp_loss":0.0,"gold_gain":0.0,"event_name":"Living Wall","player_choice":"Grow","floor":2.0,"gold_loss":0.0,"damage_taken":0.0,"cards_upgraded":["Cloak And Dagger"]},{"damage_healed":0.0,"max_hp_gain":0.0,"max_hp_loss":0.0,"gold_gain":0.0,"event_name":"Accursed Blacksmith","player_choice":"Forge","floor":4.0,"gold_loss":0.0,"damage_taken":0.0,"cards_upgraded":["Neutralize"]},{"damage_healed":0.0,"max_hp_gain":0.0,"max_hp_loss":0.0,"gold_gain":0.0,"event_name":"Dead Adventurer","player_choice":"Searched \u00271\u0027 times","floor":14.0,"gold_loss":0.0,"damage_taken":0.0},{"damage_healed":17.0,"max_hp_gain":0.0,"max_hp_loss":0.0,"gold_gain":0.0,"event_name":"The Library","player_choice":"Heal","floor":19.0,"gold_loss":0.0,"damage_taken":0.0},{"damage_healed":0.0,"max_hp_gain":0.0,"max_hp_loss":0.0,"gold_gain":50.0,"event_name":"Nest","player_choice":"Stole From Cult","floor":21.0,"gold_loss":0.0,"damage_taken":0.0},{"damage_healed":0.0,"max_hp_gain":0.0,"max_hp_loss":0.0,"gold_gain":0.0,"event_name":"Cursed Tome","player_choice":"Ignored","floor":25.0,"gold_loss":0.0,"damage_taken":0.0},{"damage_healed":0.0,"max_hp_gain":0.0,"max_hp_loss":0.0,"gold_gain":0.0,"event_name":"The Mausoleum","player_choice":"Opened","floor":31.0,"gold_loss":0.0,"damage_taken":0.0,"relics_obtained":["Bag of Preparation"],"cards_obtained":["Writhe"]},{"damage_healed":0.0,"max_hp_gain":0.0,"max_hp_loss":4.0,"gold_gain":0.0,"event_name":"Winding Halls","player_choice":"Max HP","floor":36.0,"gold_loss":0.0,"damage_taken":0.0},{"damage_healed":0.0,"max_hp_gain":0.0,"max_hp_loss":0.0,"gold_gain":0.0,"event_name":"SensoryStone","player_choice":"Memory 2","floor":37.0,"gold_loss":0.0,"damage_taken":5.0},{"cards_removed":["Strike_G"],"damage_healed":0.0,"max_hp_gain":0.0,"max_hp_loss":0.0,"gold_gain":0.0,"event_name":"Falling","player_choice":"Removed Attack","floor":38.0,"gold_loss":0.0,"damage_taken":0.0},{"damage_healed":67.0,"max_hp_gain":0.0,"max_hp_loss":15.0,"gold_gain":0.0,"event_name":"The Moai Head","player_choice":"Heal","floor":46.0,"gold_loss":0.0,"damage_taken":0.0}],"is_beta":false,"boss_relics":[{"not_picked":["Snecko Eye","Fusion Hammer"],"picked":"Ring of the Serpent"},{"not_picked":["Sozu","Pandora\u0027s Box"],"picked":"HoveringKite"}],"items_purged_floors":[28],"is_endless":false,"potions_floor_spawned":[5,7,11,20,22,27,29,33,35,39],"killed_by":"Awakened One","ascension_level":16}}