{"host":"2zw05eexjythz74b","time":1609894570,"event":{"mods":["AchievementEnabler","BaseMod","Better Altar","Colored Map","Minty Spire (QoL Compilation)","StSLib","everything is the same but u backflip on backflip"],"gold_per_floor":[119,132,158,176,196,196,214,214,240,240,257,290,290,322,322,427,427,445,462,18,18,117,142,153,5,5,16,16,41,54,54,54,54,54],"floor_reached":33,"playtime":1422,"items_purged":[],"score":352,"play_id":"719a7142-81e8-42da-83df-075f1f450286","local_time":"20210105185610","is_ascension_mode":true,"campfire_choices":[{"data":"Bash","floor":6.0,"key":"SMITH"},{"data":"True Grit","floor":8,"key":"SMITH"},{"data":"Wild Strike","floor":10,"key":"SMITH"},{"data":"Uppercut","floor":13,"key":"SMITH"},{"floor":15,"key":"REST"},{"floor":28,"key":"REST"},{"floor":32,"key":"REST"}],"circlet_count":0,"master_deck":["Strike_R","Strike_R","Strike_R","Strike_R","Strike_R","Defend_R","Defend_R","Defend_R","Bash+1","Wild Strike+1","Combust","Reckless Charge","True Grit+1","Uppercut+1","Feed","Combust+1","Thunderclap+1","Thunderclap+1","Blood for Blood","Reaper","Searing Blow"],"relics":["Burning Blood","Happy Flower","Omamori","Toy Ornithopter","Pen Nib","Black Star","Shuriken","Bag of Marbles","Strawberry","Blood Vial","Membership Card","Toxic Egg 2","Akabeko","Ancient Tea Set"],"acts_visited":["Exordium","TheCity"],"potions_floor_usage":[16,16,19,23,33,33],"damage_taken":[{"damage":6.0,"enemies":"Cultist","floor":1.0,"turns":3.0},{"damage":3.0,"enemies":"2 Louse","floor":2.0,"turns":2.0},{"damage":7.0,"enemies":"Small Slimes","floor":4.0,"turns":3.0},{"damage":11.0,"enemies":"Exordium Thugs","floor":5.0,"turns":3.0},{"damage":3.0,"enemies":"Large Slime","floor":7.0,"turns":4.0},{"damage":8,"enemies":"2 Fungi Beasts","floor":11,"turns":3},{"damage":47,"enemies":"Gremlin Nob","floor":12,"turns":5},{"damage":30,"enemies":"3 Sentries","floor":14,"turns":4},{"damage":41,"enemies":"The Guardian","floor":16,"turns":9},{"damage":20,"enemies":"Chosen","floor":18,"turns":4},{"damage":24,"enemies":"3 Byrds","floor":19,"turns":4},{"damage":57,"enemies":"Slavers","floor":23,"turns":4},{"damage":12,"enemies":"Cultist and Chosen","floor":24,"turns":4},{"damage":6,"enemies":"Chosen and Byrds","floor":27,"turns":6},{"damage":57,"enemies":"Book of Stabbing","floor":29,"turns":5},{"damage":6,"enemies":"3 Cultists","floor":30,"turns":3},{"damage":79,"enemies":"Collector","floor":33,"turns":5}],"seed_played":"4907930669926249600","potions_obtained":[{"floor":2.0,"key":"FearPotion"},{"floor":4.0,"key":"Fire Potion"},{"floor":11,"key":"BlessingOfTheForge"},{"floor":16,"key":"EssenceOfSteel"},{"floor":18,"key":"Swift Potion"},{"floor":29,"key":"LiquidBronze"},{"floor":30,"key":"DuplicationPotion"}],"is_trial":false,"path_per_floor":["M","M","T","M","M","R","M","R","T","R","M","E","R","E","R","B",null,"M","M","$","?","?","E","M","$","T","M","R","E","M","?","R","B"],"character_chosen":"IRONCLAD","items_purchased":["Shuriken","Bag of Marbles","Metallicize","Membership Card"],"campfire_rested":3,"item_purchase_floors":[20,20,20,25],"current_hp_per_floor":[88,88,88,87,82,82,85,85,85,85,83,42,42,18,44,19,88,74,61,61,61,61,22,21,21,21,26,56,7,12,12,43,0,0],"gold":54,"neow_bonus":"TEN_PERCENT_HP_BONUS","is_daily":false,"chose_seed":false,"campfire_upgraded":4,"win_rate":0.0,"timestamp":1609894570,"path_taken":["M","M","?","M","M","R","M","R","T","R","M","E","R","E","R","BOSS","M","M","$","?","?","E","M","$","T","?","R","E","M","?","R","BOSS"],"items_purchased_type":["Relic","Relic","Card","Relic"],"build_version":"2020-12-22","purchased_purges":0,"victory":false,"max_hp_per_floor":[88,88,88,88,88,88,88,88,88,88,88,88,88,88,88,88,88,88,88,88,88,88,95,98,98,98,101,101,101,104,104,104,104,104],"card_choices":[{"not_picked":["Clothesline","Metallicize"],"picked":"Wild Strike","floor":1.0},{"not_picked":["Second Wind","Wild Strike"],"picked":"Combust","floor":2.0},{"not_picked":["Sword Boomerang","Clash"],"picked":"Reckless Charge","floor":4.0},{"not_picked":["Cleave","Shrug It Off","Perfected Strike"],"picked":"SKIP","floor":5.0},{"not_picked":["Perfected Strike","Sword Boomerang"],"picked":"True Grit","floor":7.0},{"not_picked":["Perfected Strike","Heavy Blade","Pummel"],"picked":"SKIP","floor":11},{"not_picked":["Sentinel","Infernal Blade"],"picked":"Uppercut","floor":12},{"not_picked":["Flex","Pommel Strike","Limit Break"],"picked":"SKIP","floor":14},{"not_picked":["Impervious","Fiend Fire"],"picked":"Feed","floor":16},{"not_picked":["Rage","Pommel Strike"],"picked":"Combust+1","floor":18},{"not_picked":["Iron Wave","Anger"],"picked":"Thunderclap+1","floor":19},{"not_picked":["Headbutt+1","Shrug It Off"],"picked":"Thunderclap+1","floor":23},{"not_picked":["Body Slam","Thunderclap","Headbutt"],"picked":"SKIP","floor":24},{"not_picked":["Seeing Red+1","Headbutt"],"picked":"Blood for Blood","floor":27},{"not_picked":["Pommel Strike+1","Flex+1","Clash+1"],"picked":"SKIP","floor":29},{"not_picked":["Pommel Strike","Dropkick+1","Havoc+1"],"picked":"SKIP","floor":30}],"player_experience":197666,"relics_obtained":[{"floor":3.0,"key":"Happy Flower"},{"floor":9,"key":"Omamori"},{"floor":12,"key":"Toy Ornithopter"},{"floor":14,"key":"Pen Nib"},{"floor":23,"key":"Strawberry"},{"floor":23,"key":"Blood Vial"},{"floor":26,"key":"Toxic Egg 2"},{"floor":29,"key":"Akabeko"},{"floor":29,"key":"Ancient Tea Set"}],"event_choices":[{"damage_healed":0,"gold_gain":0,"player_choice":"Ignored","damage_taken":0,"max_hp_gain":0,"max_hp_loss":0,"event_name":"Ghosts","floor":21,"gold_loss":0},{"damage_healed":0,"gold_gain":99,"player_choice":"Stole From Cult","damage_taken":0,"max_hp_gain":0,"max_hp_loss":0,"event_name":"Nest","floor":22,"gold_loss":0},{"damage_healed":0,"gold_gain":0,"cards_transformed":["Metallicize","Defend_R"],"player_choice":"Became Test Subject","damage_taken":0,"max_hp_gain":0,"max_hp_loss":0,"event_name":"Drug Dealer","floor":31,"gold_loss":0,"cards_obtained":["Reaper","Searing Blow"]}],"is_beta":false,"boss_relics":[{"not_picked":["Runic Cube","Astrolabe"],"picked":"Black Star"}],"items_purged_floors":[],"is_endless":false,"potions_floor_spawned":[2,4,11,16,18,29,30],"killed_by":"Collector","ascension_level":2}}