{"host":"kh6fvhxn285ncg0o","time":1609908313,"event":{"mods":["Act Like it!","BaseMod","Colored Map","Friendly Minions","Keyboard Shortcuts","Minty Spire (QoL Compilation)","Quick Restart","Relic Stats","StSLib","SuperFastMode"],"gold_per_floor":[10,29,45,45,55,85,101,101,124,159,159,187,205,235,235,311,311,330,166,182,182,192,226,255,284,284,284,284,284],"floor_reached":28,"playtime":1192,"items_purged":["Strike_R"],"score":776,"play_id":"2b11a6e4-54d7-40ad-bb29-401239f6bc1e","local_time":"20210106134513","is_ascension_mode":true,"campfire_choices":[{"data":"Blood for Blood","floor":8.0,"key":"SMITH"},{"data":"Feel No Pain","floor":11.0,"key":"SMITH"},{"data":"Bash","floor":15.0,"key":"SMITH"},{"data":"Dark Embrace","floor":27.0,"key":"SMITH"}],"circlet_count":0,"master_deck":["AscendersBane","Strike_R","Strike_R","Defend_R","Defend_R","Defend_R","Defend_R","Bash+1","Hemokinesis","Ghostly Armor","Pain","Blood for Blood+1","Feel No Pain+1","Battle Trance","Corruption","Fiend Fire","Spot Weakness+1","Dark Embrace+1","Ghostly","Ghostly","Ghostly","Rupture+1","Rage","Feed"],"relics":["Burning Blood","WarpedTongs","Bag of Preparation","Oddly Smooth Stone","Nunchaku","StrikeDummy","Runic Cube","Blood Vial","Red Mask","Happy Flower","Magic Flower"],"acts_visited":["Exordium","TheCity"],"potions_floor_usage":[28,28],"damage_taken":[{"damage":3.0,"enemies":"2 Louse","floor":1.0,"turns":4.0},{"damage":3.0,"enemies":"Cultist","floor":2.0,"turns":3.0},{"damage":4.0,"enemies":"Jaw Worm","floor":3.0,"turns":3.0},{"damage":5.0,"enemies":"Exordium Wildlife","floor":5.0,"turns":4.0},{"damage":6.0,"enemies":"Gremlin Nob","floor":6.0,"turns":3.0},{"damage":10.0,"enemies":"2 Fungi Beasts","floor":7.0,"turns":3.0},{"damage":10.0,"enemies":"Lagavulin","floor":10.0,"turns":7.0},{"damage":13.0,"enemies":"Gremlin Nob","floor":12.0,"turns":3.0},{"damage":5.0,"enemies":"Large Slime","floor":13.0,"turns":3.0},{"damage":9.0,"enemies":"3 Sentries","floor":14.0,"turns":7.0},{"damage":40.0,"enemies":"Hexaghost","floor":16.0,"turns":7.0},{"damage":6.0,"enemies":"Spheric Guardian","floor":18.0,"turns":3.0},{"damage":13.0,"enemies":"Shell Parasite","floor":20.0,"turns":3.0},{"damage":5.0,"enemies":"Cultist and Chosen","floor":22.0,"turns":5.0},{"damage":6.0,"enemies":"Book of Stabbing","floor":23.0,"turns":4.0},{"damage":18.0,"enemies":"Masked Bandits","floor":24.0,"turns":5.0},{"damage":13.0,"enemies":"Gremlin Leader","floor":25.0,"turns":6.0},{"damage":24,"enemies":"Slavers","floor":28,"turns":6}],"seed_played":"5178934958997376514","potions_obtained":[{"floor":2.0,"key":"Explosive Potion"},{"floor":3.0,"key":"Block Potion"},{"floor":7.0,"key":"Swift Potion"},{"floor":14.0,"key":"Strength Potion"},{"floor":16.0,"key":"Swift Potion"}],"is_trial":false,"path_per_floor":["M","M","M","?","M","E","M","R","T","E","R","E","M","E","R","B",null,"M","$","M","?","M","E","?","E","T","R","E"],"character_chosen":"IRONCLAD","items_purchased":["Dark Embrace"],"campfire_rested":0,"item_purchase_floors":[19],"current_hp_per_floor":[71,74,75,75,75,75,71,71,71,67,67,60,61,58,58,24,62,62,62,55,37,37,37,25,24,24,24,3,3],"gold":284,"neow_bonus":"REMOVE_TWO","is_daily":false,"chose_seed":false,"campfire_upgraded":4,"win_rate":0.0,"timestamp":1609908313,"path_taken":["M","M","M","?","M","E","?","R","T","E","R","E","M","E","R","BOSS","M","$","M","?","M","E","?","E","T","R","E"],"items_purchased_type":["Card"],"build_version":"2020-12-22","purchased_purges":1,"victory":false,"max_hp_per_floor":[75,75,75,75,75,75,75,75,75,75,75,75,75,75,75,75,75,75,75,75,37,37,37,37,41,41,41,41,41],"relic_stats":{"Blood Vial":5,"Nunchaku":[6],"Happy Flower":[2],"counters":[18,79],"Magic Flower":[1],"Bag of Preparation":[26],"obtain_stats":[{"Blood Vial":23,"Nunchaku":12,"Happy Flower":25,"Oddly Smooth Stone":10,"Magic Flower":26,"Bag of Preparation":6,"Red Mask":24,"StrikeDummy":14,"Burning Blood":0,"WarpedTongs":4,"Runic Cube":17},{"Blood Vial":15,"Nunchaku":8,"Happy Flower":17,"Oddly Smooth Stone":7,"Magic Flower":17,"Bag of Preparation":5,"Red Mask":16,"StrikeDummy":10,"Burning Blood":0,"WarpedTongs":3,"Runic Cube":11},{"Blood Vial":62,"Nunchaku":30,"Happy Flower":73,"Oddly Smooth Stone":27,"Magic Flower":73,"Bag of Preparation":17,"Red Mask":67,"StrikeDummy":40,"Burning Blood":0,"WarpedTongs":10,"Runic Cube":47}],"Burning Blood":99,"WarpedTongs":[69],"Runic Cube":[41]},"card_choices":[{"not_picked":["Clothesline","Intimidate"],"picked":"Hemokinesis","floor":1.0},{"not_picked":["Anger","Headbutt"],"picked":"Ghostly Armor","floor":3.0},{"not_picked":["Sentinel","Clothesline"],"picked":"Blood for Blood","floor":5.0},{"not_picked":["Havoc","Sever Soul"],"picked":"Feel No Pain","floor":6.0},{"not_picked":["Cleave","Clothesline"],"picked":"Battle Trance","floor":7.0},{"not_picked":["Entrench","Wild Strike","Sever Soul"],"picked":"SKIP","floor":10.0},{"not_picked":["True Grit","Flex"],"picked":"Corruption","floor":12.0},{"not_picked":["Twin Strike","Anger","Combust"],"picked":"SKIP","floor":13.0},{"not_picked":["Wild Strike","Armaments","Whirlwind"],"picked":"SKIP","floor":14.0},{"not_picked":["Limit Break","Double Tap"],"picked":"Fiend Fire","floor":16.0},{"not_picked":["Anger","Headbutt"],"picked":"Spot Weakness+1","floor":18.0},{"not_picked":["Flex","Pommel Strike","Rupture"],"picked":"SKIP","floor":20.0},{"not_picked":["Clothesline","Pummel"],"picked":"Rupture+1","floor":22.0},{"not_picked":["Searing Blow","Heavy Blade"],"picked":"Rage","floor":23.0},{"not_picked":["Flex","Thunderclap"],"picked":"Feed","floor":24.0},{"not_picked":["True Grit","Anger","Armaments"],"picked":"SKIP","floor":25.0}],"player_experience":3372990,"relics_obtained":[{"floor":6.0,"key":"Bag of Preparation"},{"floor":10.0,"key":"Oddly Smooth Stone"},{"floor":12.0,"key":"Nunchaku"},{"floor":14.0,"key":"StrikeDummy"},{"floor":23.0,"key":"Blood Vial"},{"floor":24.0,"key":"Red Mask"},{"floor":25.0,"key":"Happy Flower"},{"floor":26.0,"key":"Magic Flower"}],"event_choices":[{"damage_healed":0.0,"max_hp_gain":0.0,"max_hp_loss":0.0,"gold_gain":0.0,"event_name":"Accursed Blacksmith","player_choice":"Rummage","floor":4.0,"gold_loss":0.0,"damage_taken":0.0,"relics_obtained":["WarpedTongs"],"cards_obtained":["Pain"]},{"damage_healed":0.0,"max_hp_gain":0.0,"max_hp_loss":38.0,"gold_gain":0.0,"event_name":"Ghosts","player_choice":"Became a Ghost","floor":21.0,"gold_loss":0.0,"damage_taken":0.0,"cards_obtained":["Ghostly","Ghostly","Ghostly"]},{"damage_healed":0.0,"max_hp_gain":0.0,"max_hp_loss":0.0,"gold_gain":0.0,"event_name":"Masked Bandits","player_choice":"Fought Bandits","floor":24.0,"gold_loss":0.0,"damage_taken":0.0}],"is_beta":false,"boss_relics":[{"not_picked":["Velvet Choker","Mark of Pain"],"picked":"Runic Cube"}],"items_purged_floors":[19],"is_endless":false,"potions_floor_spawned":[2,3,7,14,16,20,22,23],"killed_by":"Slavers","ascension_level":20}}