{"host":"zksvs3x2ysy9npnz","time":1609967195,"event":{"mods":["Aspiration","BaseMod","Beaked The Cultist","BetterRewards","Clockwork Mod","Colored Map","Conspire","Downfall","Duelist Mod","Ekko","Halation","Highlight Path","Hubris","Hunter ??","Infinite Spire","Jedi Mod","JesterMod","Minty Spire (QoL Compilation)","Permanent Neow","Quick Restart","Relic Stats","Replay The Spire","Retaliation","Shade Mod","Shop Mod","StSLib"],"gold_per_floor":[99,110,120,120,134,134,182,192,204,236,253,281,281,294,312,386,386,386,399,399,138,138,155,155,155,155,167,167,167,167],"floor_reached":29,"playtime":1526,"items_purged":["Slimebound:Strike_Slimebound","Slimebound:Strike_Slimebound"],"score":391,"play_id":"513f6252-29ce-4c62-aab9-f6657260883a","local_time":"20210106220635","is_ascension_mode":true,"campfire_choices":[{"data":"Slimebound:Split","floor":1,"key":"SMITH"},{"data":"Slimebound:SlimeBrawl","floor":6,"key":"SMITH"},{"data":"Slimebound:SlimeBarrage","floor":13,"key":"SMITH"},{"data":"Slimebound:AcidTongue","floor":18,"key":"SMITH"},{"data":"Mayhem","floor":25,"key":"SMITH"},{"data":"Slimebound:RejuvenatingLick","floor":28,"key":"SMITH"}],"circlet_count":0,"master_deck":["AscendersBane","Slimebound:Strike_Slimebound","Slimebound:Tackle","Slimebound:Defend_Slimebound","Slimebound:Defend_Slimebound","Slimebound:Defend_Slimebound","Slimebound:Defend_Slimebound","Slimebound:Split+1","Slimebound:CorrosiveSpit+1","Slimebound:LeadByExample","Slimebound:HauntingLick","Slimebound:SlimeBrawl+1","Slimebound:SlimeSpikes","Slimebound:SlimeBarrage+1","Slimebound:PressTheAttack","Slimebound:SplitAcid","Slimebound:SamplingLick","Slimebound:AcidTongue+1","Slimebound:Prepare","Slimebound:Recollect","theDuelist:ShiranuiSquire","Mayhem+1","Slimebound:RejuvenatingLick+1","infinitespire:Collect","Slimebound:Prepare"],"relics":["Slimebound:AbsorbEndCombat","aspiration:ChemicalBlood","infinitespire:PuzzleCube","Replay:Wax Seal","halation:Prosthetics","halation:OrihimeAndHikoboshiSamaAndTears","conspire:InfiniteJournal","halation:Risk"],"acts_visited":["Exordium","TheCity"],"potions_floor_usage":[10,10,10,12,16,16,19,23,23,23,23,27],"damage_taken":[{"damage":15,"enemies":"2 Louse","floor":2,"turns":3},{"damage":12,"enemies":"Cultist","floor":3,"turns":3},{"damage":13,"enemies":"Jaw Worm","floor":5,"turns":4},{"damage":14,"enemies":"Blue Slaver","floor":8,"turns":3},{"damage":10,"enemies":"Exordium Wildlife","floor":9,"turns":4},{"damage":28,"enemies":"Gremlin Nob","floor":10,"turns":4},{"damage":9,"enemies":"conspire:2 RoseBushes","floor":11,"turns":4},{"damage":25,"enemies":"Lagavulin","floor":12,"turns":5},{"damage":24,"enemies":"Red Slaver","floor":14,"turns":4},{"damage":9,"enemies":"Large Slime","floor":15,"turns":6},{"damage":28,"enemies":"downfall:Watcher","floor":16,"turns":9},{"damage":5,"enemies":"conspire:FuzzyDice","floor":19,"turns":6},{"damage":1,"enemies":"downfall:FleeingMerchant","floor":21,"turns":4},{"damage":21,"enemies":"3 Byrds","floor":23,"turns":4},{"damage":5,"enemies":"Snake Plant","floor":27,"turns":2},{"damage":11,"enemies":"theDuelist:KaibaA2","floor":29,"turns":2}],"seed_played":"7997090843112291737","potions_obtained":[{"floor":2,"key":"Swift Potion"},{"floor":3,"key":"Strength Potion"},{"floor":4,"key":"hexamod:EctoCoolerPotion"},{"floor":12,"key":"infinitespire:BlackPotion"},{"floor":16,"key":"AttackPotion"},{"floor":16,"key":"Adrenaline Potion"},{"floor":19,"key":"PowerPotion"},{"floor":23,"key":"Energy Potion"},{"floor":23,"key":"Fire Potion"},{"floor":23,"key":"Guardian:BlockOnCardUsePotion"},{"floor":23,"key":"Slimebound:ThreeZeroPotion"}],"is_trial":false,"path_per_floor":["R","M","M","?","M","R","T","M","M","E","M","E","R","M","M","B",null,"R","M","?","$","T","M","T","R","AVR","M","R","E"],"character_chosen":"SLIMEBOUND","items_purchased":["Mayhem"],"campfire_rested":0,"item_purchase_floors":[21],"current_hp_per_floor":[54,55,60,60,60,60,60,58,60,52,60,55,55,51,60,59,25,25,25,25,25,25,12,12,12,12,11,11,0,0],"gold":167,"neow_bonus":"UPGRADE_CARD","is_daily":false,"chose_seed":false,"campfire_upgraded":6,"win_rate":0.0,"timestamp":1609967195,"path_taken":["R","M","M","?","?","R","T","M","M","E","M","E","R","M","M","BOSS","R","M","?","?","?","?","T","R","AVR","M","R","E"],"items_purchased_type":["Card"],"build_version":"2020-12-22","purchased_purges":2,"victory":false,"max_hp_per_floor":[60,60,60,60,60,60,60,60,60,60,60,60,60,60,60,60,25,25,25,25,25,25,25,25,25,25,25,25,25,25],"relic_stats":{"counters":[16,66],"obtain_stats":[{"halation:OrihimeAndHikoboshiSamaAndTears":24,"Slimebound:AbsorbEndCombat":0,"Replay:Wax Seal":12,"halation:Prosthetics":17,"infinitespire:PuzzleCube":10,"aspiration:ChemicalBlood":7,"conspire:InfiniteJournal":26,"halation:Risk":26},{"halation:OrihimeAndHikoboshiSamaAndTears":14,"Slimebound:AbsorbEndCombat":0,"Replay:Wax Seal":8,"halation:Prosthetics":11,"infinitespire:PuzzleCube":6,"aspiration:ChemicalBlood":3,"conspire:InfiniteJournal":14,"halation:Risk":14},{"halation:OrihimeAndHikoboshiSamaAndTears":62,"Slimebound:AbsorbEndCombat":0,"Replay:Wax Seal":29,"halation:Prosthetics":48,"infinitespire:PuzzleCube":20,"aspiration:ChemicalBlood":9,"conspire:InfiniteJournal":62,"halation:Risk":62}]},"card_choices":[{"not_picked":["Slimebound:FormOfPuddle","Slimebound:SamplingLick"],"picked":"Slimebound:LeadByExample","floor":2},{"not_picked":["Slimebound:LeechingTouch","Slimebound:Schlurp"],"picked":"Slimebound:HauntingLick","floor":3},{"not_picked":["Slimebound:Schlurp","Slimebound:PressTheAttack"],"picked":"Slimebound:SlimeBrawl","floor":5},{"not_picked":["Slimebound:ForwardTackle","Slimebound:DisruptingSlam"],"picked":"Slimebound:SlimeSpikes","floor":8},{"not_picked":["Slimebound:PressTheAttack","Slimebound:SlimeSlap"],"picked":"Slimebound:SlimeBarrage","floor":9},{"not_picked":["Slimebound:SamplingLick","Slimebound:GoopTackle"],"picked":"Slimebound:PressTheAttack","floor":10},{"not_picked":["Slimebound:ViciousTackle","Slimebound:ComboTackle"],"picked":"Slimebound:SplitAcid","floor":11},{"not_picked":["Slimebound:ViciousTackle","Slimebound:Overexert"],"picked":"Slimebound:SamplingLick","floor":12},{"not_picked":["Slimebound:FirmFortitude","Slimebound:Dissolve"],"picked":"Slimebound:AcidTongue","floor":14},{"not_picked":["Slimebound:SplitBruiser","Slimebound:GoopSpray"],"picked":"Slimebound:Prepare","floor":15},{"not_picked":["Slimebound:ComboTackle+1","Slimebound:SamplingLick+1"],"picked":"Slimebound:Recollect","floor":19},{"not_picked":["Slimebound:HauntingLick","Slimebound:FinishingTackle","Slimebound:Repurpose"],"picked":"SKIP","floor":21},{"not_picked":["Slimebound:PressTheAttack","Slimebound:LeechingTouch"],"picked":"Slimebound:RejuvenatingLick","floor":23},{"not_picked":["Slimebound:LeechingTouch","Slimebound:LeechEnergy"],"picked":"Slimebound:Prepare","floor":27}],"player_experience":1778219,"relics_obtained":[{"floor":7,"key":"aspiration:ChemicalBlood"},{"floor":10,"key":"infinitespire:PuzzleCube"},{"floor":12,"key":"Replay:Wax Seal"},{"floor":24,"key":"halation:OrihimeAndHikoboshiSamaAndTears"}],"event_choices":[{"damage_healed":0,"gold_gain":0,"player_choice":"Got Potions","damage_taken":0,"max_hp_gain":0,"max_hp_loss":0,"event_name":"Lab","floor":4,"gold_loss":0},{"damage_healed":0,"gold_gain":0,"player_choice":"Read","damage_taken":0,"max_hp_gain":0,"max_hp_loss":0,"event_name":"The Library","floor":20,"gold_loss":0,"cards_obtained":["theDuelist:ShiranuiSquire"]}],"is_beta":false,"boss_relics":[{"not_picked":["halation:SmartPhone","hubris:BlackHole"],"picked":"halation:Prosthetics"}],"items_purged_floors":[21,26],"is_endless":false,"potions_floor_spawned":[2,3,12,14,15,16,23],"killed_by":"theDuelist:KaibaA2","ascension_level":13}}