{"host":"873t0y8ybyo38pfq","time":1609940501,"event":{"mods":["BaseMod","Bestiary","Colored Map","Colored Powertips","Highlight Path","Minty Spire (QoL Compilation)","Quick Restart","RNG Fix","Rare Cards Sparkle","Relic Stats","StSLib"],"gold_per_floor":[116,128,11,28,28,28,54,114,182,182,182],"floor_reached":10,"playtime":239,"items_purged":["Strike_B"],"score":132,"play_id":"33d7ef40-ed2c-4839-bf6a-223014c51a79","local_time":"20210106084141","is_ascension_mode":true,"campfire_choices":[{"data":"Genetic Algorithm","floor":6,"key":"SMITH"}],"circlet_count":0,"master_deck":["AscendersBane","Strike_B","Strike_B","Strike_B","Defend_B","Defend_B","Defend_B","Defend_B","Zap","Dualcast","Rip and Tear","White Noise","Genetic Algorithm+1","Pain","Chill","Cold Snap"],"relics":["Cracked Core","NeowsBlessing","WarpedTongs","Regal Pillow","Juzu Bracelet","The Courier"],"acts_visited":["Exordium"],"potions_floor_usage":[7,7,10],"damage_taken":[{"damage":0,"enemies":"Jaw Worm","floor":1,"turns":1},{"damage":0,"enemies":"Small Slimes","floor":2,"turns":1},{"damage":0,"enemies":"Cultist","floor":4,"turns":1},{"damage":17,"enemies":"3 Sentries","floor":7,"turns":6},{"damage":32,"enemies":"3 Sentries","floor":8,"turns":10},{"damage":36,"enemies":"Gremlin Nob","floor":10,"turns":3}],"seed_played":"-93826084857610374","potions_obtained":[{"floor":1,"key":"Energy Potion"},{"floor":2,"key":"PotionOfCapacity"},{"floor":4,"key":"EssenceOfDarkness"},{"floor":8,"key":"AttackPotion"}],"is_trial":false,"path_per_floor":["M","M","$","M","?","R","E","?","T","E"],"character_chosen":"DEFECT","items_purchased":["White Noise"],"campfire_rested":0,"item_purchase_floors":[3],"current_hp_per_floor":[64,64,64,64,64,64,47,15,15,0,0],"gold":182,"neow_bonus":"THREE_ENEMY_KILL","is_daily":false,"chose_seed":false,"campfire_upgraded":1,"win_rate":0.0,"timestamp":1609940501,"path_taken":["M","M","$","M","?","R","E","?","T","E"],"items_purchased_type":["Card"],"build_version":"2020-12-22","purchased_purges":1,"victory":false,"max_hp_per_floor":[71,71,71,71,71,71,71,71,71,71,71],"relic_stats":{"Regal Pillow":0,"counters":[6,22],"Juzu Bracelet":0,"obtain_stats":[{"Regal Pillow":7,"NeowsBlessing":0,"The Courier":9,"Juzu Bracelet":8,"Cracked Core":0,"WarpedTongs":5},{"Regal Pillow":4,"NeowsBlessing":0,"The Courier":5,"Juzu Bracelet":4,"Cracked Core":0,"WarpedTongs":3},{"Regal Pillow":9,"NeowsBlessing":0,"The Courier":19,"Juzu Bracelet":9,"Cracked Core":0,"WarpedTongs":3}],"WarpedTongs":[18]},"card_choices":[{"not_picked":["Turbo","Glacier"],"picked":"Rip and Tear","floor":1},{"not_picked":["Heatsinks","Gash","Streamline"],"picked":"SKIP","floor":2},{"not_picked":["Conserve Battery","Steam"],"picked":"Genetic Algorithm","floor":4},{"not_picked":["Turbo","Melter"],"picked":"Chill","floor":7},{"not_picked":["Aggregate","Compile Driver"],"picked":"Cold Snap","floor":8}],"player_experience":1524926,"relics_obtained":[{"floor":7,"key":"Regal Pillow"},{"floor":9,"key":"The Courier"}],"event_choices":[{"damage_healed":0,"gold_gain":0,"player_choice":"Rummage","damage_taken":0,"relics_obtained":["WarpedTongs"],"max_hp_gain":0,"max_hp_loss":0,"event_name":"Accursed Blacksmith","floor":5,"gold_loss":0,"cards_obtained":["Pain"]},{"damage_healed":0,"gold_gain":0,"player_choice":"Searched \u00272\u0027 times","damage_taken":0,"relics_obtained":["Juzu Bracelet"],"max_hp_gain":0,"max_hp_loss":0,"event_name":"Dead Adventurer","floor":8,"gold_loss":0}],"is_beta":false,"boss_relics":[],"items_purged_floors":[3],"is_endless":false,"potions_floor_spawned":[1,2,4,8],"killed_by":"Gremlin Nob","ascension_level":20}}