{"host":"4cz9gr89nglr7k8k","time":1609952207,"event":{"mods":["BaseMod","Minty Spire (QoL Compilation)","Relic Stats","Slay-I"],"gold_per_floor":[112,132,145,155,21,49,49,63,89,109,109,134,147,297,297,297,297],"floor_reached":16,"playtime":478,"items_purged":[],"score":212,"play_id":"c1b657ec-737a-499d-a896-b25716b29aa2","local_time":"20210106175647","is_ascension_mode":true,"campfire_choices":[{"floor":7,"key":"REST"},{"floor":15,"key":"REST"}],"circlet_count":0,"master_deck":["AscendersBane","Strike_R","Strike_R","Strike_R","Strike_R","Strike_R","Defend_R","Defend_R","Defend_R","Defend_R","Bash","Clumsy","Intimidate","Twin Strike","Perfected Strike","Iron Wave","Flex","Whirlwind","Carnage","Anger","Clash","Injury","Perfected Strike","Iron Wave","Doubt","Metallicize"],"relics":["Burning Blood","Pen Nib","Dream Catcher","Golden Idol"],"acts_visited":["Exordium"],"potions_floor_usage":[16,16],"damage_taken":[{"damage":11,"enemies":"Cultist","floor":1,"turns":4},{"damage":7,"enemies":"2 Louse","floor":2,"turns":4},{"damage":10,"enemies":"Small Slimes","floor":3,"turns":3},{"damage":15,"enemies":"Blue Slaver","floor":4,"turns":4},{"damage":45,"enemies":"3 Sentries","floor":6,"turns":8},{"damage":18,"enemies":"3 Louse","floor":8,"turns":3},{"damage":16,"enemies":"2 Fungi Beasts","floor":10,"turns":3},{"damage":0,"enemies":"Large Slime","floor":12,"turns":2},{"damage":14,"enemies":"Blue Slaver","floor":13,"turns":3},{"damage":54,"enemies":"Slime Boss","floor":16,"turns":11}],"seed_played":"-4390379519234262425","potions_obtained":[{"floor":3,"key":"LiquidMemories"},{"floor":4,"key":"Weak Potion"},{"floor":13,"key":"SteroidPotion"}],"is_trial":false,"path_per_floor":["M","M","M","M","$","E","R","M","T","M","?","M","M","?","R","B"],"character_chosen":"IRONCLAD","items_purchased":["Flex","Whirlwind"],"campfire_rested":2,"item_purchase_floors":[5,5],"current_hp_per_floor":[77,76,72,63,63,24,50,38,38,28,28,34,26,26,52,0,0],"gold":297,"neow_bonus":"TWENTY_PERCENT_HP_BONUS","is_daily":false,"chose_seed":false,"campfire_upgraded":0,"win_rate":0.0,"timestamp":1609952207,"path_taken":["M","M","?","M","?","E","R","M","T","M","?","M","M","?","R","BOSS"],"items_purchased_type":["Card","Card"],"build_version":"2020-12-22","purchased_purges":0,"victory":false,"max_hp_per_floor":[89,89,89,89,89,89,89,89,89,89,89,89,89,89,89,89,89],"relic_stats":{"Dream Catcher":1,"counters":[10,45],"Golden Idol":8,"Pen Nib":[3],"obtain_stats":[{"Dream Catcher":9,"Golden Idol":11,"Pen Nib":6,"Burning Blood":0},{"Dream Catcher":6,"Golden Idol":7,"Pen Nib":5,"Burning Blood":0},{"Dream Catcher":26,"Golden Idol":29,"Pen Nib":23,"Burning Blood":0}],"Burning Blood":54},"card_choices":[{"not_picked":["Warcry","Headbutt"],"picked":"Intimidate","floor":1},{"not_picked":["Wild Strike","Warcry"],"picked":"Twin Strike","floor":2},{"not_picked":["Heavy Blade","Seeing Red"],"picked":"Perfected Strike","floor":3},{"not_picked":["Perfected Strike","Body Slam"],"picked":"Iron Wave","floor":4},{"not_picked":["Berserk","Bloodletting"],"picked":"Carnage","floor":6},{"not_picked":["Armaments","Evolve"],"picked":"Anger","floor":8},{"not_picked":["True Grit","Uppercut"],"picked":"Clash","floor":10},{"not_picked":["Fiend Fire","Reckless Charge"],"picked":"Perfected Strike","floor":12},{"not_picked":["Body Slam","Sword Boomerang"],"picked":"Iron Wave","floor":13},{"not_picked":["Havoc","Dark Embrace"],"picked":"Metallicize","floor":15}],"player_experience":1478210,"relics_obtained":[{"floor":6,"key":"Pen Nib"},{"floor":9,"key":"Dream Catcher"}],"event_choices":[{"damage_healed":0,"gold_gain":0,"player_choice":"Take Wound","damage_taken":0,"relics_obtained":["Golden Idol"],"max_hp_gain":0,"max_hp_loss":0,"event_name":"Golden Idol","floor":11,"gold_loss":0,"cards_obtained":["Injury"]},{"damage_healed":0,"gold_gain":150,"player_choice":"AGREE","damage_taken":0,"max_hp_gain":0,"max_hp_loss":0,"event_name":"Liars Game","floor":14,"gold_loss":0,"cards_obtained":["Doubt"]}],"is_beta":false,"boss_relics":[],"items_purged_floors":[],"is_endless":false,"potions_floor_spawned":[3,4,6,12,13],"killed_by":"Slime Boss","ascension_level":20}}