{"host":"zcz0awyw9el3eccp","time":1609961938,"event":{"mods":["AchievementEnabler","BaseMod","Colored Powertips","Googly Eyes","Minty Spire (QoL Compilation)","Quick Restart","StSLib"],"gold_per_floor":[1,129,159,189,201,230,242,288,300,393,405,428,440,465,541,553,666,678,701,763,788,850,912,950,976,988,1000,1081,1109,1154,1228,1254,1266,1375,1387,1387],"floor_reached":34,"playtime":1832,"items_purged":[],"score":448,"play_id":"98ca0af9-1160-43ff-9552-122f8628e60a","local_time":"20210106203858","is_ascension_mode":false,"campfire_choices":[{"floor":6,"key":"RECALL"},{"data":"Armaments","floor":8,"key":"SMITH"},{"data":"Flame Barrier","floor":10,"key":"SMITH"},{"data":"Shrug It Off","floor":15,"key":"SMITH"},{"data":"Uppercut","floor":25,"key":"SMITH"},{"floor":32,"key":"REST"}],"circlet_count":0,"master_deck":["Strike_R+1","Strike_R+1","Strike_R+1","Strike_R+1","Strike_R+1","Defend_R+1","Defend_R+1","Defend_R+1","Defend_R+1","Bash","Clash","Rampage","Flame Barrier+1","Shrug It Off+1","Armaments+1","Battle Trance","Clothesline","Headbutt","Headbutt","Uppercut+1","Headbutt","Flex","Pommel Strike","Headbutt+1","Pommel Strike","Impervious","Body Slam","Iron Wave","Bludgeon"],"relics":["Burning Blood","MawBank","Peace Pipe","Eternal Feather","SsserpentHead","Snecko Eye","Nilry\u0027s Codex","Red Skull","StoneCalendar","Philosopher\u0027s Stone"],"acts_visited":["Exordium","TheCity"],"potions_floor_usage":[5,16,27,27,29,33,33],"damage_taken":[{"damage":5,"enemies":"Cultist","floor":1,"turns":4},{"damage":5,"enemies":"Small Slimes","floor":2,"turns":3},{"damage":3,"enemies":"2 Louse","floor":3,"turns":2},{"damage":9,"enemies":"Exordium Thugs","floor":5,"turns":4},{"damage":37,"enemies":"Gremlin Nob","floor":7,"turns":5},{"damage":0,"enemies":"3 Louse","floor":11,"turns":2},{"damage":11,"enemies":"Exordium Wildlife","floor":13,"turns":5},{"damage":18,"enemies":"Gremlin Gang","floor":14,"turns":6},{"damage":43,"enemies":"The Guardian","floor":16,"turns":13},{"damage":0,"enemies":"Spheric Guardian","floor":18,"turns":4},{"damage":11,"enemies":"Chosen","floor":20,"turns":5},{"damage":8,"enemies":"Book of Stabbing","floor":23,"turns":6},{"damage":10,"enemies":"Sentry and Sphere","floor":24,"turns":6},{"damage":13,"enemies":"3 Cultists","floor":27,"turns":6},{"damage":19,"enemies":"Shelled Parasite and Fungi","floor":28,"turns":6},{"damage":39,"enemies":"Gremlin Leader","floor":29,"turns":6},{"damage":12,"enemies":"Centurion and Healer","floor":30,"turns":4},{"damage":3,"enemies":"Snecko","floor":31,"turns":4},{"damage":45,"enemies":"Champ","floor":33,"turns":10}],"seed_played":"-2702314843015138022","potions_obtained":[{"floor":1,"key":"Strength Potion"},{"floor":3,"key":"LiquidMemories"},{"floor":11,"key":"Swift Potion"},{"floor":16,"key":"LiquidBronze"},{"floor":20,"key":"Weak Potion"},{"floor":27,"key":"Weak Potion"},{"floor":28,"key":"SteroidPotion"},{"floor":29,"key":"BloodPotion"}],"is_trial":false,"path_per_floor":["M","M","M","?","M","R","E","R","T","R","M","?","M","M","R","B",null,"M","?","M","?","?","E","M","R","T","M","M","E","M","M","R","B",null],"character_chosen":"IRONCLAD","items_purchased":[],"campfire_rested":1,"item_purchase_floors":[],"current_hp_per_floor":[6,80,80,80,80,77,77,46,46,46,55,61,61,56,44,53,16,80,80,80,75,75,59,57,53,65,65,58,45,28,22,25,64,25,25,25],"gold":1387,"neow_bonus":"RANDOM_COMMON_RELIC","is_daily":false,"chose_seed":false,"campfire_upgraded":4,"win_rate":0.0,"timestamp":1609961938,"path_taken":["M","?","?","?","M","R","E","R","T","R","M","?","M","?","R","BOSS","M","?","M","?","?","E","M","R","T","?","M","E","?","M","R","BOSS"],"items_purchased_type":[],"build_version":"2020-12-22","purchased_purges":0,"victory":false,"max_hp_per_floor":[88,80,80,80,80,80,80,80,80,80,80,80,80,80,80,80,80,80,80,80,80,80,80,80,80,80,80,80,80,80,80,80,80,80,80,80],"card_choices":[{"not_picked":["Carnage","Burning Pact"],"picked":"Clash","floor":1},{"not_picked":["Wild Strike","Thunderclap"],"picked":"Rampage","floor":2},{"not_picked":["Wild Strike","Twin Strike"],"picked":"Flame Barrier","floor":3},{"not_picked":["Flex","Body Slam"],"picked":"Shrug It Off","floor":5},{"not_picked":["Double Tap","Wild Strike"],"picked":"Armaments","floor":7},{"not_picked":["Pummel","Disarm"],"picked":"Battle Trance","floor":11},{"not_picked":["Armaments","Wild Strike"],"picked":"Clothesline","floor":13},{"not_picked":["Heavy Blade","Body Slam"],"picked":"Headbutt","floor":14},{"not_picked":["Iron Wave","Cleave"],"picked":"Headbutt","floor":18},{"not_picked":["Battle Trance","Dark Embrace"],"picked":"Headbutt","floor":20},{"not_picked":["Second Wind","Shockwave"],"picked":"Flex","floor":23},{"not_picked":["Anger","Burning Pact"],"picked":"Pommel Strike","floor":24},{"not_picked":["Cleave","Shrug It Off"],"picked":"Headbutt+1","floor":27},{"not_picked":["Sword Boomerang","Armaments"],"picked":"Pommel Strike","floor":28},{"not_picked":["Burning Pact","Thunderclap"],"picked":"Impervious","floor":29},{"not_picked":["Thunderclap","Anger"],"picked":"Body Slam","floor":30},{"not_picked":["Warcry","Wild Strike+1"],"picked":"Iron Wave","floor":31},{"not_picked":["Offering","Berserk"],"picked":"Bludgeon","floor":33}],"player_experience":89596,"relics_obtained":[{"floor":7,"key":"Peace Pipe"},{"floor":9,"key":"Eternal Feather"},{"floor":22,"key":"Nilry\u0027s Codex"},{"floor":23,"key":"Red Skull"},{"floor":29,"key":"StoneCalendar"}],"event_choices":[{"damage_healed":0,"gold_gain":0,"player_choice":"Ignored","damage_taken":0,"max_hp_gain":0,"max_hp_loss":0,"event_name":"Liars Game","floor":4,"gold_loss":0},{"damage_healed":0,"gold_gain":0,"player_choice":"Trade","damage_taken":0,"relics_obtained":["SsserpentHead"],"max_hp_gain":0,"max_hp_loss":0,"event_name":"FaceTrader","floor":12,"gold_loss":0},{"damage_healed":0,"gold_gain":0,"player_choice":"Read","damage_taken":0,"max_hp_gain":0,"max_hp_loss":0,"event_name":"The Library","floor":19,"gold_loss":0,"cards_obtained":["Uppercut"]},{"damage_healed":0,"gold_gain":0,"player_choice":"Simplicity","damage_taken":0,"max_hp_gain":0,"max_hp_loss":0,"event_name":"Back to Basics","floor":21,"gold_loss":0,"cards_upgraded":["Strike_R","Strike_R","Strike_R","Strike_R","Strike_R","Defend_R","Defend_R","Defend_R","Defend_R"]},{"damage_healed":0,"gold_gain":0,"player_choice":"Obtained Book","damage_taken":16,"max_hp_gain":0,"max_hp_loss":0,"event_name":"Cursed Tome","floor":22,"gold_loss":0}],"is_beta":false,"boss_relics":[{"not_picked":["Cursed Key","Empty Cage"],"picked":"Snecko Eye"},{"not_picked":["Runic Dome","Black Star"],"picked":"Philosopher\u0027s Stone"}],"items_purged_floors":[],"is_endless":false,"potions_floor_spawned":[1,3,11,16,20,27,28,29],"ascension_level":0}}