{"host":"qojc688juf5ijsln","time":1609903516,"event":{"mods":["AchievementEnabler","BaseMod","BetterRewards","Colored Map","Colored Powertips","Friendly Minions","Highlight Path","Mimic Mod","Minty Spire (QoL Compilation)","Quick Restart","Shop Mod","Spicy Shops","StSLib"],"gold_per_floor":[112,62,62,62,79,106,106,116,146,174,174,191,206,219,219,322,322,334,346,378,303,253,288,288,288,288],"floor_reached":25,"playtime":936,"items_purged":[],"score":254,"play_id":"861ed507-d988-4381-b936-483fa1980ca4","local_time":"20210106112516","is_ascension_mode":true,"campfire_choices":[{"data":"Searing Blow","floor":7.0,"key":"SMITH"},{"floor":11.0,"key":"REST"},{"floor":15,"key":"REST"},{"floor":24,"key":"REST"}],"circlet_count":0,"master_deck":["Strike_R","Strike_R","Strike_R+1","Defend_R+1","Flex","Searing Blow+1","Seeing Red","Immolate","Immolate","Warcry+1","Hemokinesis+1","Fiend Fire+1"],"relics":["Burning Blood","Potion Belt","Pantograph","Astrolabe","Red Mask","CaptainsWheel"],"acts_visited":["Exordium","TheCity"],"potions_floor_usage":[14,16,20,20,20],"damage_taken":[{"damage":12.0,"enemies":"Jaw Worm","floor":1.0,"turns":3.0},{"damage":6.0,"enemies":"Cultist","floor":5.0,"turns":3.0},{"damage":6.0,"enemies":"Gremlin Nob","floor":6.0,"turns":3.0},{"damage":12.0,"enemies":"Small Slimes","floor":8.0,"turns":3.0},{"damage":13.0,"enemies":"Looter","floor":9.0,"turns":9.0},{"damage":24.0,"enemies":"3 Sentries","floor":10.0,"turns":5.0},{"damage":9.0,"enemies":"Looter","floor":12.0,"turns":3.0},{"damage":10.0,"enemies":"Gremlin Gang","floor":13.0,"turns":2.0},{"damage":11,"enemies":"Exordium Thugs","floor":14,"turns":3},{"damage":76,"enemies":"The Guardian","floor":16,"turns":12},{"damage":13,"enemies":"Spheric Guardian","floor":18,"turns":3},{"damage":29,"enemies":"2 Thieves","floor":19,"turns":3},{"damage":12,"enemies":"Masked Bandits","floor":20,"turns":3},{"damage":30,"enemies":"Slavers","floor":23,"turns":3},{"damage":45,"enemies":"Book of Stabbing","floor":25,"turns":4}],"seed_played":"8749581460558713172","potions_obtained":[{"floor":1.0,"key":"FearPotion"},{"floor":8.0,"key":"Strength Potion"},{"floor":13.0,"key":"Weak Potion"},{"floor":16,"key":"BlessingOfTheForge"},{"floor":18,"key":"Strength Potion"},{"floor":19,"key":"Ancient Potion"}],"is_trial":false,"path_per_floor":["M","?","?","?","M","E","R","M","MIM","E","R","M","M","M","R","B",null,"M","M","?","?","?","E","R","E"],"character_chosen":"IRONCLAD","items_purchased":[],"campfire_rested":3,"item_purchase_floors":[],"current_hp_per_floor":[74,74,58,51,51,51,51,45,38,20,44,41,37,32,56,10,80,73,50,44,44,44,20,44,0,0],"gold":288,"neow_bonus":"","is_daily":false,"chose_seed":false,"campfire_upgraded":1,"win_rate":0.0,"timestamp":1609903516,"path_taken":["M","?","?","?","M","E","R","M","MIM","E","R","?","M","?","R","BOSS","M","M","?","?","?","E","R","E"],"items_purchased_type":[],"build_version":"2020-12-22","purchased_purges":0,"victory":false,"max_hp_per_floor":[80,80,80,80,80,80,80,80,80,80,80,80,80,80,80,80,80,80,80,80,80,80,80,80,80,80],"card_choices":[{"not_picked":["Sword Boomerang","Shrug It Off","Ghostly Armor"],"picked":"SKIP","floor":1.0},{"not_picked":["Clothesline","True Grit"],"picked":"Flex","floor":5.0},{"not_picked":["Warcry","Perfected Strike"],"picked":"Searing Blow","floor":6.0},{"not_picked":["Reckless Charge","Flex"],"picked":"Seeing Red","floor":8.0},{"not_picked":["Anger","Body Slam"],"picked":"Immolate","floor":9.0},{"not_picked":["Cleave","Armaments","Disarm"],"picked":"SKIP","floor":10.0},{"not_picked":["Dropkick","Second Wind","Rampage"],"picked":"SKIP","floor":12.0},{"not_picked":["Warcry","Wild Strike","Demon Form"],"picked":"SKIP","floor":13.0},{"not_picked":["True Grit","Dropkick","Armaments"],"picked":"SKIP","floor":14},{"not_picked":["Bludgeon","Impervious"],"picked":"Immolate","floor":16},{"not_picked":["Bloodletting","Rampage","Searing Blow"],"picked":"SKIP","floor":18},{"not_picked":["Flex","Body Slam","Rage"],"picked":"SKIP","floor":19},{"not_picked":["Havoc","Dark Embrace+1","Iron Wave"],"picked":"SKIP","floor":23}],"player_experience":44610,"relics_obtained":[{"floor":6.0,"key":"Potion Belt"},{"floor":10.0,"key":"Pantograph"},{"floor":20,"key":"Red Mask"},{"floor":23,"key":"CaptainsWheel"}],"event_choices":[{"cards_removed":["Defend_R"],"damage_healed":0.0,"max_hp_gain":0.0,"max_hp_loss":0.0,"gold_gain":0.0,"event_name":"The Cleric","player_choice":"Card Removal","floor":2.0,"gold_loss":50.0,"damage_taken":0.0},{"damage_healed":0.0,"max_hp_gain":0.0,"max_hp_loss":0.0,"gold_gain":0.0,"event_name":"Shining Light","player_choice":"Entered Light","floor":3.0,"gold_loss":0.0,"damage_taken":16.0,"cards_upgraded":["Defend_R","Strike_R"]},{"cards_removed":["Defend_R"],"damage_healed":0.0,"max_hp_gain":0.0,"max_hp_loss":0.0,"gold_gain":0.0,"event_name":"Golden Wing","player_choice":"Card Removal","floor":4.0,"gold_loss":0.0,"damage_taken":7.0},{"damage_healed":0,"gold_gain":0,"player_choice":"Fought Bandits","damage_taken":0,"max_hp_gain":0,"max_hp_loss":0,"event_name":"Masked Bandits","floor":20,"gold_loss":0},{"cards_removed":["Bash"],"damage_healed":0,"gold_gain":0,"player_choice":"Gave Gold","damage_taken":0,"max_hp_gain":0,"max_hp_loss":0,"event_name":"Beggar","floor":21,"gold_loss":75},{"damage_healed":0,"gold_gain":0,"player_choice":"Bet on Murderer","damage_taken":0,"max_hp_gain":0,"max_hp_loss":0,"event_name":"The Joust","floor":22,"gold_loss":50}],"is_beta":false,"boss_relics":[{"not_picked":["Velvet Choker","Busted Crown"],"picked":"Astrolabe"}],"items_purged_floors":[],"is_endless":false,"potions_floor_spawned":[1,8,13,16,18,19],"killed_by":"Book of Stabbing","ascension_level":2}}