{"host":"ifhtq4ixo5m3h13u","time":1609939434,"event":{"mods":["BaseMod","Downfall","Minty Spire (QoL Compilation)","StSLib","Waifu the Spire","vexMod","¡¾ÒÅÎï¿¨ÅÆ¡¿REMEMod"],"gold_per_floor":[99,111,124,134,134,134,161,177,190,210,221,241,271,371,391,391,391],"floor_reached":16,"playtime":738,"items_purged":[],"score":108,"play_id":"bd70e9a9-2a1b-44a3-8f47-a503d4eb749d","local_time":"20210106212354","is_ascension_mode":false,"campfire_choices":[{"floor":1,"key":"RECALL"}],"circlet_count":0,"master_deck":["sneckomod:Strike","sneckomod:Strike","sneckomod:Strike+1","sneckomod:Defend","sneckomod:Defend","sneckomod:TailWhip","sneckomod:SnekBite","sneckomod:Unknown","sneckomod:Unknown","Guardian:StasisStrike","sneckomod:DiceCrush","sneckomod:UnknownCommonSkill","sneckomod:UnknownStrike","sneckomod:Unknown0Cost","sneckomod:Nope","sneckomod:Unknown0Cost","sneckomod:DiceBlock","sneckomod:UnknownEthereal","sneckomod:SnakeSap"],"relics":["REME_ComplimentaryCards","vexMod:CursedCompass","White Beast Statue"],"acts_visited":["Exordium"],"potions_floor_usage":[10,13,16,16],"damage_taken":[{"damage":1,"enemies":"Jaw Worm","floor":2,"turns":3},{"damage":6,"enemies":"Cultist","floor":3,"turns":3},{"damage":0,"enemies":"2 Louse","floor":4,"turns":2},{"damage":16,"enemies":"Large Slime","floor":8,"turns":3},{"damage":7,"enemies":"3 Louse","floor":9,"turns":2},{"damage":25,"enemies":"Gremlin Gang","floor":10,"turns":4},{"damage":2,"enemies":"Exordium Wildlife","floor":11,"turns":2},{"damage":0,"enemies":"Blue Slaver","floor":12,"turns":3},{"damage":25,"enemies":"Gremlin Nob","floor":13,"turns":4},{"damage":24,"enemies":"Gremlin Gang","floor":15,"turns":5},{"damage":5,"enemies":"downfall:Defect","floor":16,"turns":2}],"seed_played":"2152392861500452541","potions_obtained":[{"floor":3,"key":"Regen Potion"},{"floor":4,"key":"hexamod:EctoCoolerPotion"},{"floor":11,"key":"ColorlessPotion"},{"floor":13,"key":"sneckomod:CheatPotion"},{"floor":15,"key":"Energy Potion"}],"is_trial":false,"path_per_floor":["R","M","M","M","?","?","T","M","M","M","M","M","E","?","M","B"],"character_chosen":"THE_SNECKO","items_purchased":[],"campfire_rested":0,"item_purchase_floors":[],"current_hp_per_floor":[90,89,83,83,88,88,88,72,65,52,50,50,25,25,1,0,0],"gold":391,"neow_bonus":"BOSS_RELIC","is_daily":false,"chose_seed":false,"campfire_upgraded":0,"win_rate":0.0,"timestamp":1609939434,"path_taken":["R","M","M","M","?","?","T","M","M","?","M","M","E","?","M","BOSS"],"items_purchased_type":[],"build_version":"2020-12-22","purchased_purges":0,"victory":false,"max_hp_per_floor":[90,90,90,90,95,95,95,95,95,95,95,95,95,95,95,95,95],"card_choices":[{"not_picked":["sneckomod:Unknown2Cost","sneckomod:WideSting"],"picked":"sneckomod:DiceCrush","floor":2},{"not_picked":["sneckomod:UnknownClassTHE_CHAMP_GRAY","sneckomod:UnknownClassRED"],"picked":"sneckomod:UnknownCommonSkill","floor":3},{"not_picked":["sneckomod:Unknown1Cost","sneckomod:QuickMove"],"picked":"sneckomod:UnknownStrike","floor":4},{"not_picked":["sneckomod:IronFang","sneckomod:ImprovisedAttack"],"picked":"sneckomod:Unknown0Cost","floor":8},{"not_picked":["sneckomod:UnknownUncommonSkill","sneckomod:SoulDraw"],"picked":"sneckomod:Nope","floor":9},{"not_picked":["sneckomod:UnknownClassGREEN","sneckomod:SnakeSap"],"picked":"sneckomod:Unknown0Cost","floor":10},{"not_picked":["sneckomod:SoulRoll","sneckomod:Unknown1Cost"],"picked":"sneckomod:DiceBlock","floor":11},{"not_picked":["sneckomod:Unknown0Cost","sneckomod:UnknownWeak"],"picked":"sneckomod:UnknownEthereal","floor":12},{"not_picked":["sneckomod:UnknownVulnerable","sneckomod:UnknownCommonAttack"],"picked":"sneckomod:SnakeSap","floor":13},{"not_picked":["sneckomod:MasterEye","sneckomod:UnlimitedRolls","sneckomod:QuickBite"],"picked":"SKIP","floor":15}],"player_experience":43299,"relics_obtained":[{"floor":13,"key":"White Beast Statue"}],"event_choices":[{"damage_healed":0,"gold_gain":0,"player_choice":"Donut","damage_taken":0,"max_hp_gain":5,"max_hp_loss":0,"event_name":"Big Fish","floor":5,"gold_loss":0},{"cards_removed":["sneckomod:Defend"],"damage_healed":0,"gold_gain":0,"player_choice":"Offered Basic","damage_taken":0,"max_hp_gain":0,"max_hp_loss":0,"event_name":"Bonfire Elementals","floor":6,"gold_loss":0}],"is_beta":false,"boss_relics":[],"items_purged_floors":[],"is_endless":false,"potions_floor_spawned":[3,4,11,13,15],"killed_by":"downfall:Defect","ascension_level":0}}