{"host":"nnqdcpockwq7zc6f","time":1609970045,"event":{"mods":["BaseMod","Better Note","Downfall","Hubris","Minty Spire (QoL Compilation)","Replay The Spire","StSLib","The Bladedancer"],"gold_per_floor":[112,62,62,74,84,112,112,146,146,146,146,6,25,0,0,100,100,100,25,25,25,25,25,25,25,25,25,0,0,0,0,0,0,0,0,0,0,0,0,0,0,0,0,0,0,0,0,0,0,0,0,0],"floor_reached":53,"playtime":3981,"items_purged":["blademaster:Strike"],"score":1481,"play_id":"f5ba76ac-cd6a-4d12-b70c-7a0ef4aa361e","local_time":"20210106145405","is_ascension_mode":false,"campfire_choices":[{"data":"blademaster:AirSlash","floor":7,"key":"SMITH"},{"data":"blademaster:Frontflip","floor":10,"key":"SMITH"},{"floor":15,"key":"REST"},{"floor":24,"key":"REST"},{"data":"blademaster:Breeze","floor":27,"key":"SMITH"},{"data":"blademaster:AspectOfWind","floor":27,"key":"SMITH"},{"data":"blademaster:AirSlash","floor":32,"key":"SMITH"},{"data":"blademaster:RollingTyphoon","floor":32,"key":"SMITH"},{"data":"blademaster:ThreePointStrike","floor":40,"key":"SMITH"},{"data":"blademaster:Stability","floor":40,"key":"SMITH"},{"data":"blademaster:RagingBlow","floor":42,"key":"SMITH"},{"data":"blademaster:ThunderSlash","floor":42,"key":"SMITH"},{"data":"blademaster:HighVoltage","floor":51,"key":"SMITH"},{"data":"blademaster:LightningCrash","floor":51,"key":"SMITH"}],"circlet_count":0,"master_deck":["blademaster:Strike","blademaster:Strike","blademaster:Defend","blademaster:RagingBlow+1","blademaster:HighVoltage+1","blademaster:RollingTyphoon+1","blademaster:AspectOfWind+1","blademaster:AirSlash+1","blademaster:Frontflip+1","Replay:SS_fish_2","blademaster:Stability+1","blademaster:Breeze+1","blademaster:Reversal+1","blademaster:Flash","blademaster:AirSlash+1","blademaster:AirSlash+1","blademaster:Safeguard+1","blademaster:ThreePointStrike+1","blademaster:LightningCrash+1","blademaster:ThunderSlash+1","blademaster:Hailwind+1","blademaster:CombatPrep+1"],"relics":["blademaster:DancersAmulet","NlothsMask","Tiny Chest","Eternal Feather","hubris:Towel","Ectoplasm","Replay:Bottled Steam","Question Card","Torii","Replay:Arrowhead","Empty Cage","Replay:Baseball","hubris:Icosahedron","Counterbalance","Bottled Tornado","Snack Pack"],"acts_visited":["Exordium","TheCity","TheBeyond"],"potions_floor_usage":[6,6,8,45,52,52,52],"damage_taken":[{"damage":2,"enemies":"2 Louse","floor":1,"turns":4},{"damage":0,"enemies":"Jaw Worm","floor":4,"turns":2},{"damage":6,"enemies":"Cultist","floor":5,"turns":4},{"damage":15,"enemies":"Lagavulin","floor":6,"turns":4},{"damage":27,"enemies":"Replay:BlueRogue","floor":8,"turns":5},{"damage":1,"enemies":"Exordium Wildlife","floor":13,"turns":2},{"damage":26,"enemies":"The Guardian","floor":16,"turns":11},{"damage":0,"enemies":"Shell Parasite","floor":18,"turns":3},{"damage":47,"enemies":"Book of Stabbing","floor":23,"turns":6},{"damage":18,"enemies":"Replay:Snechameleon","floor":25,"turns":5},{"damage":12,"enemies":"2 Thieves","floor":28,"turns":3},{"damage":23,"enemies":"Snake Plant","floor":29,"turns":5},{"damage":1,"enemies":"Cultist and Chosen","floor":31,"turns":4},{"damage":8,"enemies":"Pondfish","floor":33,"turns":7},{"damage":15,"enemies":"3 Darklings","floor":35,"turns":4},{"damage":0,"enemies":"Orb Walker","floor":37,"turns":1},{"damage":0,"enemies":"Giant Head","floor":41,"turns":5},{"damage":0,"enemies":"Jaw Worm Horde","floor":44,"turns":2},{"damage":0,"enemies":"Spire Growth","floor":45,"turns":3},{"damage":17,"enemies":"4 Shapes","floor":49,"turns":3},{"damage":10,"enemies":"Awakened One","floor":52,"turns":6}],"seed_played":"5132730889491508899","potions_obtained":[{"floor":1,"key":"Swift Potion"},{"floor":5,"key":"SteroidPotion"},{"floor":6,"key":"Swift Potion"},{"floor":18,"key":"Ancient Potion"},{"floor":31,"key":"BlessingOfTheForge"},{"floor":44,"key":"Swift Potion"},{"floor":45,"key":"Weak Potion"}],"is_trial":false,"path_per_floor":["M","?","?","M","M","E","R","E","T","R","?","$","M","?","R","B",null,"M","$","?","$","T","E","R","E","T","R","M","M","?","M","R","B",null,"M","?","M","T","?","R","E","R","T","M","M","$","PTL","PTL","M","T","R","B",null],"character_chosen":"THE_BLADEMASTER","items_purchased":["Replay:SS_fish_2","blademaster:Stability"],"campfire_rested":2,"item_purchase_floors":[12,12],"current_hp_per_floor":[73,73,73,73,67,52,52,25,25,31,31,31,30,30,61,43,75,75,75,75,75,75,28,59,41,41,50,52,43,43,56,65,63,75,66,66,66,66,66,75,75,75,75,75,75,75,75,75,64,64,75,75],"gold":0,"neow_bonus":"ONE_RANDOM_RARE_CARD","is_daily":false,"chose_seed":false,"campfire_upgraded":12,"win_rate":0.0,"timestamp":1609970045,"path_taken":["M","?","?","M","?","E","R","E","T","R","?","$","M","?","R","BOSS","M","$","?","$","?","E","R","E","T","R","?","M","?","M","R","BOSS","M","?","M","?","?","R","E","R","T","M","?","?","PTL","PTL","M","?","R","BOSS"],"items_purchased_type":["Card","Card"],"build_version":"2020-12-22","purchased_purges":1,"victory":true,"max_hp_per_floor":[75,75,75,75,75,75,75,75,75,75,75,75,75,75,75,75,75,75,75,75,75,75,75,75,75,75,75,75,75,75,75,75,75,75,75,75,75,75,75,75,75,75,75,75,75,75,75,75,75,75,75,75],"card_choices":[{"not_picked":["blademaster:AirSlash","blademaster:Flurry","blademaster:Sunder"],"picked":"SKIP","floor":1},{"not_picked":["blademaster:Sharpen","blademaster:Slice"],"picked":"blademaster:AspectOfWind","floor":4},{"not_picked":["blademaster:Thrust","blademaster:Discharge"],"picked":"blademaster:AirSlash","floor":5},{"not_picked":["blademaster:Stability","blademaster:DaggerAndCloak"],"picked":"blademaster:Frontflip","floor":6},{"not_picked":["blademaster:IcyWind","blademaster:BloodyBlow","blademaster:DancingEdge"],"picked":"SKIP","floor":8},{"not_picked":["blademaster:ChargingUp","blademaster:Quickness","blademaster:ParryingStrike"],"picked":"SKIP","floor":13},{"not_picked":["blademaster:Quickness+1","blademaster:ThunderSlash"],"picked":"blademaster:Breeze","floor":18},{"not_picked":["blademaster:Sharpen","blademaster:AwakeningStrike+1"],"picked":"blademaster:Reversal+1","floor":23},{"not_picked":["blademaster:Slice","blademaster:Blockade","blademaster:Sharpen"],"picked":"blademaster:Flash","floor":25},{"not_picked":["blademaster:Blindside","blademaster:ThunderingOpener","blademaster:CombatPrep"],"picked":"blademaster:AirSlash","floor":28},{"not_picked":["blademaster:SharpBlades+1","blademaster:Frontflip","blademaster:Gust+1"],"picked":"blademaster:AirSlash+1","floor":29},{"not_picked":["blademaster:Slice","blademaster:Sunder","blademaster:HighVoltage"],"picked":"blademaster:Safeguard+1","floor":31},{"not_picked":["blademaster:FlockOfBlades","blademaster:Flash","blademaster:FuryOfTheElements"],"picked":"blademaster:ThreePointStrike","floor":33},{"not_picked":["blademaster:Safeguard","blademaster:ThunderingOpener+1","blademaster:Quickstep","blademaster:Stability+1"],"picked":"SKIP","floor":35},{"not_picked":["blademaster:AspectOfWind","blademaster:ParryingStrike","blademaster:Thrust"],"picked":"blademaster:ThunderSlash","floor":37},{"not_picked":["blademaster:BladeDance","blademaster:ParryingStrike+1","blademaster:SlyStabs","blademaster:Safeguard"],"picked":"SKIP","floor":41},{"not_picked":["blademaster:BladeMastery","blademaster:Frontflip+1","blademaster:AwakeningDefend+1"],"picked":"blademaster:Hailwind+1","floor":44},{"not_picked":["blademaster:Havoc","blademaster:HighVoltage","blademaster:Sharpen"],"picked":"blademaster:CombatPrep+1","floor":45},{"not_picked":["blademaster:OneTrickPony+1","blademaster:Vortex","blademaster:EyeOfTheStorm+1","blademaster:Breeze"],"picked":"SKIP","floor":49}],"player_experience":355706,"relics_obtained":[{"floor":6,"key":"Tiny Chest"},{"floor":6,"key":"blademaster:BonusComboPerk"},{"floor":8,"key":"Eternal Feather"},{"floor":8,"key":"blademaster:BonusFuryPerk"},{"floor":22,"key":"Replay:Bottled Steam"},{"floor":23,"key":"Question Card"},{"floor":23,"key":"blademaster:DextrousPerk"},{"floor":25,"key":"Torii"},{"floor":25,"key":"blademaster:StanceHealPerk"},{"floor":26,"key":"Replay:Arrowhead"},{"floor":38,"key":"Replay:Baseball"},{"floor":41,"key":"Counterbalance"},{"floor":41,"key":"blademaster:FinisherDrawCardPerk"},{"floor":43,"key":"Bottled Tornado"},{"floor":50,"key":"Snack Pack"}],"event_choices":[{"cards_removed":["blademaster:Defend"],"damage_healed":0,"gold_gain":0,"player_choice":"Card Removal","damage_taken":0,"max_hp_gain":0,"max_hp_loss":0,"event_name":"The Cleric","floor":2,"gold_loss":50},{"damage_healed":0,"gold_gain":0,"player_choice":"Trade","damage_taken":0,"relics_obtained":["NlothsMask"],"max_hp_gain":0,"max_hp_loss":0,"event_name":"FaceTrader","floor":3,"gold_loss":0},{"damage_healed":0,"gold_gain":0,"player_choice":"Left Gold","damage_taken":0,"max_hp_gain":0,"max_hp_loss":0,"event_name":"World of Goop","floor":14,"gold_loss":25},{"cards_removed":["blademaster:Strike"],"damage_healed":0,"gold_gain":0,"player_choice":"Purged","damage_taken":0,"max_hp_gain":0,"max_hp_loss":0,"event_name":"Purifier","floor":20,"gold_loss":0},{"cards_removed":["blademaster:Breeze"],"damage_healed":0,"gold_gain":0,"player_choice":"Give","damage_taken":0,"max_hp_gain":0,"max_hp_loss":0,"event_name":"betterNote:BetterNote","floor":30,"gold_loss":0,"cards_obtained":["None"]},{"damage_healed":0,"gold_gain":0,"player_choice":"1 cards matched","damage_taken":0,"max_hp_gain":0,"max_hp_loss":0,"event_name":"Match and Keep!","floor":36,"gold_loss":0,"cards_obtained":["blademaster:LightningCrash"]}],"is_beta":false,"boss_relics":[{"not_picked":["hubris:Backtick","Snecko Eye"],"picked":"Ectoplasm"},{"not_picked":["Pandora\u0027s Box","Replay:Drink Me"],"picked":"Empty Cage"}],"items_purged_floors":[19],"is_endless":false,"potions_floor_spawned":[1,5,6,18,31,44,45],"ascension_level":0}}