{"host":"u21q392b5xaj11fl","time":1609967495,"event":{"mods":["2.2 Compatiblity","Bard","BaseMod","Better Note","Colored Map","Colored Powertips","Conspire","Custom Start","Downfall","Faster Ascension Climbing","Friendly Minions","GifTheSpireLib","Glutton Mod","Gremlin Skip","Highlight Path","Hubris","Infinite Spire","Mad Scientist","Marisa????????","Mimic Mod","Minty Spire (QoL Compilation)","Permanent Neow","Potionbrewer","Quick Restart","READ ME - Guardian Mod","Relic Sorter","Replay The Spire","Shop Mod","Somnambulant","StSLib","Stuff the Spire","SuperFastMode","The Blue Laboratory","The Construct","The Disciple","The Mystic","The Servant 0.9.4","vexMod"],"gold_per_floor":[119,119,119,131,142,142,32,45,69,80,80,80,80,90,90,164,264,248,248,261,261,275,275,275,275],"floor_reached":24,"playtime":962,"items_purged":["construct:DefenseMode"],"score":310,"play_id":"da33c121-5c41-4b24-b91d-8693ca11d261","local_time":"20210106151135","is_ascension_mode":true,"campfire_choices":[{"data":"ReplayTheSpireMod:Armaments MK-II","floor":6.0,"key":"SMITH"},{"data":"construct:Enhance","floor":11.0,"key":"SMITH"},{"data":"construct:HeavyBolt","floor":13.0,"key":"SMITH"},{"data":"construct:SweepLaser","floor":15.0,"key":"SMITH"},{"data":"construct:ClockworkEgg","floor":23,"key":"SMITH"}],"circlet_count":0,"master_deck":["AscendersBane","construct:Strike_Gold","construct:Strike_Gold","construct:Strike_Gold","construct:Strike_Gold","construct:Strike_Gold","construct:Defend_Gold","construct:Defend_Gold","construct:Defend_Gold","construct:Defend_Gold","construct:Defend_Gold","construct:HeavyBolt+1","ReplayTheSpireMod:Armaments MK-II+1","construct:Enhance+1","construct:ChargeShot","construct:SweepLaser+1","construct:ClockworkEgg+1","construct:HyperBeam","construct:MetalShell"],"relics":["NeowsBlessing","Burning Blood","Nunchaku","Replay:Wanted Poster"],"acts_visited":["Exordium","TheCity"],"potions_floor_usage":[],"damage_taken":[{"damage":0.0,"enemies":"Small Slimes","floor":1.0,"turns":1.0},{"damage":0.0,"enemies":"2 Louse","floor":4.0,"turns":2.0},{"damage":0.0,"enemies":"Cultist","floor":5.0,"turns":1.0},{"damage":0.0,"enemies":"2 Fungi Beasts","floor":8.0,"turns":3.0},{"damage":3.0,"enemies":"Looter","floor":10.0,"turns":4.0},{"damage":15.0,"enemies":"Gremlin Gang","floor":14.0,"turns":5.0},{"damage":46.0,"enemies":"Hexaghost","floor":16.0,"turns":14.0},{"damage":15.0,"enemies":"2 Thieves","floor":18.0,"turns":4.0},{"damage":8.0,"enemies":"Chosen","floor":20.0,"turns":6.0},{"damage":22,"enemies":"Centurion and Healer","floor":22,"turns":11},{"damage":21,"enemies":"Slavers","floor":24,"turns":3}],"seed_played":"8922149226003556384","potions_obtained":[{"floor":1.0,"key":"Fire Potion"},{"floor":5.0,"key":"blueLaboratory:HorrorPotion"},{"floor":16.0,"key":"Ancient Potion"},{"floor":22,"key":"blueLaboratory:NullPotion"}],"is_trial":false,"path_per_floor":["M","?","?","M","M","R","$","M","T","M","R","?","R","M","R_BF","B",null,"M","?","M","$","M","R","E"],"character_chosen":"THE_CONSTRUCT_MOD","items_purchased":["construct:ChargeShot"],"campfire_rested":0,"item_purchase_floors":[7],"current_hp_per_floor":[77,77,77,83,85,85,85,85,85,85,85,85,85,76,76,36,73,64,64,62,62,46,46,25,25],"gold":275,"neow_bonus":"THREE_ENEMY_KILL","is_daily":false,"chose_seed":false,"campfire_upgraded":5,"win_rate":0.0,"timestamp":1609967495,"path_taken":["M","?","?","?","M","R","$","M","T","M","R","?","R","M","R_BF","BOSS","M","?","M","?","M","R","E"],"items_purchased_type":["Card"],"build_version":"2020-12-22","purchased_purges":1,"victory":false,"max_hp_per_floor":[85,85,85,85,85,85,85,85,85,85,85,85,85,85,85,85,85,85,85,85,85,85,85,85,85],"card_choices":[{"not_picked":["construct:Enhance","construct:PointDefense"],"picked":"construct:HeavyBolt","floor":1.0},{"not_picked":["construct:Overcharge","construct:Anticipate","construct:HardReboot"],"picked":"SKIP","floor":4.0},{"not_picked":["construct:ShiftStrike","construct:Versatility"],"picked":"construct:Enhance","floor":5.0},{"not_picked":["construct:ClusterMines","construct:FierceBash","construct:ShiftStrike"],"picked":"SKIP","floor":8.0},{"not_picked":["construct:VentSteam","construct:Enhance","construct:Accumulate"],"picked":"SKIP","floor":10.0},{"not_picked":["construct:Versatility","construct:Anticipate"],"picked":"construct:SweepLaser","floor":14.0},{"not_picked":["construct:Reserves","construct:SiegeForm"],"picked":"construct:ClockworkEgg","floor":16.0},{"not_picked":["construct:FierceBash","construct:LaserCore","construct:Anticipate"],"picked":"SKIP","floor":18.0},{"not_picked":["construct:Failsafe","construct:FierceBash"],"picked":"construct:MetalShell","floor":20.0},{"not_picked":["construct:ScrapCannon","construct:ElectricArmor","construct:ChargeShot"],"picked":"SKIP","floor":22}],"player_experience":153181,"relics_obtained":[{"floor":9.0,"key":"Nunchaku"}],"event_choices":[{"cards_removed":["construct:ClockworkEgg"],"damage_healed":0.0,"max_hp_gain":0.0,"max_hp_loss":0.0,"gold_gain":0.0,"event_name":"betterNote:BetterNote","player_choice":"Take \u0026 Give","floor":19.0,"gold_loss":0.0,"damage_taken":0.0,"cards_obtained":["construct:HyperBeam"]}],"is_beta":false,"boss_relics":[{"not_picked":["ChewingGum","expansioncontent:StudyCardRelic"],"picked":"Replay:Wanted Poster"}],"items_purged_floors":[7],"is_endless":false,"potions_floor_spawned":[1,5,16,22],"killed_by":"Slavers","ascension_level":13}}