{"host":"bydnmyvf669xu6ab","time":1609893327,"event":{"mods":["Aspiration","BaseMod","Better Note","BetterRewards","Colored Map","Colored Powertips","Minty Spire (QoL Compilation)","Rare Cards Sparkle","Relic Stats","Shop Mod","StSLib","SuperFastMode","Virulent Crown"],"gold_per_floor":[111,286,234,254,31,31,41,41,41,75,75,75,134,144,144,244,244,262,262,273,70,70,95,95,105,154,188,202,302,329,342,342,442,442,462,472,472,58,68,100,100,118,168,168,168,98,98,124,124,124],"floor_reached":51,"playtime":3753,"items_purged":[],"score":798,"play_id":"b2e7624e-4043-4c0c-b3a9-c2f21114c454","local_time":"20210105163527","is_ascension_mode":true,"campfire_choices":[{"data":"Accuracy","floor":6,"key":"SMITH"},{"data":"Accuracy","floor":8,"key":"SMITH"},{"data":"Blade Dance","floor":11,"key":"SMITH"},{"data":"Blade Dance","floor":15,"key":"SMITH"},{"data":"Footwork","floor":24,"key":"SMITH"},{"data":"Doubt","floor":32,"key":"PURGE"},{"floor":41,"key":"RECALL"},{"data":"Shame","floor":44,"key":"PURGE"},{"data":"Accuracy","floor":47,"key":"SMITH"},{"data":"Catalyst","floor":49,"key":"SMITH"}],"circlet_count":0,"master_deck":["Strike_G","Strike_G","Strike_G","Strike_G","Strike_G","Defend_G","Defend_G","Defend_G","Defend_G","Defend_G+1","Survivor","Neutralize","Blade Dance+1","Deadly Poison","Backstab","Accuracy+1","Accuracy+1","Adrenaline","Blade Dance+1","Infinite Blades","After Image","Calculated Gamble+1","Infinite Blades","Footwork+1","Catalyst+1","Deadly Poison","Deadly Poison","Dodge and Roll","Corpse Explosion","Catalyst","Bouncing Flask","Burst","A Thousand Cuts","Noxious Fumes","Dodge and Roll","Noxious Fumes+1","Blur+1","Madness","Madness","Accuracy+1"],"relics":["Ring of the Serpent","aspiration:Nostalgia","Burning Blood","Potion Belt","Anchor","MealTicket","Meat on the Bone","War Paint","aspiration:VileToxins","Calipers","Peace Pipe","Mercury Hourglass","aspiration:HummingbirdHeart","Philosopher\u0027s Stone","Ginger","Incense Burner","Bronze Scales","Pantograph"],"acts_visited":["Exordium","TheCity","TheBeyond"],"potions_floor_usage":[10,29,40,40,50,50,50,50],"damage_taken":[{"damage":6,"enemies":"2 Louse","floor":1,"turns":4},{"damage":1,"enemies":"Jaw Worm","floor":4,"turns":4},{"damage":0,"enemies":"Small Slimes","floor":7,"turns":2},{"damage":18,"enemies":"Lagavulin","floor":10,"turns":5},{"damage":20,"enemies":"Gremlin Nob","floor":13,"turns":4},{"damage":6,"enemies":"Exordium Thugs","floor":14,"turns":3},{"damage":29,"enemies":"Hexaghost","floor":16,"turns":4},{"damage":0,"enemies":"Chosen","floor":18,"turns":3},{"damage":4,"enemies":"Shell Parasite","floor":20,"turns":4},{"damage":21,"enemies":"Slavers","floor":23,"turns":6},{"damage":1,"enemies":"Centurion and Healer","floor":25,"turns":5},{"damage":22,"enemies":"Gremlin Leader","floor":27,"turns":7},{"damage":18,"enemies":"Shelled Parasite and Fungi","floor":28,"turns":6},{"damage":1,"enemies":"Colosseum Slavers","floor":29,"turns":3},{"damage":0,"enemies":"Colosseum Nobs","floor":29,"turns":4},{"damage":19,"enemies":"Book of Stabbing","floor":30,"turns":4},{"damage":0,"enemies":"Snecko","floor":31,"turns":3},{"damage":27,"enemies":"Champ","floor":33,"turns":6},{"damage":0,"enemies":"3 Shapes","floor":35,"turns":2},{"damage":0,"enemies":"Orb Walker","floor":36,"turns":2},{"damage":0,"enemies":"Transient","floor":39,"turns":5},{"damage":14,"enemies":"Reptomancer","floor":40,"turns":5},{"damage":0,"enemies":"3 Darklings","floor":42,"turns":3},{"damage":55,"enemies":"Nemesis","floor":48,"turns":7},{"damage":56,"enemies":"Awakened One","floor":50,"turns":7}],"seed_played":"972023809495216341","potions_obtained":[{"floor":4,"key":"Poison Potion"},{"floor":10,"key":"EssenceOfSteel"},{"floor":14,"key":"Strength Potion"},{"floor":20,"key":"Swift Potion"},{"floor":23,"key":"LiquidMemories"},{"floor":27,"key":"ColorlessPotion"},{"floor":30,"key":"BlessingOfTheForge"},{"floor":40,"key":"AttackPotion"},{"floor":48,"key":"GamblersBrew"}],"is_trial":false,"path_per_floor":["M","?","$","M","$","R","M","R","T","E","R","?","?","M","R","B",null,"M","?","M","$","?","E","R","M","T","E","M","?","E","M","R","B",null,"M","M","?","$","M","E","R","M","T","R","?","$","R","E","R","B",null],"character_chosen":"THE_SILENT","items_purchased":["Deadly Poison","Accuracy","aspiration:Nostalgia","Footwork","Catalyst","Deadly Poison","Noxious Fumes","Ginger","Dodge and Roll","Accuracy"],"campfire_rested":0,"item_purchase_floors":[3,5,5,21,21,21,38,38,38,46],"current_hp_per_floor":[71,71,71,70,70,70,76,76,76,64,64,69,55,55,55,32,82,82,82,82,82,82,67,67,72,72,56,56,67,54,60,60,51,82,82,82,82,82,82,74,74,80,80,80,70,82,82,45,45,32],"gold":124,"neow_bonus":"TEN_PERCENT_HP_BONUS","is_daily":false,"chose_seed":false,"campfire_upgraded":7,"win_rate":0.0,"timestamp":1609893327,"path_taken":["M","?","$","M","$","R","M","R","T","E","R","?","?","M","R","BOSS","M","?","M","$","?","E","R","M","T","E","M","?","E","M","R","BOSS","M","M","?","?","?","E","R","M","T","R","?","$","R","E","R","BOSS"],"items_purchased_type":["Card","Card","Relic","Card","Card","Card","Card","Relic","Card","Card"],"build_version":"2020-12-22","purchased_purges":0,"victory":true,"max_hp_per_floor":[77,77,77,77,77,77,77,77,77,77,77,82,82,82,82,82,82,82,82,82,82,82,82,82,82,82,82,82,82,82,82,82,82,82,82,82,82,82,82,82,82,82,82,82,82,82,82,82,82,82],"relic_stats":{"Peace Pipe":3,"counters":[475,2443],"Bronze Scales":[721],"Pantograph":25,"MealTicket":12,"Ginger":[1],"War Paint":["Defend_R","Defend_R","Battle Trance","Armaments","Calculated Gamble","Defend_G"],"obtain_stats":[{"Ginger":53,"Whetstone":54,"aspiration:RitualStick":19,"Old Coin":37,"Blood Vial":47,"Sundial":24,"MealTicket":0,"Kunai":0,"GiantMaggot":0,"Blue Candle":34,"Pen Nib":25,"Paper Crane":0,"aspiration:FrozenJewel":12,"aspiration:IroncladSkillbook":34,"SlaversCollar":17,"Pandora\u0027s Box":17,"Unceasing Top":0,"Ring of the Serpent":17,"WizardHat":0,"Regal Pillow":14,"Singing Bowl":0,"StoneCalendar":34,"Rawhide":40,"RoseTintedShades":43,"Ancient Tea Set":47,"Burning Blood":26,"aspiration:FutureDiary":17,"Ring of the Snake":0,"aspiration:VileToxins":21,"Potion Belt":31,"Lee\u0027s Waffle":0,"CherryCoatedStake":0,"Golden Idol":13,"Thread and Needle":0,"PreservedInsect":9,"The Courier":3,"Omamori":0,"Ornamental Fan":10,"Orrery":0,"Turnip":30,"SpikesRelics:DaevaFist":0,"Art of War":45,"Bottled Lightning":9,"Ice Cream":14,"Calipers":27,"Gremlin Horn":9,"Vajra":34,"Centennial Puzzle":54,"HornCleat":41,"SpikesRelics:ToyHorsey":48,"DollysMirror":53,"Strawberry":23,"Philosopher\u0027s Stone":17,"Toxic Egg 2":2,"LugNut":0,"aspiration:Nostalgia":5,"Dead Branch":37,"Oddly Smooth Stone":37,"aspiration:SeaSaltIceCream":26,"BlackRope":17,"War Paint":53,"Question Card":12,"Shuriken":0,"Bronze Scales":5,"Molten Egg 2":43,"CosmicIsotope":34,"Pocketwatch":41,"Meat on the Bone":22,"Darkstone Periapt":22,"SnailShell":43,"RetroEgg":23,"SacredBark":34,"Snake Skull":22,"Juzu Bracelet":0,"Incense Burner":40,"PrismaticShard":25,"ClockworkSouvenir":0,"aspiration:StickyExplosives_weak":7,"Nunchaku":10,"Tough Bandages":11,"Dream Catcher":21,"aspiration:DefectSkillbook":17,"Gambling Chip":9,"Pantograph":48,"RollingBoulder":26,"Red Mask":21,"Runic Pyramid":34,"aspiration:HummingbirdHeart":38,"ToxicTincture":0,"aspiration:SecretTechniqueScroll":17,"Odd Mushroom":8,"Orichalcum":12,"White Beast Statue":54,"Mercury Hourglass":29,"Calling Bell":34,"Peace Pipe":29,"Strange Spoon":0,"Anchor":26,"CaptainsWheel":0,"Bag of Marbles":7,"aspiration:RitualDagger":34,"Membership Card":0,"PureWater":5,"FossilizedHelix":53},{"Ginger":315,"Whetstone":337,"aspiration:RitualStick":393,"Old Coin":308,"Blood Vial":359,"Sundial":299,"MealTicket":338,"Kunai":316,"GiantMaggot":362,"Blue Candle":305,"Pen Nib":300,"Paper Crane":409,"aspiration:FrozenJewel":286,"aspiration:IroncladSkillbook":399,"SlaversCollar":415,"Pandora\u0027s Box":392,"Unceasing Top":428,"Ring of the Serpent":440,"WizardHat":338,"Regal Pillow":369,"Singing Bowl":316,"StoneCalendar":305,"Rawhide":333,"RoseTintedShades":333,"Ancient Tea Set":313,"Burning Blood":300,"aspiration:FutureDiary":276,"Ring of the Snake":0,"aspiration:VileToxins":348,"Potion Belt":398,"Lee\u0027s Waffle":362,"CherryCoatedStake":362,"Golden Idol":286,"Thread and Needle":316,"PreservedInsect":294,"The Courier":430,"Omamori":338,"Ornamental Fan":343,"Orrery":362,"Turnip":378,"SpikesRelics:DaevaFist":288,"Art of War":333,"Bottled Lightning":320,"Ice Cream":345,"Calipers":462,"Gremlin Horn":285,"Vajra":305,"Centennial Puzzle":408,"HornCleat":311,"SpikesRelics:ToyHorsey":359,"DollysMirror":315,"Strawberry":299,"Philosopher\u0027s Stone":346,"Toxic Egg 2":270,"LugNut":281,"aspiration:Nostalgia":431,"Dead Branch":381,"Oddly Smooth Stone":381,"aspiration:SeaSaltIceCream":300,"BlackRope":323,"War Paint":336,"Question Card":390,"Shuriken":316,"Bronze Scales":431,"Molten Egg 2":405,"CosmicIsotope":421,"Pocketwatch":383,"Meat on the Bone":459,"Darkstone Periapt":373,"SnailShell":383,"RetroEgg":349,"SacredBark":353,"Snake Skull":348,"Juzu Bracelet":386,"Incense Burner":472,"PrismaticShard":349,"ClockworkSouvenir":316,"aspiration:StickyExplosives_weak":320,"Nunchaku":321,"Tough Bandages":368,"Dream Catcher":416,"aspiration:DefectSkillbook":295,"Gambling Chip":367,"Pantograph":474,"RollingBoulder":395,"Red Mask":326,"Runic Pyramid":380,"aspiration:HummingbirdHeart":355,"ToxicTincture":338,"aspiration:SecretTechniqueScroll":370,"Odd Mushroom":436,"Orichalcum":438,"White Beast Statue":427,"Mercury Hourglass":465,"Calling Bell":305,"Peace Pipe":465,"Strange Spoon":409,"Anchor":327,"CaptainsWheel":338,"Bag of Marbles":293,"aspiration:RitualDagger":330,"Membership Card":428,"PureWater":431,"FossilizedHelix":315},{"Ginger":1583,"Whetstone":1730,"aspiration:RitualStick":2048,"Old Coin":1539,"Blood Vial":1863,"Sundial":1486,"MealTicket":1739,"Kunai":1588,"GiantMaggot":1891,"Blue Candle":1523,"Pen Nib":1490,"Paper Crane":2130,"aspiration:FrozenJewel":1413,"aspiration:IroncladSkillbook":2076,"SlaversCollar":2161,"Pandora\u0027s Box":2045,"Unceasing Top":2239,"Ring of the Serpent":2294,"WizardHat":1739,"Regal Pillow":1919,"Singing Bowl":1588,"StoneCalendar":1523,"Rawhide":1694,"RoseTintedShades":1694,"Ancient Tea Set":1567,"Burning Blood":1490,"aspiration:FutureDiary":1382,"Ring of the Snake":0,"aspiration:VileToxins":1793,"Potion Belt":2068,"Lee\u0027s Waffle":1891,"CherryCoatedStake":1891,"Golden Idol":1413,"Thread and Needle":1588,"PreservedInsect":1457,"The Courier":2244,"Omamori":1739,"Ornamental Fan":1765,"Orrery":1891,"Turnip":1966,"SpikesRelics:DaevaFist":1428,"Art of War":1694,"Bottled Lightning":1613,"Ice Cream":1775,"Calipers":2387,"Gremlin Horn":1411,"Vajra":1523,"Centennial Puzzle":2122,"HornCleat":1553,"SpikesRelics:ToyHorsey":1863,"DollysMirror":1583,"Strawberry":1486,"Philosopher\u0027s Stone":1784,"Toxic Egg 2":1357,"LugNut":1398,"aspiration:Nostalgia":2248,"Dead Branch":1981,"Oddly Smooth Stone":1981,"aspiration:SeaSaltIceCream":1490,"BlackRope":1636,"War Paint":1722,"Question Card":2033,"Shuriken":1588,"Bronze Scales":2248,"Molten Egg 2":2099,"CosmicIsotope":2196,"Pocketwatch":1992,"Meat on the Bone":2369,"Darkstone Periapt":1937,"SnailShell":1992,"RetroEgg":1800,"SacredBark":1828,"Snake Skull":1793,"Juzu Bracelet":2013,"Incense Burner":2427,"PrismaticShard":1800,"ClockworkSouvenir":1588,"aspiration:StickyExplosives_weak":1613,"Nunchaku":1619,"Tough Bandages":1912,"Dream Catcher":2166,"aspiration:DefectSkillbook":1466,"Gambling Chip":1908,"Pantograph":2436,"RollingBoulder":2057,"Red Mask":1654,"Runic Pyramid":1978,"aspiration:HummingbirdHeart":1839,"ToxicTincture":1739,"aspiration:SecretTechniqueScroll":1926,"Odd Mushroom":2272,"Orichalcum":2282,"White Beast Statue":2231,"Mercury Hourglass":2400,"Calling Bell":1523,"Peace Pipe":2400,"Strange Spoon":2130,"Anchor":1659,"CaptainsWheel":1739,"Bag of Marbles":1452,"aspiration:RitualDagger":1679,"Membership Card":2239,"PureWater":2248,"FossilizedHelix":1583}],"Burning Blood":1085,"Meat on the Bone":48,"Mercury Hourglass":[167]},"card_choices":[{"not_picked":["Prepared","Deflect"],"picked":"Blade Dance","floor":1},{"not_picked":["Setup","Dagger Spray"],"picked":"Backstab","floor":4},{"not_picked":["Terror","Dodge and Roll"],"picked":"Accuracy","floor":7},{"not_picked":["Dagger Spray","Flechettes"],"picked":"Adrenaline","floor":10},{"not_picked":["Well Laid Plans","Riddle With Holes"],"picked":"Blade Dance","floor":13},{"not_picked":["Dagger Throw","Well Laid Plans"],"picked":"Infinite Blades","floor":14},{"not_picked":["Unload","Adrenaline"],"picked":"After Image","floor":16},{"not_picked":["Flying Knee","PiercingWail+1"],"picked":"Calculated Gamble","floor":18},{"not_picked":["Leg Sweep+1","Underhanded Strike"],"picked":"Infinite Blades","floor":20},{"not_picked":["Flying Knee+1","Dagger Spray"],"picked":"Deadly Poison","floor":23},{"not_picked":["Dagger Throw","Concentrate"],"picked":"Dodge and Roll","floor":25},{"not_picked":["Deflect","Dagger Throw"],"picked":"Corpse Explosion","floor":27},{"not_picked":["All Out Attack","Sucker Punch","Dagger Spray"],"picked":"SKIP","floor":28},{"not_picked":["Expertise","Underhanded Strike+1"],"picked":"Catalyst","floor":29},{"not_picked":["Night Terror","Blade Dance"],"picked":"Bouncing Flask","floor":30},{"not_picked":["Dagger Throw","Endless Agony+1","Concentrate"],"picked":"SKIP","floor":31},{"not_picked":["Storm of Steel","aspiration:Lunge"],"picked":"Burst","floor":33},{"not_picked":["Prepared","Leg Sweep+1","Dagger Spray"],"picked":"SKIP","floor":35},{"not_picked":["Underhanded Strike","Choke"],"picked":"PiercingWail","floor":36},{"not_picked":["Blade Dance","Dodge and Roll"],"picked":"Noxious Fumes+1","floor":39},{"not_picked":["Reflex+1","Footwork+1"],"picked":"Blur+1","floor":40},{"not_picked":["Slice","Predator","PiercingWail"],"picked":"SKIP","floor":42},{"not_picked":["Endless Agony","Slice+1","Predator+1"],"picked":"SKIP","floor":48}],"player_experience":2156993,"relics_obtained":[{"floor":9,"key":"Potion Belt"},{"floor":10,"key":"Anchor"},{"floor":13,"key":"MealTicket"},{"floor":23,"key":"War Paint"},{"floor":26,"key":"aspiration:VileToxins"},{"floor":27,"key":"Calipers"},{"floor":29,"key":"Peace Pipe"},{"floor":29,"key":"Mercury Hourglass"},{"floor":30,"key":"aspiration:HummingbirdHeart"},{"floor":40,"key":"Incense Burner"},{"floor":43,"key":"Bronze Scales"},{"floor":48,"key":"Pantograph"}],"event_choices":[{"damage_healed":0,"gold_gain":175,"player_choice":"AGREE","damage_taken":0,"max_hp_gain":0,"max_hp_loss":0,"event_name":"Liars Game","floor":2,"gold_loss":0,"cards_obtained":["Doubt"]},{"damage_healed":0,"gold_gain":0,"player_choice":"Donut","damage_taken":0,"max_hp_gain":5,"max_hp_loss":0,"event_name":"Big Fish","floor":12,"gold_loss":0},{"damage_healed":0,"gold_gain":30,"player_choice":"Searched \u00272\u0027 times","damage_taken":0,"max_hp_gain":0,"max_hp_loss":0,"event_name":"Dead Adventurer","floor":13,"gold_loss":0},{"damage_healed":0,"gold_gain":0,"player_choice":"Ignored","damage_taken":0,"max_hp_gain":0,"max_hp_loss":0,"event_name":"betterNote:BetterNote","floor":19,"gold_loss":0,"cards_obtained":["Barricade"]},{"damage_healed":0,"gold_gain":0,"player_choice":"Stole Relic","damage_taken":0,"relics_obtained":["Meat on the Bone"],"max_hp_gain":0,"max_hp_loss":0,"event_name":"Addict","floor":22,"gold_loss":0,"cards_obtained":["Shame"]},{"damage_healed":0,"gold_gain":0,"player_choice":"Fight","damage_taken":0,"max_hp_gain":0,"max_hp_loss":0,"event_name":"Colosseum","floor":29,"gold_loss":0},{"damage_healed":0,"gold_gain":0,"player_choice":"Fought Nobs","damage_taken":0,"max_hp_gain":0,"max_hp_loss":0,"event_name":"Colosseum","floor":29,"gold_loss":0},{"damage_healed":0,"gold_gain":0,"cards_transformed":["PiercingWail"],"player_choice":"Transformed","damage_taken":0,"max_hp_gain":0,"max_hp_loss":0,"event_name":"Transmorgrifier","floor":37,"gold_loss":0,"cards_obtained":["A Thousand Cuts"]},{"damage_healed":0,"gold_gain":0,"player_choice":"Embrace Madness","damage_taken":10,"max_hp_gain":0,"max_hp_loss":0,"event_name":"Winding Halls","floor":45,"gold_loss":0,"cards_obtained":["Madness","Madness"]}],"is_beta":false,"boss_relics":[{"not_picked":["aspiration:RunicSpoon","Snecko Eye"],"picked":"Ring of the Serpent"},{"not_picked":["aspiration:IroncladSkillbook","aspiration:PoetsPen_weak"],"picked":"Philosopher\u0027s Stone"}],"items_purged_floors":[],"is_endless":false,"potions_floor_spawned":[4,10,14,20,23,27,28,29,30,35,40,48],"ascension_level":1}}