{"host":"gsmj583br51y3r1c","time":1609924665,"event":{"mods":["AchievementEnabler","BaseMod","Better Note","Colored Map","Downfall","Hermit","Highlight Path","Hubris","Infinite Spire","Marisa????????","Minty Spire (QoL Compilation)","Permanent Neow","Quick Restart","StSLib","The Bug Knight","The Cursed","The Disciple","The Marked","The Mystic","The Runesmith","The Servant 0.9.4","everything is the same but u backflip on backflip"],"gold_per_floor":[124,149,165,190,216,216,277,293,293,258,258,288,288,338,338,338,338],"floor_reached":16,"playtime":1434,"items_purged":[],"score":106,"play_id":"15583b8a-ab45-4bec-89f9-55b5716e37bf","local_time":"20210106111745","is_ascension_mode":false,"campfire_choices":[{"data":"hermit:LoneWolf","floor":6,"key":"SMITH"},{"data":"hermit:TakeCover","floor":15,"key":"SMITH"}],"circlet_count":0,"master_deck":["hermit:Strike_Hermit","hermit:Strike_Hermit","hermit:Strike_Hermit","hermit:Strike_Hermit","hermit:Defend_Hermit","hermit:Defend_Hermit","hermit:Defend_Hermit","hermit:Defend_Hermit","hermit:Snapshot","hermit:Covet","Shame","hermit:DeadOrAlive","hermit:LoneWolf+1","hermit:PistolWhip","hermit:Showdown","hermit:FlashPowder","hermit:Headshot","hermit:Enervate","hermit:Determination","hermit:BigShot","hermit:WideOpen","hermit:DeadOrAlive","hermit:Strike_Hermit","hermit:TakeCover+1"],"relics":["hermit:Momento","infinitespire:CursedDice","Question Card","hubris:Icosahedron"],"acts_visited":["Exordium"],"potions_floor_usage":[7,16,16],"damage_taken":[{"damage":1.0,"enemies":"Jaw Worm","floor":1.0,"turns":4.0},{"damage":0.0,"enemies":"2 Louse","floor":2.0,"turns":3.0},{"damage":1.0,"enemies":"Cultist","floor":3.0,"turns":3.0},{"damage":7,"enemies":"3 Louse","floor":4,"turns":2},{"damage":3,"enemies":"Large Slime","floor":5,"turns":8},{"damage":17,"enemies":"3 Sentries","floor":7,"turns":7},{"damage":9,"enemies":"Looter","floor":8,"turns":3},{"damage":3,"enemies":"Exordium Wildlife","floor":12,"turns":3},{"damage":1,"enemies":"3 Louse","floor":14,"turns":3},{"damage":49,"enemies":"The Guardian","floor":16,"turns":7}],"seed_played":"-1706146854648531449","potions_obtained":[{"floor":1.0,"key":"BlessingOfTheForge"},{"floor":2.0,"key":"Dexterity Potion"},{"floor":7,"key":"DuplicationPotion"},{"floor":12,"key":"champ:CounterPotion"},{"floor":14,"key":"DistilledChaos"}],"is_trial":false,"path_per_floor":["M","M","M","M","M","R","E","M","T","?","?","M","?","M","R","B"],"character_chosen":"HERMIT","items_purchased":[],"campfire_rested":0,"item_purchase_floors":[],"current_hp_per_floor":[74,74,73,66,63,63,46,37,37,55,55,52,52,51,51,2,2],"gold":338,"neow_bonus":"THREE_RARE_CARDS","is_daily":false,"chose_seed":false,"campfire_upgraded":2,"win_rate":0.0,"timestamp":1609924665,"path_taken":["M","M","M","M","M","R","E","M","T","?","?","M","?","?","R","BOSS"],"items_purchased_type":[],"build_version":"2020-12-22","purchased_purges":0,"victory":false,"max_hp_per_floor":[75,75,75,75,75,75,75,75,75,75,75,75,75,75,75,75,75],"card_choices":[{"not_picked":["hermit:OverwhelmingPower","hermit:FromBeyond"],"picked":"hermit:DeadOrAlive","floor":0.0},{"not_picked":["hermit:HoleUp","hermit:Ricochet"],"picked":"hermit:LoneWolf","floor":1.0},{"not_picked":["hermit:TakeAim","hermit:Vantage"],"picked":"hermit:PistolWhip","floor":2.0},{"not_picked":["hermit:Coalescence","hermit:EyeOfTheStorm"],"picked":"hermit:Showdown","floor":3.0},{"not_picked":["hermit:HoleUp","hermit:Coalescence"],"picked":"hermit:FlashPowder","floor":4},{"not_picked":["hermit:WideOpen","hermit:LuckOfTheDraw"],"picked":"hermit:Headshot","floor":5},{"not_picked":["hermit:Horror","hermit:HighCaliber"],"picked":"hermit:Enervate","floor":7},{"not_picked":["hermit:HoleUp","hermit:LowProfile"],"picked":"hermit:Determination","floor":8},{"not_picked":["hermit:Malice","hermit:FullyLoaded","hermit:Coalescence"],"picked":"hermit:BigShot","floor":12},{"not_picked":["hermit:GhostlyPresence","hermit:Manifest","hermit:Spite"],"picked":"hermit:TakeCover","floor":14}],"player_experience":335783,"relics_obtained":[{"floor":7,"key":"infinitespire:CursedDice"},{"floor":9,"key":"Question Card"}],"event_choices":[{"damage_healed":18,"gold_gain":0,"player_choice":"Healed","damage_taken":0,"max_hp_gain":0,"max_hp_loss":0,"event_name":"The Cleric","floor":10,"gold_loss":35},{"damage_healed":0,"gold_gain":0,"player_choice":"3 cards matched","damage_taken":0,"max_hp_gain":0,"max_hp_loss":0,"event_name":"Match and Keep!","floor":13,"gold_loss":0,"cards_obtained":["hermit:WideOpen","hermit:DeadOrAlive","hermit:Strike_Hermit"]}],"is_beta":false,"boss_relics":[],"items_purged_floors":[],"is_endless":false,"potions_floor_spawned":[1,2,7,12,14],"killed_by":"The Guardian","ascension_level":0}}