{"host":"2i0myh7fqij2ti1z","time":1609915922,"event":{"mods":["Aspiration","BaseMod","Better Third Choice","Colored Powertips","FoggyMod","Highlight Path","Minty Spire (QoL Compilation)","Permanent Neow","Quick Restart","Random Character Button","Random Character Mod","Relic Sorter","Replay The Spire","Shop Mod","Spicy Shops","StSLib","Transform Curses","Wandering Minibosses","vexMod"],"gold_per_floor":[112,112,8976,8976,7963,7995,6148,6173,6173,6198,6223,5061,5090,5109,5109,5213,5213,5232,3942,3942,3852,3177,3205,3205,3230,3256,3291,3709,3756,3855,3894,3894,4028,4028,4062,4062,3031,1993,1993,2038,2093,2149,2173,2224,2224,2277,2170,2270,2270,2296],"floor_reached":51,"playtime":3097,"items_purged":["Pain","Strike_B","Defend_B","Defend_B","Strike_B","Defend_B","Strike_B","Strike_B+1","Gash"],"score":1358,"play_id":"e15bf271-3f04-4d2b-acd5-e0e6b7d098ce","local_time":"20210106145202","daily_mods":["Specialized","Time Dilation","Elite Swarm"],"is_ascension_mode":true,"campfire_choices":[{"data":"Crow Ritual","floor":15,"key":"SMITH"},{"data":"Scrape","floor":24,"key":"SMITH"},{"data":"Scrape","floor":32,"key":"SMITH"},{"data":"Reboot","floor":32,"key":"SMITH"},{"data":"Seek","floor":45,"key":"SMITH"},{"data":"Seek","floor":45,"key":"SMITH"},{"data":"Seek","floor":49,"key":"SMITH"},{"data":"Echo Form","floor":49,"key":"SMITH"}],"circlet_count":0,"master_deck":["Defend_B+1","Dualcast+1","Scrape+1","Scrape+1","Scrape+1","Scrape+1","Scrape+1","Gash+1","Master of Strategy+1","Mind Blast+1","Reboot+1","Crow Ritual+1","Echo Form+1","Machine Learning+1","ReplayTheSpireMod:Brewmster+1","Hologram+1","Sweeping Beam+1","Scrape+1","Scrape+1","Seek+1","All For One","Seek+1","Seek+1","Machine Learning+1"],"relics":["Cracked Core","Ring of Chaos","Simple Rune","MealTicket","Pet Ghost","ReplayFunnel","Guide Book","Lee\u0027s Waffle","Shuriken","aspiration:AnachronicSnailShell","Sling","aspiration:Lifesprig","Toy Ornithopter","Pen Nib","Runic Capacitor","Calipers","Onion Ring","Quantum Egg","StrikeDummy","Toolbox","WingedGreaves","Bag of Preparation","Odd Mushroom","Replay:Wax Seal","Replay:Frozen Program","Frozen Egg 2","aspiration:HatOfInfinitePower","Replay:Antivirus Software","vexMod:GhostlyGear","Omamori","vexMod:TanglingVine","Replay:Mystery Machine","Replay:Rubber Ducky","vexMod:FocusSash","Nunchaku","vexMod:PaidLearning","ReplayTheSpireMod:ShopPack","aspiration:RitualStick","Juzu Bracelet","Potion Belt","War Paint","Bird Faced Urn","PreservedInsect","Replay:Bandana","Akabeko","Prayer Wheel","Old Coin","Replay:Bottled Flurry","Replay:Arrowhead","Pondfish Scales","Prayer Wheel","Coffee Dripper","Symbiotic Virus","vexMod:Dragonfruit","ClockworkSouvenir","Centennial Puzzle","Ancient Tea Set","Strawberry","aspiration:ChemicalBlood","DollysMirror","Whetstone","aspiration:FetidBarrel","Vajra","CeramicFish","Happy Flower","The Courier","FossilizedHelix","Blood Vial"],"acts_visited":["Exordium","TheCity","TheBeyond"],"potions_floor_usage":[7,40,40,50,50],"damage_taken":[{"damage":0,"enemies":"2 Louse","floor":1,"turns":2},{"damage":5,"enemies":"Lagavulin","floor":6,"turns":3},{"damage":0,"enemies":"Gremlin Nob","floor":8,"turns":2},{"damage":0,"enemies":"The Mushroom Lair","floor":10,"turns":2},{"damage":0,"enemies":"Lagavulin","floor":11,"turns":2},{"damage":5,"enemies":"3 Sentries","floor":13,"turns":2},{"damage":0,"enemies":"Cultist","floor":14,"turns":2},{"damage":0,"enemies":"Slime Boss","floor":16,"turns":2},{"damage":7,"enemies":"2 Thieves","floor":18,"turns":2},{"damage":6,"enemies":"Slavers","floor":23,"turns":2},{"damage":0,"enemies":"Gremlin Leader","floor":25,"turns":1},{"damage":0,"enemies":"Slavers","floor":27,"turns":2},{"damage":0,"enemies":"Colosseum Slavers","floor":28,"turns":1},{"damage":0,"enemies":"Colosseum Nobs","floor":28,"turns":2},{"damage":0,"enemies":"Book of Stabbing","floor":29,"turns":1},{"damage":0,"enemies":"Gremlin Leader","floor":31,"turns":1},{"damage":0,"enemies":"Champ","floor":33,"turns":3},{"damage":0,"enemies":"3 Darklings","floor":35,"turns":1},{"damage":0,"enemies":"R_Hoarder","floor":40,"turns":1},{"damage":0,"enemies":"Giant Head","floor":41,"turns":2},{"damage":0,"enemies":"R_Hoarder","floor":42,"turns":2},{"damage":0,"enemies":"Nemesis","floor":44,"turns":1},{"damage":0,"enemies":"R_Hoarder","floor":46,"turns":1},{"damage":0,"enemies":"Replay:Hell Engine","floor":50,"turns":1}],"seed_played":"4453640814732691894","potions_obtained":[{"floor":6,"key":"GamblersBrew"},{"floor":10,"key":"ColorlessPotion"},{"floor":23,"key":"Toxic Potion"},{"floor":25,"key":"Elixir"},{"floor":41,"key":"Adrenaline Potion"},{"floor":42,"key":"SkillPotion"}],"is_trial":true,"path_per_floor":["M","?","$","?","$","E","$","E","T","?","E","$","E","M","R","B",null,"M","$","?","?","$","E","R","E","T","E","?","E","?","E","R","B",null,"M","?","$","$","?","E","E","E","T","E","R","E","?","?","R","B",null],"character_chosen":"DEFECT","items_purchased":["MealTicket","Pet Ghost","ReplayFunnel","Gash","Master of Strategy","Guide Book","Lee\u0027s Waffle","Shuriken","aspiration:AnachronicSnailShell","Sling","aspiration:Lifesprig","Toy Ornithopter","Mind Blast","Runic Capacitor","Gash","Crow Ritual","Calipers","Onion Ring","Quantum Egg","StrikeDummy","Toolbox","Fruit Juice","Replay:Frozen Program","Frozen Egg 2","aspiration:HatOfInfinitePower","Replay:Antivirus Software","vexMod:GhostlyGear","Replay:Mystery Machine","Replay:Rubber Ducky","vexMod:FocusSash","Nunchaku","ReplayTheSpireMod:Brewmster+1","Hologram","vexMod:PaidLearning","ReplayTheSpireMod:ShopPack","Juzu Bracelet","Potion Belt","War Paint","Symbiotic Virus","vexMod:Dragonfruit","ClockworkSouvenir","Centennial Puzzle","Ancient Tea Set","Strawberry","aspiration:ChemicalBlood","DollysMirror","Whetstone"],"campfire_rested":0,"item_purchase_floors":[3,3,3,3,3,3,3,3,5,5,5,5,5,7,7,7,7,7,7,7,7,7,12,12,12,12,12,19,19,19,19,19,19,19,19,22,22,22,37,37,37,37,38,38,38,38,38],"current_hp_per_floor":[75,75,82,75,82,77,87,87,87,87,87,87,82,82,82,82,87,80,87,70,70,85,79,79,83,83,87,87,87,87,87,87,87,87,87,83,88,95,95,95,95,95,95,95,95,95,95,95,95,95],"gold":2296,"neow_bonus":"","is_daily":false,"chose_seed":false,"campfire_upgraded":8,"win_rate":0.0,"timestamp":1609915922,"path_taken":["M","?","$","?","$","E","?","E","T","?","E","$","E","?","R","BOSS","M","$","?","?","$","E","R","E","T","E","?","E","?","E","R","BOSS","M","?","$","$","?","E","E","E","T","E","R","E","?","?","R","BOSS"],"items_purchased_type":["Relic","Relic","Relic","Card","Card","Relic","Relic","Relic","Relic","Relic","Relic","Relic","Card","Relic","Card","Card","Relic","Relic","Relic","Relic","Relic","Potion","Relic","Relic","Relic","Relic","Relic","Relic","Relic","Relic","Relic","Card","Card","Relic","Relic","Relic","Relic","Relic","Relic","Relic","Relic","Relic","Relic","Relic","Relic","Relic","Relic"],"build_version":"2020-12-22","purchased_purges":9,"victory":true,"max_hp_per_floor":[75,75,82,82,82,82,87,87,87,87,87,87,87,87,87,87,87,87,87,87,87,87,87,87,87,87,87,87,87,87,87,87,87,87,87,83,88,95,95,95,95,95,95,95,95,95,95,95,95,95],"card_choices":[{"not_picked":["Leap","Coolheaded","Steam"],"picked":"SKIP","floor":1},{"not_picked":["Rainbow","Biased Cognition"],"picked":"Reboot","floor":6},{"not_picked":["Fission","Reboot"],"picked":"Echo Form","floor":8},{"not_picked":["Fission","ReplayTheSpireMod:Omega Cannon","Biased Cognition"],"picked":"SKIP","floor":11},{"not_picked":["Thunder Strike","Core Surge"],"picked":"Machine Learning+1","floor":13},{"not_picked":["Tempest","Fusion","Cold Snap"],"picked":"SKIP","floor":14},{"not_picked":["BasicCrystalCard","ReplayTheSpireMod:System Scan+1","Stack+1"],"picked":"SKIP","floor":18},{"not_picked":["Biased Cognition+1","Multi-Cast","Amplify"],"picked":"SKIP","floor":23},{"not_picked":["Hyperbeam","Creative AI+1"],"picked":"ReplayTheSpireMod:Fabricate Wheel","floor":25},{"not_picked":["Machine Learning+1","Multi-Cast","Amplify"],"picked":"SKIP","floor":27},{"not_picked":["ReplayTheSpireMod:Reroute Power+1","Glacier+1"],"picked":"Sweeping Beam","floor":28},{"not_picked":["Creative AI+1","Hyperbeam","Core Surge"],"picked":"SKIP","floor":29},{"not_picked":["Biased Cognition+1","All For One"],"picked":"ReplayTheSpireMod:Fabricate Wheel","floor":31},{"not_picked":["Compile Driver+1","Leap"],"picked":"Scrape+1","floor":35},{"not_picked":["Hologram","FIFO Queue+1","Redo"],"picked":"SKIP","floor":35},{"not_picked":["Panic Button","Beam Cell","Conserve Battery"],"picked":"SKIP","floor":35},{"not_picked":["Creative AI+1","Buffer+1"],"picked":"Seek","floor":40},{"not_picked":["Electrodynamics+1","Multi-Cast"],"picked":"All For One","floor":41},{"not_picked":["Fission","Buffer+1"],"picked":"Seek","floor":42},{"not_picked":["Meteor Strike","ReplayTheSpireMod:Omega Cannon"],"picked":"Seek","floor":44},{"not_picked":["ReplayTheSpireMod:Omega Cannon","ReplayTheSpireMod:Fabricate Wheel"],"picked":"Machine Learning+1","floor":46}],"player_experience":200717,"relics_obtained":[{"floor":6,"key":"Pen Nib"},{"floor":8,"key":"WingedGreaves"},{"floor":9,"key":"Bag of Preparation"},{"floor":10,"key":"Odd Mushroom"},{"floor":11,"key":"Replay:Wax Seal"},{"floor":13,"key":"Omamori"},{"floor":23,"key":"Bird Faced Urn"},{"floor":25,"key":"PreservedInsect"},{"floor":26,"key":"Replay:Bandana"},{"floor":27,"key":"Akabeko"},{"floor":28,"key":"Old Coin"},{"floor":28,"key":"Replay:Bottled Flurry"},{"floor":29,"key":"Replay:Arrowhead"},{"floor":31,"key":"Pondfish Scales"},{"floor":40,"key":"aspiration:FetidBarrel"},{"floor":41,"key":"Vajra"},{"floor":42,"key":"CeramicFish"},{"floor":43,"key":"Happy Flower"},{"floor":44,"key":"The Courier"},{"floor":46,"key":"FossilizedHelix"}],"event_choices":[{"damage_healed":0,"gold_gain":0,"player_choice":"Box","damage_taken":0,"relics_obtained":["Simple Rune"],"max_hp_gain":0,"max_hp_loss":0,"event_name":"Big Fish","floor":2,"gold_loss":0,"cards_obtained":["Regret"]},{"cards_removed":["Regret"],"damage_healed":0,"gold_gain":0,"player_choice":"Card Removal","damage_taken":7,"max_hp_gain":0,"max_hp_loss":0,"event_name":"Golden Wing","floor":4,"gold_loss":0},{"damage_healed":0,"gold_gain":0,"player_choice":"Fought Mushrooms","damage_taken":0,"max_hp_gain":0,"max_hp_loss":0,"event_name":"Mushrooms","floor":10,"gold_loss":0},{"cards_removed":["Zap"],"damage_healed":0,"gold_gain":0,"player_choice":"Upgrade and Remove","damage_taken":0,"max_hp_gain":0,"max_hp_loss":0,"event_name":"Designer","floor":21,"gold_loss":90,"cards_upgraded":["Gash"]},{"damage_healed":0,"gold_gain":0,"player_choice":"Fight","damage_taken":0,"max_hp_gain":0,"max_hp_loss":0,"event_name":"Colosseum","floor":28,"gold_loss":0},{"damage_healed":0,"gold_gain":0,"player_choice":"Fought Nobs","damage_taken":0,"max_hp_gain":0,"max_hp_loss":0,"event_name":"Colosseum","floor":28,"gold_loss":0},{"damage_healed":0,"gold_gain":99,"player_choice":"Steal","damage_taken":0,"max_hp_gain":0,"max_hp_loss":0,"event_name":"betterThird:BetterNest","floor":30,"gold_loss":0},{"damage_healed":0,"gold_gain":0,"player_choice":"Max HP","damage_taken":0,"max_hp_gain":0,"max_hp_loss":4,"event_name":"Winding Halls","floor":36,"gold_loss":0},{"damage_healed":0,"gold_gain":0,"player_choice":"Paid Gold","damage_taken":0,"relics_obtained":["Blood Vial"],"max_hp_gain":0,"max_hp_loss":0,"event_name":"WeMeetAgain","floor":47,"gold_loss":107},{"damage_healed":0,"gold_gain":100,"player_choice":"Pray","damage_taken":0,"max_hp_gain":0,"max_hp_loss":0,"event_name":"Golden Shrine","floor":48,"gold_loss":0}],"is_beta":false,"boss_relics":[{"not_picked":["vexMod:BigBerry","Pandora\u0027s Box"],"picked":"vexMod:TanglingVine"},{"not_picked":["SlaversCollar","aspiration:FutureDiary"],"picked":"Coffee Dripper"}],"items_purged_floors":[3,5,5,7,12,19,22,37,38],"is_endless":false,"potions_floor_spawned":[6,10,23,25,27,28,31,41,42,44],"ascension_level":1}}