{"host":"eydwxg59205c3vtl","time":1609895049,"event":{"mods":["2.2 Compatiblity","BaseMod","Colored Map","Colored Powertips","Hubris","Minty Spire (QoL Compilation)","StSLib","The Jungle","The Necromancer"],"gold_per_floor":[111,186,361,371,371,371,389,403,430,430,68,68,80,80,80,175,175,192,205,205,215,226,253,253,253,303,320,320,349,362,362,362],"floor_reached":31,"playtime":1287,"items_purged":["Doubt"],"score":317,"play_id":"ff21f99a-22d5-44a8-b8df-56cce964719c","local_time":"20210105200409","is_ascension_mode":false,"campfire_choices":[{"data":"1","floor":6.0,"key":"LIFT"},{"data":"2","floor":12.0,"key":"LIFT"},{"data":"3","floor":15.0,"key":"LIFT"},{"floor":24,"key":"REST"},{"floor":28,"key":"REST"}],"circlet_count":0,"master_deck":["Strike_P+1","Strike_P+1","Strike_P+1","Strike_P+1","Defend_P+1","Defend_P+1","Defend_P+1","Defend_P+1","Eruption","Vigilance","Evaluate","FollowUp","ThirdEye","FearNoEvil","FlyingSleeves","Devotion+1","CurseOfTheBell","Pray","CutThroughFate","EmptyFist","ConjureBlade","Wallop+1","SashWhip+1","Devotion+1","CarveReality"],"relics":["PureWater","Girya","Frozen Egg 2","MealTicket","Incense Burner","hubris:CuriousFeather","Calling Bell","hubris:GlazedTorus","Question Card","Boot","Damaru","CultistMask","Bronze Scales","Omamori"],"acts_visited":["Exordium","TheCity"],"potions_floor_usage":[22,23,29],"damage_taken":[{"damage":1.0,"enemies":"Jaw Worm","floor":1.0,"turns":3.0},{"damage":8.0,"enemies":"Small Slimes","floor":4.0,"turns":7.0},{"damage":2.0,"enemies":"Cultist","floor":7.0,"turns":4.0},{"damage":0.0,"enemies":"3 Louse","floor":8.0,"turns":1.0},{"damage":2.0,"enemies":"Blue Slaver","floor":13.0,"turns":4.0},{"damage":0.0,"enemies":"Slime Boss","floor":16.0,"turns":6.0},{"damage":7.0,"enemies":"3 Byrds","floor":18.0,"turns":4.0},{"damage":18.0,"enemies":"Shell Parasite","floor":19.0,"turns":6.0},{"damage":0,"enemies":"Snake Plant","floor":21,"turns":2},{"damage":1,"enemies":"3 Cultists","floor":22,"turns":4},{"damage":27,"enemies":"Gremlin Leader","floor":23,"turns":5},{"damage":2,"enemies":"Cultist and Chosen","floor":27,"turns":4},{"damage":22,"enemies":"Slavers","floor":29,"turns":4},{"damage":10,"enemies":"Chosen and Byrds","floor":30,"turns":4},{"damage":22,"enemies":"Colosseum Slavers","floor":31,"turns":2}],"seed_played":"-2055159830657195669","potions_obtained":[{"floor":4.0,"key":"Strength Potion"},{"floor":7.0,"key":"Fire Potion"},{"floor":16.0,"key":"Explosive Potion"},{"floor":19.0,"key":"Explosive Potion"},{"floor":21,"key":"DistilledChaos"},{"floor":27,"key":"StancePotion"}],"is_trial":false,"path_per_floor":["M","?","?","M","?","R","M","M","T","?","$","R","M","$","R","B",null,"M","M","?","M","M","E","R","?","T","M","R","E","M","?"],"character_chosen":"WATCHER","items_purchased":["hubris:CuriousFeather"],"campfire_rested":2,"item_purchase_floors":[11],"current_hp_per_floor":[64,53,53,45,27,27,25,25,25,25,40,40,38,53,53,53,65,58,40,40,40,39,12,31,31,31,29,48,26,16,0,0],"gold":362,"neow_bonus":"ONE_RARE_RELIC","is_daily":false,"chose_seed":false,"campfire_upgraded":0,"win_rate":0.0,"timestamp":1609895049,"path_taken":["M","?","?","M","?","R","M","?","T","?","$","R","?","$","R","BOSS","M","M","?","M","M","E","R","?","T","M","R","E","?","?"],"items_purchased_type":["Relic"],"build_version":"2020-12-22","purchased_purges":1,"victory":false,"max_hp_per_floor":[65,65,65,65,65,65,65,65,65,65,65,65,65,65,65,65,65,65,65,65,65,65,65,65,65,65,65,65,65,65,65,65],"card_choices":[{"not_picked":["ReachHeaven","Swivel"],"picked":"Evaluate","floor":1.0},{"not_picked":["Protect","FlurryOfBlows"],"picked":"FollowUp","floor":4.0},{"not_picked":["Study+1","EmptyBody"],"picked":"ThirdEye","floor":7.0},{"not_picked":["WaveOfTheHand","Sanctity"],"picked":"FearNoEvil","floor":8.0},{"not_picked":["Crescendo","CrushJoints"],"picked":"FlyingSleeves","floor":13.0},{"not_picked":["LessonLearned","ConjureBlade"],"picked":"Devotion+1","floor":16.0},{"not_picked":["Crescendo","Weave","JustLucky"],"picked":"Pray","floor":18.0},{"not_picked":["Study+1","Perseverance","EmptyFist"],"picked":"CutThroughFate","floor":19.0},{"not_picked":["Halt","Protect","FlurryOfBlows"],"picked":"EmptyFist","floor":21},{"not_picked":["Crescendo","InnerPeace","Swivel"],"picked":"ConjureBlade","floor":22},{"not_picked":["Consecrate+1","FlurryOfBlows+1","CutThroughFate"],"picked":"Wallop+1","floor":23},{"not_picked":["WheelKick","Consecrate","Crescendo"],"picked":"SashWhip+1","floor":27},{"not_picked":["InnerPeace","SashWhip","Consecrate"],"picked":"Devotion+1","floor":29},{"not_picked":["PathToVictory","Prostrate","FearNoEvil+1"],"picked":"CarveReality","floor":30}],"player_experience":591330,"relics_obtained":[{"floor":9.0,"key":"MealTicket"},{"floor":17.0,"key":"hubris:GlazedTorus"},{"floor":17.0,"key":"Question Card"},{"floor":17.0,"key":"Boot"},{"floor":23,"key":"Damaru"},{"floor":26,"key":"Bronze Scales"},{"floor":29,"key":"Omamori"}],"event_choices":[{"damage_healed":0.0,"max_hp_gain":0.0,"max_hp_loss":0.0,"gold_gain":75.0,"event_name":"World of Goop","player_choice":"Gather Gold","floor":2.0,"gold_loss":0.0,"damage_taken":11.0},{"damage_healed":0.0,"max_hp_gain":0.0,"max_hp_loss":0.0,"gold_gain":175.0,"event_name":"Liars Game","player_choice":"AGREE","floor":3.0,"gold_loss":0.0,"damage_taken":0.0,"cards_obtained":["Doubt"]},{"damage_healed":0.0,"max_hp_gain":0.0,"max_hp_loss":0.0,"gold_gain":0.0,"event_name":"Scrap Ooze","player_choice":"Success","floor":5.0,"gold_loss":0.0,"damage_taken":18.0,"relics_obtained":["Frozen Egg 2"]},{"damage_healed":0.0,"max_hp_gain":0.0,"max_hp_loss":0.0,"gold_gain":0.0,"event_name":"WeMeetAgain","player_choice":"Gave Potion","floor":10.0,"gold_loss":0.0,"damage_taken":0.0,"relics_obtained":["Incense Burner"]},{"damage_healed":0.0,"max_hp_gain":0.0,"max_hp_loss":0.0,"gold_gain":0.0,"event_name":"Back to Basics","player_choice":"Simplicity","floor":20.0,"gold_loss":0.0,"damage_taken":0.0,"cards_upgraded":["Strike_P","Strike_P","Strike_P","Strike_P","Defend_P","Defend_P","Defend_P","Defend_P"]},{"damage_healed":0,"gold_gain":0,"player_choice":"Trade","damage_taken":0,"relics_obtained":["CultistMask"],"max_hp_gain":0,"max_hp_loss":0,"event_name":"FaceTrader","floor":25,"gold_loss":0},{"damage_healed":0,"gold_gain":0,"player_choice":"Fight","damage_taken":0,"max_hp_gain":0,"max_hp_loss":0,"event_name":"Colosseum","floor":31,"gold_loss":0}],"is_beta":false,"boss_relics":[{"not_picked":["Busted Crown","VioletLotus"],"picked":"Calling Bell"}],"items_purged_floors":[11],"is_endless":false,"potions_floor_spawned":[4,7,16,19,21,27],"killed_by":"Colosseum Slavers","ascension_level":0}}