{"host":"ox77rn1xcurm2t5a","time":1609977146,"event":{"mods":["2.2 Compatiblity","AchievementEnabler","Act Like it!","Aspiration","BaseMod","Best Route Mod","Better Match","Better Note","Better Sensory Stone","Block Reminder","Colored Map","Colored Powertips","Conjunction","Conspire","Custom Start","Energized Spire","GifTheSpireLib","Gold Saver","Gremlin Skip","Halation","Highlight Path","Hubris","Infinite Spire","Minty Spire (QoL Compilation)","Pale of the Ancients","Quick Restart","Replay The Spire","Reworked Bosses","ShortenTheSpire","Spire Exporter","StSLib","Stuff the Spire","Wandering Minibosses","vexMod"],"gold_per_floor":[119,119,119,94,1129,1129,1129,1160,1186,1186,1217,1217,1232,1248,1248,1351,1351,1361,1286,1286,1302,720,748,748,783,783,804,822,840,840,857,857,964,964,985,1041,399,399,399,440,440,459,459,471,507,525,525,544,544,552,552,552,302,335,343,343],"floor_reached":55,"playtime":2066,"items_purged":["StuffTheSpire:Coldhearted","Strike_B","Strike_B","Strike_B+1"],"score":1287,"play_id":"3d1f4e67-a7ec-4b40-9bfe-1b7ab903e501","local_time":"20210107015226","is_ascension_mode":true,"campfire_choices":[{"floor":6.0,"key":"RECALL"},{"data":"Zap","floor":10.0,"key":"SMITH"},{"data":"Streamline","floor":12.0,"key":"SMITH"},{"data":"Strike_B","floor":15.0,"key":"SMITH"},{"floor":24.0,"key":"REST"},{"floor":30,"key":"REST"},{"floor":41,"key":"REST"},{"floor":47,"key":"REST"},{"data":"Ball Lightning","floor":49,"key":"SMITH"},{"floor":52,"key":"REST"}],"circlet_count":0,"master_deck":["AscendersBane","Defend_B","Defend_B","Defend_B","Defend_B","Zap+1","Dualcast+1","StuffTheSpire:Synthwave+1","Creative AI+1","Streamline+1","Electrodynamics+1","Ball Lightning+1","StuffTheSpire:Synthwave+1","Go for the Eyes+1","Loop+1","BasicCrystalCard+1","Machine Learning+1","Ball Lightning+1","Storm+1","Coolheaded","Gash"],"relics":["Cracked Core","NeowsBlessing","Frozen Egg 2","Potion Belt","Anchor","hubris:OldNail","Replay:Ringing Soul","conspire:SlowCooker","infinitespire:Freezer","Tiny Chest","infinitespire:PuzzleCube","Replay:Bandana","StuffTheSpire:PointBlank","SlaversCollar","aspiration:HatOfInfinitePower","Boot","infinitespire:FocusingShard","ReplayTheSpireMod:ShopPack","Carrot","Strawberry","aspiration:FrozenJewel","StuffTheSpire:Barrel","Prayer Wheel","halation:PromiseList"],"acts_visited":["Exordium","TheCity","TheBeyond","TheEnding"],"potions_floor_usage":[28,28,31,35,40,45,46],"damage_taken":[{"damage":0.0,"enemies":"Cultist","floor":1.0,"turns":1.0},{"damage":0.0,"enemies":"Gremlin Nob","floor":8.0,"turns":1.0},{"damage":0.0,"enemies":"3 Sentries","floor":11.0,"turns":1.0},{"damage":3.0,"enemies":"Small Slimes","floor":13.0,"turns":3.0},{"damage":0.0,"enemies":"2 Louse","floor":14.0,"turns":2.0},{"damage":66.0,"enemies":"The Guardian","floor":16.0,"turns":12.0},{"damage":31.0,"enemies":"Shell Parasite","floor":18.0,"turns":6.0},{"damage":0.0,"enemies":"3 Byrds","floor":21.0,"turns":3.0},{"damage":8.0,"enemies":"Slavers","floor":23.0,"turns":2.0},{"damage":39.0,"enemies":"Book of Stabbing","floor":25.0,"turns":5.0},{"damage":12.0,"enemies":"Snake Plant","floor":27.0,"turns":2.0},{"damage":7,"enemies":"Sentry and Sphere","floor":28,"turns":4},{"damage":1,"enemies":"Centurion and Healer","floor":29,"turns":3},{"damage":6,"enemies":"Chosen and Byrds","floor":31,"turns":5},{"damage":39,"enemies":"bossMod:newCollector","floor":33,"turns":9},{"damage":23,"enemies":"3 Shapes","floor":35,"turns":4},{"damage":0,"enemies":"Mind Bloom Boss Battle","floor":36,"turns":4},{"damage":36,"enemies":"Giant Head","floor":40,"turns":7},{"damage":0,"enemies":"Orb Walker","floor":42,"turns":2},{"damage":0,"enemies":"3 Darklings","floor":44,"turns":2},{"damage":42,"enemies":"Nemesis","floor":45,"turns":5},{"damage":4,"enemies":"Transient","floor":46,"turns":5},{"damage":0,"enemies":"Jaw Worm Horde","floor":48,"turns":2},{"damage":29,"enemies":"hubris:GrandSnecko","floor":50,"turns":13},{"damage":44,"enemies":"Shield and Spear","floor":54,"turns":5},{"damage":136,"enemies":"The Heart","floor":55,"turns":6}],"seed_played":"-8679489092393949550","potions_obtained":[{"floor":1.0,"key":"FearPotion"},{"floor":14.0,"key":"LiquidBronze"},{"floor":20.0,"key":"Block Potion"},{"floor":20.0,"key":"EssenceOfDarkness"},{"floor":20.0,"key":"Dexterity Potion"},{"floor":21.0,"key":"AttackPotion"},{"floor":25.0,"key":"PotionOfCapacity"},{"floor":27.0,"key":"Dexterity Potion"},{"floor":29,"key":"Reflective Coating"},{"floor":33,"key":"FearPotion"},{"floor":35,"key":"Explosive Potion"},{"floor":42,"key":"Ancient Potion"},{"floor":44,"key":"infinitespire:BlackPotion"},{"floor":45,"key":"FairyPotion"},{"floor":54,"key":"Energy Potion"}],"is_trial":false,"path_per_floor":["M","?","?","?","$","R","?","E","T","R","E","R","M","M","R","B",null,"M","?","?","M","$","E","R","E","T","M","M","M","R","M","R_BF","B",null,"M","?","$","?","T","E","R","M","T","M","E","M","R","M","R","B",null,"R","$","E","B"],"character_chosen":"DEFECT","items_purchased":["StuffTheSpire:Synthwave+1","Potion Belt","Anchor","StuffTheSpire:Synthwave+1","infinitespire:Freezer","Tiny Chest","Block Potion","FocusPotion","Boot","infinitespire:FocusingShard","ReplayTheSpireMod:ShopPack","Storm+1","Coolheaded"],"campfire_rested":5,"item_purchase_floors":[5,5,5,22,22,22,22,22,37,37,37,53,53],"current_hp_per_floor":[68,68,68,68,68,68,68,68,68,68,71,71,68,68,68,5,62,31,31,31,34,37,29,55,19,19,10,3,2,29,23,50,11,73,50,50,50,50,50,24,54,57,57,60,18,14,46,46,46,17,86,109,112,71,0,0],"gold":343,"neow_bonus":"THREE_ENEMY_KILL","is_daily":false,"chose_seed":false,"campfire_upgraded":4,"win_rate":0.0,"timestamp":1609977146,"path_taken":["M","?","?","?","$","R","?","E","T","R","E","R","M","M","R","BOSS","M","?","?","?","$","E","R","E","T","?","M","M","R","M","R_BF","BOSS","M","?","$","?","?","E","R","M","T","M","E","M","R","?","R","BOSS","R","$","E","BOSS"],"items_purchased_type":["Card","Relic","Relic","Card","Relic","Relic","Potion","Potion","Relic","Relic","Relic","Card","Card"],"build_version":"2020-12-22","purchased_purges":4,"victory":false,"max_hp_per_floor":[75,75,75,75,75,75,75,75,75,75,78,78,78,78,78,81,81,81,81,81,84,87,87,87,90,90,93,93,93,93,93,93,93,93,93,93,93,93,93,103,103,106,106,109,109,109,109,109,109,109,109,109,112,115,115,115],"card_choices":[{"not_picked":["StuffTheSpire:CleanHardDrive","Sweeping Beam"],"picked":"StuffTheSpire:Coldhearted","floor":1.0},{"not_picked":["Undo","StuffTheSpire:Plugnplay"],"picked":"Creative AI+1","floor":8.0},{"not_picked":["Chaos","StuffTheSpire:Rend"],"picked":"Streamline","floor":11.0},{"not_picked":["Barrage","Sweeping Beam","Steam"],"picked":"SKIP","floor":13.0},{"not_picked":["Sunder","Melter","Conserve Battery"],"picked":"SKIP","floor":14.0},{"not_picked":["Machine Learning+1","Rainbow"],"picked":"Electrodynamics+1","floor":16.0},{"not_picked":["Tempest","Recycle","Beam Cell"],"picked":"SKIP","floor":18.0},{"not_picked":["ReplayTheSpireMod:GoodbyeWorld+1","Redo"],"picked":"Ball Lightning","floor":21.0},{"not_picked":["Chill","ReplayTheSpireMod:Reroute Power","BasicCrystalCard"],"picked":"SKIP","floor":23.0},{"not_picked":["Sweeping Beam","aspiration:Polymerization"],"picked":"Go for the Eyes+1","floor":25.0},{"not_picked":["Undo","Leap"],"picked":"Loop+1","floor":27.0},{"not_picked":["Stack","Conserve Battery","Lockon"],"picked":"SKIP","floor":28},{"not_picked":["Go for the Eyes","Rebound","Stack"],"picked":"SKIP","floor":29},{"not_picked":["Rebound","Go for the Eyes","Coolheaded+1"],"picked":"SKIP","floor":31},{"not_picked":["Rebound","Go for the Eyes","Coolheaded+1"],"picked":"SKIP","floor":31},{"not_picked":["Go for the Eyes","Leap","Beam Cell"],"picked":"SKIP","floor":35},{"not_picked":["Heatsinks+1","Coolheaded"],"picked":"BasicCrystalCard+1","floor":40},{"not_picked":["Chaos+1","BasicCrystalCard"],"picked":"Machine Learning+1","floor":42},{"not_picked":["Glacier","Crystallizer+1"],"picked":"Ball Lightning","floor":44},{"not_picked":["Steam","Sunder","Hello World+1"],"picked":"SKIP","floor":45},{"not_picked":["Stack+1","Darkness+1","Scrape+1"],"picked":"SKIP","floor":46},{"not_picked":["Sweeping Beam","Beam Cell","Streamline"],"picked":"SKIP","floor":48},{"not_picked":["BasicCrystalCard","ReplayTheSpireMod:Dual Polarity+1"],"picked":"Gash","floor":54}],"player_experience":2946175,"relics_obtained":[{"floor":8.0,"key":"hubris:OldNail"},{"floor":11.0,"key":"Replay:Ringing Soul"},{"floor":23.0,"key":"infinitespire:PuzzleCube"},{"floor":25.0,"key":"Replay:Bandana"},{"floor":26.0,"key":"StuffTheSpire:PointBlank"},{"floor":36,"key":"aspiration:HatOfInfinitePower"},{"floor":39,"key":"Carrot"},{"floor":40,"key":"Strawberry"},{"floor":43,"key":"aspiration:FrozenJewel"},{"floor":45,"key":"StuffTheSpire:Barrel"},{"floor":54,"key":"halation:PromiseList"}],"event_choices":[{"cards_removed":["Strike_B"],"damage_healed":0.0,"max_hp_gain":0.0,"max_hp_loss":0.0,"gold_gain":0.0,"event_name":"Beggar","player_choice":"Gave Gold","floor":19.0,"gold_loss":75.0,"damage_taken":0.0},{"damage_healed":0.0,"max_hp_gain":0.0,"max_hp_loss":0.0,"gold_gain":0.0,"event_name":"Lab","player_choice":"Got Potions","floor":20.0,"gold_loss":0.0,"damage_taken":0.0},{"damage_healed":0,"gold_gain":0,"player_choice":"Fight","damage_taken":0,"max_hp_gain":0,"max_hp_loss":0,"event_name":"MindBloom","floor":36,"gold_loss":0},{"damage_healed":0,"gold_gain":0,"player_choice":"Leave","damage_taken":0,"max_hp_gain":0,"max_hp_loss":0,"event_name":"conspire:Investor","floor":38,"gold_loss":0}],"is_beta":false,"boss_relics":[{"not_picked":["energizedSpire:DeadBattery","Kintsugi"],"picked":"conspire:SlowCooker"},{"not_picked":["halation:HeavySnake","energizedSpire:HugeHouse"],"picked":"SlaversCollar"}],"items_purged_floors":[5,22,37,53],"is_endless":false,"potions_floor_spawned":[1,14,21,25,27,29,33,35,42,44,45,54],"killed_by":"The Heart","ascension_level":12}}