{"host":"f8lbor5qtgiy08rh","time":1609960169,"event":{"mods":["Aspiration","BaseMod","Better Match","Card Forge","Colored Map","Downfall","GifTheSpireLib","Hermit","Infinite Spire","Jedi Mod","Minty Spire (QoL Compilation)","Rare Cards Sparkle","Replay The Spire","StSLib","Stuff the Spire","The Construct","The Cursed","Unceasing Turn Reminder"],"gold_per_floor":[109,109,109,125,125,192,223,292,292,317,333,351,379,391,391,490,490,506,506,506,541,541,541],"floor_reached":22,"playtime":1722,"items_purged":[],"score":225,"play_id":"1b60dcdd-8017-48ba-8117-8c4a4bfed806","local_time":"20210106140929","is_ascension_mode":false,"campfire_choices":[{"floor":15,"key":"REST"}],"circlet_count":0,"master_deck":["hermit:Strike_Hermit+1","hermit:Strike_Hermit+1","hermit:Strike_Hermit+1","hermit:Strike_Hermit+1","hermit:Defend_Hermit+1","hermit:Defend_Hermit+1","hermit:Defend_Hermit+1","hermit:Defend_Hermit+1","hermit:Snapshot+1","hermit:Covet+1","hermit:DeadOrAlive+1","hermit:CursedWeapon+1","hermit:Deadeye+1","hermit:Enervate+1","hermit:Grudge+1","hermit:Headshot+1","hermit:HighCaliber+1","hermit:GoldenBullet+1","hermit:Maintenance+1","hermit:Ricochet+1","hermit:Reprieve+1","hermit:BigShot+1","hermit:Virtue+1","hermit:BodyArmor","hermit:HighCaliber","Pain","hermit:Vantage","hermit:Dive","hermit:TakeAim","hermit:Horror","hermit:Headshot","hermit:Gestalt","hermit:Glare","hermit:Dissolve","StuffTheSpire:DeathNote","Replay:UnknownCurse","ReplayTheSpireMod:Splinters","infinitespire:DeathsTouch","hermit:WideOpen"],"relics":["hermit:Momento","Hammer of Thor","Seething Fire","Anvil of the Gods","aspiration:Nostalgia","Ring of the Snake","Ring of Hypnosis","Ring of Panic","WarpedTongs","aspiration:TomeofQuesting","Pantograph","Ice Cream","aspiration:SecretTechniqueScroll"],"acts_visited":["Exordium","TheCity"],"potions_floor_usage":[],"damage_taken":[{"damage":11,"enemies":"Jaw Worm","floor":1,"turns":2},{"damage":0,"enemies":"Small Slimes","floor":4,"turns":1},{"damage":9,"enemies":"Lagavulin","floor":6,"turns":4},{"damage":0,"enemies":"infinitespire:Voidling","floor":7,"turns":1},{"damage":21,"enemies":"Gremlin Nob","floor":8,"turns":4},{"damage":2,"enemies":"Exordium Thugs","floor":10,"turns":3},{"damage":1,"enemies":"Blue Slaver","floor":11,"turns":2},{"damage":22,"enemies":"Exordium Wildlife","floor":12,"turns":3},{"damage":2,"enemies":"Red Slaver","floor":13,"turns":2},{"damage":4,"enemies":"Large Slime","floor":14,"turns":5},{"damage":12,"enemies":"Slime Boss","floor":16,"turns":8},{"damage":18,"enemies":"2 Thieves","floor":18,"turns":3},{"damage":33,"enemies":"3 Byrds","floor":21,"turns":5},{"damage":8,"enemies":"Snake Plant","floor":22,"turns":1}],"seed_played":"5322884415544912315","potions_obtained":[{"floor":1,"key":"BlessingOfTheForge"},{"floor":6,"key":"BlessingOfTheForge"},{"floor":8,"key":"Guardian:BlockOnCardUsePotion"},{"floor":11,"key":"jedi:mysterypotion"}],"is_trial":false,"path_per_floor":["M","$","?","M","?","E","M","E","T","M","M","M","M","M","R","B",null,"M","?","?","M","M"],"character_chosen":"HERMIT","items_purchased":[],"campfire_rested":1,"item_purchase_floors":[],"current_hp_per_floor":[64,64,64,64,64,59,59,38,38,36,35,13,19,15,37,50,75,57,37,37,4,0,0],"gold":541,"neow_bonus":"NOSTALGIA","is_daily":false,"chose_seed":false,"campfire_upgraded":0,"win_rate":0.0,"timestamp":1609960169,"path_taken":["M","$","?","M","?","E","M","E","T","M","M","M","M","?","R","BOSS","M","?","?","?","?"],"items_purchased_type":[],"build_version":"2020-12-22","purchased_purges":0,"victory":false,"max_hp_per_floor":[75,75,75,75,75,75,75,75,75,75,75,75,75,75,75,75,75,75,75,75,75,75,75],"card_choices":[{"not_picked":["hermit:Deadeye","hermit:Ricochet"],"picked":"hermit:BodyArmor","floor":1},{"not_picked":["hermit:Ricochet","hermit:TrackingShot"],"picked":"hermit:HighCaliber","floor":4},{"not_picked":["hermit:BodyArmor","hermit:Manifest"],"picked":"hermit:Vantage","floor":6},{"not_picked":["hermit:Coalescence","hermit:Scavenge"],"picked":"hermit:Dive","floor":7},{"not_picked":["hermit:Spite","hermit:Combo"],"picked":"hermit:TakeAim","floor":8},{"not_picked":["hermit:Feint","hermit:FlashPowder","hermit:Deadeye"],"picked":"SKIP","floor":10},{"not_picked":["hermit:TrackingShot","hermit:DeadMansHand"],"picked":"hermit:Horror","floor":11},{"not_picked":["hermit:NoHoldsBarred","hermit:Desperado"],"picked":"hermit:Headshot","floor":12},{"not_picked":["hermit:EyeOfTheStorm","hermit:LowProfile"],"picked":"hermit:Gestalt","floor":13},{"not_picked":["hermit:WideOpen","hermit:Desperado"],"picked":"hermit:Glare","floor":14},{"not_picked":["hermit:Gambit","hermit:Reprieve"],"picked":"hermit:Dissolve","floor":16},{"not_picked":["hermit:Showdown","hermit:ShadowCloak","hermit:LuckOfTheDraw"],"picked":"SKIP","floor":18},{"not_picked":["infinitespire:Menacing","infinitespire:Oblivion"],"picked":"infinitespire:DeathsTouch","floor":20},{"not_picked":["hermit:TrackingShot+1","hermit:SprayPray+1"],"picked":"hermit:WideOpen","floor":21}],"player_experience":129037,"relics_obtained":[{"floor":3,"key":"Ring of Hypnosis"},{"floor":3,"key":"Ring of Panic"},{"floor":6,"key":"aspiration:TomeofQuesting"},{"floor":8,"key":"Pantograph"},{"floor":9,"key":"Ice Cream"}],"event_choices":[{"damage_healed":0,"gold_gain":0,"player_choice":"Rummage","damage_taken":0,"relics_obtained":["WarpedTongs"],"max_hp_gain":0,"max_hp_loss":0,"event_name":"Accursed Blacksmith","floor":5,"gold_loss":0,"cards_obtained":["Pain"]}],"is_beta":false,"boss_relics":[{"not_picked":["aspiration:DefectSkillbook","aspiration:PoetsPen_weak"],"picked":"aspiration:SecretTechniqueScroll"}],"items_purged_floors":[],"is_endless":false,"potions_floor_spawned":[1,6,8,11,16,18],"killed_by":"Snake Plant","ascension_level":0}}