{"host":"40vzoph344nwp0en","time":1609923101,"event":{"mods":["2.2 Compatiblity","Aspiration","BaseMod","Bestiary","Challenge The Spire","Colored Map","Conspire","Downfall","Energized Spire","GifTheSpireLib","Halation","Highlight Path","Hubris","Infinite Spire","Jedi Mod","Minty Spire (QoL Compilation)","Relic Sorter","Replay The Spire","StSLib","Stuff the Spire","SuperFastMode","vexMod"],"gold_per_floor":[112,99437,99454,98607,98607,98634,98685,98716,98716,98728,98728,98754,97817,97830,97830,97934,97934,97944,97960,97977,97989,98002,98036,98051,98077,98159,98159,98159,98184,98195,98213,98213,98318,98318,98329,98349,98363,98381,98401,98430,98430,98444,98444,98489,98489,98544,98553,98586,98586,98683,98683,98694,98235,98246,98273,98277,98277,98294,98294,98318,98318,98326,98336,98348,98361,98361,98431,98431,98437,98450,98450,98450,49234,49228,48668,48690,48690,48712,48712,48706,48706,48717,48708,48730,48730,48791,48791,48801,48237,48243,47764,47778,47788,47788,47169,47196,47197,47176,47167,47178,47171,47171,47238,47238,47238,47238],"floor_reached":104,"playtime":9478,"items_purged":[],"score":2537,"play_id":"e85d1b0c-e302-4bb0-acd3-c4062877abbf","local_time":"20210106015141","daily_mods":["SealedDeck","Heirloom","downfall:Lament","DeadlyEvents","Elite Swarm"],"is_ascension_mode":false,"campfire_choices":[{"data":"Guardian:BaubleBeam","floor":11.0,"key":"SMITH"},{"data":"Guardian:FloatingOrbs","floor":15.0,"key":"SMITH"},{"data":"Guardian:ExploitGems","floor":28.0,"key":"SMITH"},{"data":"Guardian:PrismaticBeam","floor":32.0,"key":"SMITH"},{"data":"Guardian:Suspension","floor":41.0,"key":"SMITH"},{"data":"Guardian:Planning","floor":47.0,"key":"SMITH"},{"data":"Guardian:TemporalShield","floor":49.0,"key":"SMITH"},{"data":"Guardian:TimeSifter","floor":57.0,"key":"SMITH"},{"data":"Guardian:Planning","floor":59.0,"key":"SMITH"},{"data":"infinitespire:Collect","floor":66.0,"key":"SMITH"},{"data":"Guardian:Incinerate","floor":77.0,"key":"SMITH"},{"data":"Guardian:BaubleBeam","floor":81.0,"key":"SMITH"},{"data":"Guardian:TimeCapacitor","floor":81.0,"key":"SMITH"},{"data":"Guardian:TemporalStrike","floor":85.0,"key":"SMITH"},{"data":"Guardian:TemporalStrike","floor":94.0,"key":"SMITH"},{"data":"Guardian:Preprogram","floor":94.0,"key":"SMITH"},{"data":"Guardian:FastForward","floor":102,"key":"SMITH"},{"data":"Guardian:FastForward","floor":102,"key":"SMITH"}],"circlet_count":0,"master_deck":["Guardian:PiercingHide+1","Guardian:TemporalShield+1","Guardian:Recover+1","Guardian:Incinerate+1","Guardian:TemporalStrike+1","Guardian:TemporalStrike+1","Guardian:Planning+1","Guardian:ExploitGems+1","Guardian:BaubleBeam+1","Guardian:Planning+1","Guardian:FloatingOrbs+1","Guardian:DonusPower+1","Guardian:Reroute+1","Guardian:FierceBash","Guardian:Preprogram+1","infinitespire:Collect+1","Guardian:GemFinder","Guardian:PrismaticBeam+1","Guardian:FastForward+1","Guardian:PrismaticBeam","Guardian:Recover","Guardian:Suspension+1","Guardian:Suspension+1","Guardian:BaubleBeam+1","Replay:Fractal Strike","Guardian:TimeSifter+1","Guardian:FastForward+1","Guardian:PrismaticBeam","Guardian:CrystalBeam","Guardian:TemporalStrike","Guardian:SentryBeam+1","StuffTheSpire:Vigor","Guardian:TimeCapacitor+1","infinitespire:TheBestDefense","Guardian:StasisStrike+1","Guardian:TimeSifter","Guardian:StasisStrike","Guardian:Gem_Crimson","Guardian:CrystalBeam","Guardian:CrystalBeam","infinitespire:SevenWalls","Guardian:TimeCapacitor","Guardian:GemFire+1","expansioncontent:QuickStudy","Guardian:BaubleBeam","Guardian:PolyBeam","Guardian:BronzeOrb+1","Guardian:StasisStrike"],"relics":["Guardian:ModeShifter","halation:VictoryRuler","halation:PinkSoulGem","jedi:matchstick","StuffTheSpire:Wildfire","Coffee Dripper","jedi:battlestandard","NeowsBlessing","WingedGreaves","Toy Ornithopter","Guardian:StasisUpgradeRelic","halation:PenCase","Replay:Bottled Steam","Lizard Tail","halation:TwoAmDonut","Replay:PocketPolymizer","halation:SelfBoilingWater","War Paint","jedi:gremlinknob","StuffTheSpire:Tea","Guardian:BottledStasis","SacredBark","Bottled Flame","StuffTheSpire:PointBlank","HornCleat","aspiration:RitualStick","Guardian:SackOfGems","vexMod:BarristanHead","CeramicFish","Pondfish Scales","infinitespire:Lucky Rock","Black Star","NeowsBlessing","halation:IllGainedPizza","Mirror","vexMod:FocusSash","Gremlin Food","StuffTheSpire:GrapeVine","halation:EternalFortune","Odd Mushroom","CaptainsWheel","conspire:DeflatedDodgeball","aspiration:DefectSkillbook","ReplayTheSpireMod:Lightbulb","Ancient Tea Set","Guardian:BottledAnomaly","StuffTheSpire:RubySignet","Smiling Mask","halation:PrussianBluePaint","Replay:Kaleidoscope","infinitespire:Magic Flask","infinitespire:Golems Mask","StuffTheSpire:Mouthbags","jedi:angrymask","ReplayFunnel","energizedSpire:MagnifyingGlass","Replay:Mystery Machine","halation:Toothbrush","Toolbox","hubris:ToyBattleship","hubris:TenFootPole","Centennial Puzzle","Guide Book","halation:LettersToHer","MealTicket","vexMod:EndlessSickness","NeowsBlessing"],"acts_visited":["Exordium","TheCity","TheBeyond","Exordium","TheCity","TheBeyond","Exordium"],"potions_floor_usage":[],"damage_taken":[{"damage":0.0,"enemies":"Jaw Worm","floor":1.0,"turns":1.0},{"damage":0.0,"enemies":"Small Slimes","floor":3.0,"turns":1.0},{"damage":0.0,"enemies":"3 Sentries","floor":6.0,"turns":2.0},{"damage":9.0,"enemies":"conspire:MimicChest","floor":7.0,"turns":8.0},{"damage":0.0,"enemies":"Replay:BlueRogue","floor":8.0,"turns":7.0},{"damage":2.0,"enemies":"2 Louse","floor":10.0,"turns":3.0},{"damage":0.0,"enemies":"Gremlin Nob","floor":12.0,"turns":3.0},{"damage":0.0,"enemies":"Exordium Wildlife","floor":14.0,"turns":2.0},{"damage":0.0,"enemies":"Slime Boss","floor":16.0,"turns":7.0},{"damage":0.0,"enemies":"Chosen","floor":18.0,"turns":3.0},{"damage":0.0,"enemies":"Shell Parasite","floor":19.0,"turns":2.0},{"damage":0.0,"enemies":"Sentry and Sphere","floor":20.0,"turns":3.0},{"damage":0.0,"enemies":"Shelled Parasite and Fungi","floor":21.0,"turns":2.0},{"damage":0.0,"enemies":"Chosen and Byrds","floor":22.0,"turns":2.0},{"damage":0.0,"enemies":"Replay:Snechameleon","floor":23.0,"turns":3.0},{"damage":1.0,"enemies":"Snake Plant","floor":24.0,"turns":2.0},{"damage":5.0,"enemies":"Nightmare","floor":25.0,"turns":4.0},{"damage":0.0,"enemies":"Book of Stabbing","floor":29.0,"turns":2.0},{"damage":0.0,"enemies":"3 Cultists","floor":30.0,"turns":2.0},{"damage":3.0,"enemies":"Shelled Parasite and Fungi","floor":31.0,"turns":2.0},{"damage":7.0,"enemies":"Champ","floor":33.0,"turns":3.0},{"damage":0.0,"enemies":"Orb Walker","floor":35.0,"turns":3.0},{"damage":0.0,"enemies":"3 Shapes","floor":36.0,"turns":2.0},{"damage":2.0,"enemies":"Sphere and 2 Shapes","floor":37.0,"turns":2.0},{"damage":0.0,"enemies":"Spire Growth","floor":38.0,"turns":3.0},{"damage":0.0,"enemies":"3 Darklings","floor":39.0,"turns":2.0},{"damage":34.0,"enemies":"Nemesis","floor":40.0,"turns":5.0},{"damage":0.0,"enemies":"Writhing Mass","floor":42.0,"turns":2.0},{"damage":0.0,"enemies":"Giant Head","floor":44.0,"turns":4.0},{"damage":0.0,"enemies":"Nightmare","floor":46.0,"turns":5.0},{"damage":0.0,"enemies":"R_Hoarder","floor":48.0,"turns":4.0},{"damage":0.0,"enemies":"Donu and Deca","floor":50.0,"turns":2.0},{"damage":0.0,"enemies":"Cultist","floor":52.0,"turns":1.0},{"damage":0.0,"enemies":"2 Louse","floor":54.0,"turns":1.0},{"damage":0.0,"enemies":"Small Slimes","floor":55.0,"turns":1.0},{"damage":0.0,"enemies":"3 Louse","floor":56.0,"turns":2.0},{"damage":0.0,"enemies":"Lagavulin","floor":58.0,"turns":2.0},{"damage":0.0,"enemies":"The Mushroom Lair","floor":62.0,"turns":2.0},{"damage":0.0,"enemies":"2 Fungi Beasts","floor":63.0,"turns":1.0},{"damage":0.0,"enemies":"Blue Slaver","floor":64.0,"turns":2.0},{"damage":0.0,"enemies":"Gremlin Nob","floor":65.0,"turns":2.0},{"damage":0.0,"enemies":"Hexaghost","floor":67.0,"turns":2.0},{"damage":0.0,"enemies":"Chosen","floor":69.0,"turns":1.0},{"damage":0.0,"enemies":"Shell Parasite","floor":70.0,"turns":1.0},{"damage":0.0,"enemies":"3 Cultists","floor":74.0,"turns":2.0},{"damage":0.0,"enemies":"Gremlin Leader","floor":76.0,"turns":2.0},{"damage":0.0,"enemies":"Slavers","floor":78.0,"turns":1.0},{"damage":0.0,"enemies":"Centurion and Healer","floor":80.0,"turns":2.0},{"damage":0.0,"enemies":"Gremlin Leader","floor":82.0,"turns":1.0},{"damage":0.0,"enemies":"Cultist and Chosen","floor":83.0,"turns":1.0},{"damage":0.0,"enemies":"Book of Stabbing","floor":84.0,"turns":1.0},{"damage":0.0,"enemies":"Automaton","floor":86.0,"turns":2.0},{"damage":0.0,"enemies":"3 Shapes","floor":88.0,"turns":1.0},{"damage":0.0,"enemies":"Orb Walker","floor":90.0,"turns":1.0},{"damage":0.0,"enemies":"Maw","floor":92.0,"turns":1.0},{"damage":0.0,"enemies":"Giant Head","floor":93.0,"turns":2.0},{"damage":0.0,"enemies":"3 Darklings","floor":97.0,"turns":1.0},{"damage":0.0,"enemies":"Transient","floor":98.0,"turns":2.0},{"damage":0.0,"enemies":"Maw","floor":99.0,"turns":1.0},{"damage":0.0,"enemies":"R_Hoarder","floor":100.0,"turns":2.0},{"damage":6.0,"enemies":"Writhing Mass","floor":101.0,"turns":2.0},{"damage":9,"enemies":"Replay:Hell Engine","floor":103,"turns":2}],"seed_played":"4515694523627752763","potions_obtained":[{"floor":3.0,"key":"Guardian:DefensiveModePotion"},{"floor":8.0,"key":"jedi:tentaclejuice"},{"floor":16.0,"key":"Milkshake"},{"floor":39.0,"key":"AttackPotion"},{"floor":42.0,"key":"jedi:StrikingPotion"},{"floor":67.0,"key":"champ:CounterPotion"},{"floor":74.0,"key":"DuplicationPotion"},{"floor":93.0,"key":"Guardian:DefensiveModePotion"},{"floor":99.0,"key":"hexamod:EctoCoolerPotion"}],"is_trial":true,"path_per_floor":["M","$","M","$","?","E","?","E","T","M","R","E","$","M","R","B",null,"M","M","M","M","M","E","M","NM","T","?","R","E","M","M","R","B",null,"M","M","M","M","M","E","R","M","T","E","?","NM","R","E","R","B",null,"M","$","M","M","M","R","E","R","T","?","?","M","M","E","R","B",null,"M","M","PTL","PTL","?","M","$","E","R","E","T","M","R","E","M","E","R","B",null,"M","$","M","?","M","E","R","$","T","M","M","M","E","M","R","B",null],"character_chosen":"GUARDIAN","items_purchased":["Guardian:Gem_White","WingedGreaves","Toy Ornithopter","Guardian:StasisUpgradeRelic","halation:PenCase","Replay:Bottled Steam","Guardian:Gem_Orange","LiquidMemories","jedi:tentaclejuice","jedi:gremlinknob","StuffTheSpire:Tea","Guardian:BottledStasis","Guardian:FloatingOrbs","Toxic Potion","Guardian:BronzeOrb","halation:IllGainedPizza","Mirror","Guardian:Gem_Purple","ReplayTheSpireMod:Lightbulb","Ancient Tea Set","Guardian:BottledAnomaly","Guardian:TimeCapacitor","Replay:Mystery Machine","halation:Toothbrush","Toolbox","Guardian:CrystalBeam","hubris:TenFootPole","Centennial Puzzle","Guide Book","expansioncontent:QuickStudy"],"campfire_rested":0,"item_purchase_floors":[2,2,2,2,4,4,4,4,4,13,13,13,13,13,13,53,53,53,75,75,75,75,89,89,89,89,95,95,95,95],"current_hp_per_floor":[80,80,80,80,80,80,76,76,76,74,74,80,80,80,80,80,80,80,80,80,80,80,80,79,74,74,58,58,58,58,55,55,48,80,80,80,78,78,78,44,44,49,49,49,57,57,57,64,64,64,80,80,80,80,80,80,80,80,80,80,83,83,86,86,86,86,86,86,86,86,86,86,86,86,86,86,86,86,86,89,89,89,89,89,89,89,89,89,89,92,92,92,92,95,95,95,95,95,98,98,95,101,92,107,107,107],"gold":47238,"neow_bonus":"","is_daily":false,"chose_seed":false,"campfire_upgraded":18,"win_rate":0.0,"timestamp":1609923101,"path_taken":["M","$","M","$","?","E","?","E","T","M","R","E","$","M","R","BOSS","M","M","M","M","M","E","M","NM","T","?","R","E","M","M","R","BOSS","M","M","M","M","M","E","R","M","T","E","?","NM","R","E","R","BOSS","M","$","M","M","M","R","E","R","T","?","?","M","M","E","R","BOSS","M","M","PTL","PTL","?","M","$","E","R","E","T","?","R","E","M","E","R","BOSS","M","$","M","?","M","E","R","?","T","M","M","M","E","M","R","BOSS"],"items_purchased_type":["Card","Relic","Relic","Relic","Relic","Relic","Card","Potion","Potion","Relic","Relic","Relic","Card","Potion","Card","Relic","Relic","Card","Relic","Relic","Relic","Card","Relic","Relic","Relic","Card","Relic","Relic","Relic","Card"],"build_version":"2020-12-22","purchased_purges":0,"victory":false,"max_hp_per_floor":[80,80,80,80,80,80,80,80,80,80,80,80,80,80,80,80,80,80,80,80,80,80,80,80,80,80,80,80,80,80,80,80,80,80,80,80,80,80,80,80,80,80,80,80,80,80,80,80,80,80,80,80,80,80,80,80,80,80,80,80,83,83,86,86,86,86,86,86,86,86,86,86,86,86,86,86,86,86,86,89,89,89,89,89,89,89,89,89,89,92,92,92,92,95,95,95,95,95,98,98,101,107,107,107,107,107],"card_choices":[{"not_picked":["Guardian:ChargeCore","Guardian:GuardianWhirl","Guardian:RollAttack"],"picked":"SKIP","floor":1.0},{"not_picked":["Guardian:Gem_Cyan","Guardian:Suspension","Guardian:MultiBeam"],"picked":"SKIP","floor":3.0},{"not_picked":["Guardian:SphericShield","Guardian:GemFire"],"picked":"Guardian:ExploitGems","floor":6.0},{"not_picked":["Guardian:ChargeCore","Guardian:Gem_Purple"],"picked":"Guardian:Gem_Blue","floor":7.0},{"not_picked":["Guardian:SphericShield","Guardian:FierceBash"],"picked":"Guardian:BaubleBeam","floor":8.0},{"not_picked":["Guardian:Gem_Lightblue","Guardian:CrystalBeam"],"picked":"Guardian:Planning","floor":10.0},{"not_picked":["Guardian:BaubleBeam","Guardian:AncientConstruct"],"picked":"Guardian:Gem_Synthetic","floor":12.0},{"not_picked":["Guardian:Gem_Blue","Guardian:Gem_Red","Guardian:WalkerClaw"],"picked":"SKIP","floor":14.0},{"not_picked":["Guardian:StasisStrike","Guardian:ConstructionForm"],"picked":"Guardian:Gem_Synthetic","floor":16.0},{"not_picked":["Guardian:PrimingBeam","Guardian:GuardianWhirl+1"],"picked":"Guardian:DonusPower+1","floor":18.0},{"not_picked":["Guardian:TimeBomb","Guardian:ShieldCharger+1"],"picked":"Guardian:Gem_Crimson","floor":19.0},{"not_picked":["Guardian:FloatingOrbs","Guardian:ShieldSpikes+1"],"picked":"Guardian:BronzeOrb+1","floor":20.0},{"not_picked":["Guardian:ChargeCore","Guardian:VentSteam+1"],"picked":"Guardian:Reroute+1","floor":21.0},{"not_picked":["Guardian:Harden+1","Guardian:TemporalShield"],"picked":"Guardian:Gem_Red","floor":22.0},{"not_picked":["Guardian:HyperBeam_Guardian","Guardian:StasisStrike"],"picked":"Guardian:FierceBash","floor":23.0},{"not_picked":["Guardian:Gem_Red","Guardian:Suspension"],"picked":"Guardian:Preprogram","floor":24.0},{"not_picked":["ReplayTheSpireMod:??????????????????????","ReplayTheSpireMod:Book of Names"],"picked":"infinitespire:Collect","floor":25.0},{"not_picked":["Guardian:GemFire","Guardian:StasisStrike"],"picked":"Guardian:Gem_Synthetic","floor":25.0},{"not_picked":["Guardian:RevengeProtocol","Guardian:GemFire"],"picked":"Guardian:GemFinder","floor":29.0},{"not_picked":["Guardian:SpikerProtocol+1","Guardian:Gem_Green"],"picked":"Guardian:PrismaticBeam","floor":30.0},{"not_picked":["Guardian:Gem_Red","Guardian:Gem_Green"],"picked":"Guardian:Gem_Lightblue","floor":30.0},{"not_picked":["Guardian:EvasiveProtocol+1","Guardian:Suspension"],"picked":"Guardian:Gem_Lightblue","floor":31.0},{"not_picked":["Guardian:Gem_Green","Guardian:Gem_Cyan"],"picked":"Guardian:Gem_Lightblue","floor":33.0},{"not_picked":["Guardian:Gem_Orange","Guardian:ConstructionForm"],"picked":"Guardian:FastForward","floor":33.0},{"not_picked":["Guardian:Gem_Cyan","Guardian:Gem_Red"],"picked":"Guardian:Gem_Green","floor":35.0},{"not_picked":["Guardian:MultiBeam","Guardian:ShieldCharger+1"],"picked":"Guardian:PrismaticBeam","floor":35.0},{"not_picked":["Guardian:Gem_Cyan","Guardian:Gem_Red"],"picked":"Guardian:Recover","floor":36.0},{"not_picked":["Guardian:ChargeCore","Guardian:TimeBomb","Guardian:ShieldSpikes+1"],"picked":"SKIP","floor":37.0},{"not_picked":["Guardian:EvasiveProtocol+1","Guardian:Reroute"],"picked":"Guardian:Suspension","floor":38.0},{"not_picked":["Guardian:Gem_Cyan","Guardian:BronzeOrb+1"],"picked":"Guardian:Gem_Yellow","floor":39.0},{"not_picked":["Guardian:Gem_Red","Guardian:Gem_Green"],"picked":"Guardian:Gem_Cyan","floor":40.0},{"not_picked":["Guardian:FierceBash","Guardian:SphericShield"],"picked":"Guardian:Gem_Orange","floor":40.0},{"not_picked":["Guardian:Gem_Lightblue","Guardian:Gem_Red"],"picked":"Guardian:Gem_Green","floor":42.0},{"not_picked":["Guardian:RollAttack","Guardian:Gem_Green"],"picked":"Guardian:Suspension+1","floor":42.0},{"not_picked":["Guardian:Gem_Lightblue","Guardian:Gem_Red"],"picked":"Guardian:Gem_Cyan","floor":44.0},{"not_picked":["Guardian:StasisField","Guardian:ExploitGems"],"picked":"Guardian:BaubleBeam","floor":44.0},{"not_picked":["Guardian:Gem_Lightblue","Guardian:Gem_Green"],"picked":"Guardian:Gem_Cyan","floor":46.0},{"not_picked":["ReplayTheSpireMod:??????????????????????","ReplayTheSpireMod:Chaos Vortex"],"picked":"Replay:Fractal Strike","floor":46.0},{"not_picked":["Guardian:FierceBash","Guardian:GemFire"],"picked":"Guardian:TimeSifter","floor":46.0},{"not_picked":["Guardian:GemFinder","Guardian:SphericShield","Guardian:ConstructionForm"],"picked":"SKIP","floor":48.0},{"not_picked":["Guardian:Suspension","Guardian:Gem_Red","Guardian:RefractedBeam"],"picked":"SKIP","floor":52.0},{"not_picked":["Guardian:Reroute","Guardian:TemporalStrike","Guardian:VentSteam"],"picked":"SKIP","floor":54.0},{"not_picked":["Guardian:HyperBeam_Guardian","Guardian:CrystalBeam"],"picked":"Guardian:PrismaticBeam","floor":55.0},{"not_picked":["Guardian:BronzeOrb","Guardian:GuardianWhirl","Guardian:ChargeCore"],"picked":"SKIP","floor":56.0},{"not_picked":["Guardian:StasisField","Guardian:SphericShield"],"picked":"Guardian:Gem_Synthetic","floor":58.0},{"not_picked":["Guardian:BronzeArmor","Guardian:Preprogram"],"picked":"Guardian:CrystalBeam","floor":63.0},{"not_picked":["Guardian:Orbwalk","Guardian:ShieldCharger"],"picked":"Guardian:TemporalStrike","floor":64.0},{"not_picked":["Guardian:HyperBeam_Guardian","Guardian:ConstructionForm","Guardian:FastForward"],"picked":"SKIP","floor":65.0},{"not_picked":["Guardian:WalkerClaw+1","Guardian:TemporalShield","Guardian:Recover","Guardian:TemporalStrike"],"picked":"SKIP","floor":69.0},{"not_picked":["Guardian:VentSteam+1","Guardian:ChargeCore","Guardian:DecasProtection"],"picked":"Guardian:SentryBeam+1","floor":70.0},{"not_picked":["Guardian:Gem_Red","Guardian:Gem_Lightblue","Guardian:RollAttack","Guardian:Repulse"],"picked":"SKIP","floor":74.0},{"not_picked":["hubris:Rewind","ReplayTheSpireMod:Black Plague"],"picked":"infinitespire:TheBestDefense","floor":76.0},{"not_picked":["Guardian:RevengeProtocol","Guardian:AncientConstruct","Guardian:ConstructionForm"],"picked":"Guardian:Gem_Orange","floor":76.0},{"not_picked":["Guardian:ConstructionForm","Guardian:GemFire","Guardian:HyperBeam_Guardian"],"picked":"Guardian:StasisStrike","floor":78.0},{"not_picked":["Guardian:Repulse","Guardian:Orbwalk+1","Guardian:TemporalStrike","Guardian:PiercingHide"],"picked":"SKIP","floor":80.0},{"not_picked":["Guardian:HyperBeam_Guardian","Guardian:ExploitGems","Guardian:AncientConstruct"],"picked":"Guardian:TimeSifter","floor":82.0},{"not_picked":["Guardian:Gem_Red","Guardian:PiercingHide","Guardian:ShieldSpikes"],"picked":"Guardian:Gem_Yellow","floor":83.0},{"not_picked":["Guardian:ExploitGems","Guardian:StasisField","Guardian:ConstructionForm"],"picked":"Guardian:StasisStrike","floor":84.0},{"not_picked":["Guardian:FastForward","Guardian:HyperBeam_Guardian","Guardian:TimeSifter"],"picked":"Guardian:Gem_Orange","floor":86.0},{"not_picked":["Guardian:Preprogram","Guardian:Gem_Red","Guardian:RollAttack"],"picked":"Guardian:Gem_Crimson","floor":88.0},{"not_picked":["Guardian:Planning","Guardian:TemporalShield+1","Guardian:VentSteam+1","Guardian:Gem_Red"],"picked":"SKIP","floor":90.0},{"not_picked":["ReplayTheSpireMod:Echoes of Time","infinitespire:UltimateForm"],"picked":"infinitespire:SevenWalls","floor":91.0},{"not_picked":["Guardian:ChargeUp+1","Guardian:WalkerClaw","Guardian:Suspension+1"],"picked":"Guardian:TimeCapacitor","floor":92.0},{"not_picked":["Guardian:Gem_Orange","Guardian:FastForward","Guardian:StasisStrike"],"picked":"Guardian:GemFire","floor":93.0},{"not_picked":["Guardian:RollAttack","Guardian:ChargeCore","Guardian:PiercingHide","Guardian:Gem_Red"],"picked":"SKIP","floor":97.0},{"not_picked":["Guardian:Planning+1","Guardian:Incinerate","Guardian:CrystalBeam"],"picked":"Guardian:Gem_Yellow","floor":98.0},{"not_picked":["Guardian:EvasiveProtocol","Guardian:Gem_Lightblue","Guardian:TimeCapacitor+1","Guardian:Orbwalk"],"picked":"SKIP","floor":99.0},{"not_picked":["Guardian:TimeSifter","Guardian:RevengeProtocol","Guardian:ConstructionForm"],"picked":"Guardian:BaubleBeam","floor":100.0},{"not_picked":["Guardian:Gem_Red","Guardian:EvasiveProtocol+1","Guardian:CrystalBeam+1"],"picked":"Guardian:PolyBeam","floor":101.0},{"not_picked":["Guardian:GemFinder","Guardian:FierceBash","Guardian:GemFire"],"picked":"Guardian:StasisStrike","floor":103}],"player_experience":436587,"relics_obtained":[{"floor":6.0,"key":"Lizard Tail"},{"floor":7.0,"key":"halation:TwoAmDonut"},{"floor":8.0,"key":"Replay:PocketPolymizer"},{"floor":9.0,"key":"halation:SelfBoilingWater"},{"floor":12.0,"key":"War Paint"},{"floor":23.0,"key":"Bottled Flame"},{"floor":25.0,"key":"StuffTheSpire:PointBlank"},{"floor":26.0,"key":"HornCleat"},{"floor":29.0,"key":"Guardian:SackOfGems"},{"floor":40.0,"key":"vexMod:BarristanHead"},{"floor":43.0,"key":"CeramicFish"},{"floor":44.0,"key":"Pondfish Scales"},{"floor":46.0,"key":"infinitespire:Lucky Rock"},{"floor":48.0,"key":"StuffTheSpire:Wildfire"},{"floor":58.0,"key":"vexMod:FocusSash"},{"floor":58.0,"key":"Gremlin Food"},{"floor":60.0,"key":"StuffTheSpire:GrapeVine"},{"floor":62.0,"key":"Odd Mushroom"},{"floor":63.0,"key":"halation:EternalFortune"},{"floor":65.0,"key":"CaptainsWheel"},{"floor":65.0,"key":"conspire:DeflatedDodgeball"},{"floor":76.0,"key":"StuffTheSpire:RubySignet"},{"floor":76.0,"key":"Smiling Mask"},{"floor":78.0,"key":"halation:PrussianBluePaint"},{"floor":78.0,"key":"Replay:Kaleidoscope"},{"floor":79.0,"key":"infinitespire:Magic Flask"},{"floor":80.0,"key":"halation:EternalFortune"},{"floor":82.0,"key":"infinitespire:Golems Mask"},{"floor":82.0,"key":"StuffTheSpire:Mouthbags"},{"floor":84.0,"key":"jedi:angrymask"},{"floor":84.0,"key":"ReplayFunnel"},{"floor":90.0,"key":"halation:EternalFortune"},{"floor":93.0,"key":"hubris:ToyBattleship"},{"floor":96.0,"key":"halation:LettersToHer"},{"floor":100.0,"key":"jedi:matchstick"},{"floor":100.0,"key":"MealTicket"},{"floor":101.0,"key":"halation:EternalFortune"}],"event_choices":[{"damage_healed":0.0,"max_hp_gain":0.0,"max_hp_loss":0.0,"gold_gain":0.0,"event_name":"Mushrooms","player_choice":"Fought Mushrooms","floor":62.0,"gold_loss":0.0,"damage_taken":0.0}],"is_beta":false,"boss_relics":[{"not_picked":["halation:Risk","Guardian:ModeShifterPlus"],"picked":"SacredBark"},{"not_picked":["halation:MonkeysPaw","halation:SmartPhone","Kintsugi"]},{"not_picked":["StuffTheSpire:ModemDavis","Velvet Choker"],"picked":"Black Star"},{"not_picked":["StuffTheSpire:RunicHypercube","Abe\u0027s Treasure"],"picked":"aspiration:DefectSkillbook"},{"not_picked":["conspire:SeveredTorchhead","SlaversCollar"],"picked":"energizedSpire:MagnifyingGlass"},{"not_picked":["hubris:RunicObelisk","halation:LoveArrow"],"picked":"vexMod:EndlessSickness"}],"items_purged_floors":[],"is_endless":true,"potions_floor_spawned":[3,6,8,16,20,24,30,38,39,42,44,48,50,55,62,64,67,70,74,80,84,90,93,98,99,100],"ascension_level":0}}