{"host":"x3q4ieql2tr7v8o6","time":1609947070,"event":{"mods":["BaseMod","Better Altar","Better Note","Better Sensory Stone","Better Skull","Better Third Choice","Colored Map","Minty Spire (QoL Compilation)","StSLib"],"gold_per_floor":[139,139,414,147,178,178,178,178,253,273,273,348,8,46,46,117,117,157,157,167,14,14,14],"floor_reached":22,"playtime":462,"items_purged":["Regret","Strike_G"],"score":301,"play_id":"405742a8-6472-4741-b484-09131a0f912f","local_time":"20210106153110","is_ascension_mode":true,"campfire_choices":[{"data":"HandOfGreed","floor":6,"key":"SMITH"},{"data":"Eviscerate","floor":8,"key":"SMITH"},{"data":"Mayhem","floor":11,"key":"SMITH"},{"data":"Neutralize","floor":15,"key":"SMITH"}],"circlet_count":0,"master_deck":["AscendersBane","Strike_G","Strike_G","Strike_G","Strike_G","Defend_G","Defend_G","Defend_G","Defend_G","Defend_G","Survivor","Neutralize+1","HandOfGreed+1","Quick Slash","Eviscerate+1","Bandage Up","Caltrops","Cloak And Dagger","Mayhem+1","Flying Knee","Tactician+1","Malaise+1","Blur+1","PiercingWail+1"],"relics":["Ring of the Snake","Singing Bowl","Toxic Egg 2","Fusion Hammer","Membership Card"],"acts_visited":["Exordium","TheCity"],"potions_floor_usage":[18,20,22],"damage_taken":[{"damage":1,"enemies":"Cultist","floor":1,"turns":3},{"damage":2,"enemies":"Small Slimes","floor":5,"turns":3},{"damage":2,"enemies":"Jaw Worm","floor":10,"turns":3},{"damage":3,"enemies":"Looter","floor":14,"turns":3},{"damage":27,"enemies":"Hexaghost","floor":16,"turns":10},{"damage":28,"enemies":"Spheric Guardian","floor":18,"turns":4},{"damage":14,"enemies":"2 Thieves","floor":20,"turns":4},{"damage":26,"enemies":"Cultist and Chosen","floor":22,"turns":5}],"seed_played":"-1455094322342515856","potions_obtained":[{"floor":5,"key":"SteroidPotion"},{"floor":16,"key":"LiquidBronze"},{"floor":18,"key":"SkillPotion"}],"is_trial":false,"path_per_floor":["M","$","?","$","M","R","?","R","T","M","R","?","$","M","R","B",null,"M","?","M","$","M"],"character_chosen":"THE_SILENT","items_purchased":["Eviscerate","Bandage Up","Caltrops","Toxic Egg 2","Membership Card"],"campfire_rested":0,"item_purchase_floors":[4,4,4,13,21],"current_hp_per_floor":[43,43,43,43,45,45,45,45,45,43,43,32,32,33,33,10,52,28,28,18,18,0,0],"gold":14,"neow_bonus":"RANDOM_COLORLESS_2","is_daily":false,"chose_seed":false,"campfire_upgraded":4,"win_rate":0.0,"timestamp":1609947070,"path_taken":["M","?","?","$","?","R","?","R","T","?","R","?","$","M","R","BOSS","M","?","M","?","M"],"items_purchased_type":["Card","Card","Card","Relic","Relic"],"build_version":"2020-12-22","purchased_purges":2,"victory":false,"max_hp_per_floor":[66,66,66,66,66,66,66,66,66,66,66,66,66,66,66,66,66,66,66,66,66,66,66],"card_choices":[{"not_picked":["Chrysalis","Violence"],"picked":"HandOfGreed","floor":0},{"not_picked":["Concentrate","Acrobatics"],"picked":"Quick Slash","floor":1},{"not_picked":["PiercingWail","Prepared"],"picked":"Cloak And Dagger","floor":5},{"not_picked":["Good Instincts","Swift Strike"],"picked":"Mayhem","floor":7},{"not_picked":["Quick Slash","Distraction"],"picked":"Flying Knee","floor":10},{"not_picked":["Crippling Poison+1","Prepared+1"],"picked":"Tactician+1","floor":14},{"not_picked":["Storm of Steel+1","Die Die Die"],"picked":"Malaise+1","floor":16},{"not_picked":["Sucker Punch","Caltrops"],"picked":"Blur+1","floor":18},{"not_picked":["Dodge and Roll+1","Deadly Poison+1"],"picked":"PiercingWail+1","floor":20}],"player_experience":701263,"relics_obtained":[{"floor":9,"key":"Singing Bowl"}],"event_choices":[{"damage_healed":0,"gold_gain":275,"player_choice":"Desecrate","damage_taken":0,"max_hp_gain":0,"max_hp_loss":0,"event_name":"Golden Shrine","floor":3,"gold_loss":0,"cards_obtained":["Regret"]},{"damage_healed":0,"gold_gain":1,"player_choice":"1","damage_taken":0,"max_hp_gain":0,"max_hp_loss":0,"event_name":"betterStone:BetterStone","floor":7,"gold_loss":0},{"damage_healed":0,"gold_gain":75,"player_choice":"Gold","damage_taken":11,"max_hp_gain":0,"max_hp_loss":0,"event_name":"betterThird:BetterGoop","floor":12,"gold_loss":0},{"damage_healed":0,"gold_gain":0,"player_choice":"Ignored","damage_taken":0,"max_hp_gain":0,"max_hp_loss":0,"event_name":"N\u0027loth","floor":19,"gold_loss":0}],"is_beta":false,"boss_relics":[{"not_picked":["Ring of the Serpent","Ectoplasm"],"picked":"Fusion Hammer"}],"items_purged_floors":[4,13],"is_endless":false,"potions_floor_spawned":[5,16,18],"killed_by":"Cultist and Chosen","ascension_level":15}}