{"host":"ika5blmljv34vrx1","time":1609964189,"event":{"mods":["AchievementEnabler","Act Like it!","Aspiration","BaseMod","CapriCore","Challenge The Spire","Conspire","Gensokyo","Gold Saver","Grow up Mod","KinomotoSakuraMod(ƒæ÷Æ±æ”£)","Koishi","Marisa£®ÏF”Í°°ƒß¿Ì…≥£©","Minty Spire (QoL Compilation)","Pale of the Ancients","Quick Restart","Reimu£®≤©¿ˆ¡È√Œ£©","Remilia£®¿Ÿ√◊¿Ú—«£©","Remove Card Discount Mod","Replay The Spire","StSLib","The Immortal","Yakumo Yukari mod"],"gold_per_floor":[3764,3309,3149,2428,2456,2483,2483,2483,2510,2534,2567,2030,2030,2030,2030,2108,2108,2125,1328,654,654,604,638,638,638,638,638,638,638,671,671,671,1044,1044,1062,1062,1062,1062,251,251,285,297,309,231,243,255,267,304,316,328,340,369,392,456,264,264,277,277,105,105,105],"floor_reached":62,"playtime":2191,"items_purged":["Acceleration","GasGiant","GalacticHalo","NonDirectionalLaser","MachineGunSpark+1","NonDirectionalLaser","IllusionStar","Acceleration","Acceleration","ShootingEcho","SuperPerseids+1","PowerUp+1"],"score":3634,"play_id":"9dc8afc7-cae9-446f-bb2d-cbecbfc470de","local_time":"20210107041629","daily_mods":["SealedDeck","Vintage","Heirloom","Time Dilation","Flight"],"is_ascension_mode":true,"campfire_choices":[{"floor":7,"key":"RECALL"},{"data":"CollectingQuirk","floor":8,"key":"SMITH"},{"data":"Pain","floor":15,"key":"PURGE"},{"data":"MilkyWay","floor":25,"key":"SMITH"},{"data":"PowerUp","floor":28,"key":"SMITH"},{"data":"Singularity","floor":40,"key":"SMITH"},{"data":"UltimateShortwave+1","floor":47,"key":"SMITH"},{"data":"SuperPerseids","floor":47,"key":"SMITH"},{"data":"MilkyWay+1","floor":49,"key":"SMITH"},{"data":"UltimateShortwave+2","floor":49,"key":"SMITH"},{"data":"UltimateShortwave+3","floor":56,"key":"SMITH"},{"data":"UltimateShortwave+4","floor":56,"key":"SMITH"},{"data":"UltimateShortwave+5","floor":58,"key":"SMITH"},{"data":"UltimateShortwave+6","floor":58,"key":"SMITH"}],"circlet_count":0,"master_deck":["MilkyWay+2","MagicChant+1","CollectingQuirk+1","Singularity+1","Gensokyo:LockedMedkit","UltimateShortwave+7","Gensokyo:MedicineKit","Gensokyo:CustomPotion"],"relics":["MiniHakkero","conspire:InfiniteJournal","HornCleat","Letter Opener","Nilry\u0027s Codex","OrangePellets","Guide Book","Chemical X","Kunai","Replay:Rubber Ducky","PreservedInsect","RuthlessExorcism:ReiMu","Juzu Bracelet","White Beast Statue","InkBottle","Akabeko","Gensokyo:LunaticRedEyes","Gensokyo:MarisaImprobabilityPotion","Ginger","conspire:SpecialSausage","Vajra","Toxic Egg 2","Garlic","Sling","ClockworkSouvenir","Toolbox","Tiny Chest","Gensokyo:MosesMiracle","Pondfish Scales","Gensokyo:ConquerorOfFear","Omamori","aspiration:SeaSaltIceCream","SlaversCollar","Mirror","conspire:RunicOctahedron","Boot","aspiration:PocketMushroom","Gensokyo:EmptyGrave","conspire:TreasureMap","HandDrill","TheAbacus","SimpleLauncher","MawBank","Blue Doll","Bag of Preparation","Replay:Arrowhead","Replay:Baseball","ReplayTheSpireMod:Lightbulb","paleoftheancients:Timepiece","paleoftheancients:KeyRelic","Oddly Smooth Stone","Coffee Dripper","Gremlin Horn","Turnip","ScarletDevilRocket","Happy Flower","Lee\u0027s Waffle","paleoftheancients:SoulOfTheVixen","Replay:WaspNest","Medical Kit"],"acts_visited":["Exordium","Gensokyo:Gensokyo","Gensokyo:Gensokyoer","Gensokyo:Gensokyoest"],"potions_floor_usage":[6,16,23,33],"damage_taken":[{"damage":17,"enemies":"Gensokyo:3_Fairies","floor":1,"turns":3},{"damage":0,"enemies":"conspire:MimicChest","floor":5,"turns":5},{"damage":0,"enemies":"Gensokyo:Aya","floor":6,"turns":4},{"damage":0,"enemies":"Gensokyo:Mamizou","floor":11,"turns":4},{"damage":0,"enemies":"Gensokyo:Reimu","floor":16,"turns":2},{"damage":0,"enemies":"Gensokyo:Chomper","floor":18,"turns":1},{"damage":1,"enemies":"Gensokyo:Koishi","floor":23,"turns":3},{"damage":0,"enemies":"Gensokyo:Tenshi","floor":30,"turns":1},{"damage":13,"enemies":"Gensokyo:Eternal_Rivals","floor":33,"turns":4},{"damage":0,"enemies":"Gensokyo:3_Bats","floor":35,"turns":1},{"damage":0,"enemies":"Gensokyo:Kasen","floor":41,"turns":1},{"damage":0,"enemies":"Gensokyo:Doremy","floor":48,"turns":1},{"damage":0,"enemies":"Gensokyo:Yuyuko","floor":50,"turns":1},{"damage":0,"enemies":"Gensokyo:Scarlet_Devils","floor":51,"turns":1},{"damage":0,"enemies":"Gensokyo:Scarlet_Devils","floor":52,"turns":2},{"damage":0,"enemies":"Gensokyo:Scarlet_Devils","floor":53,"turns":1},{"damage":0,"enemies":"Gensokyo:Scarlet_Devils","floor":57,"turns":1},{"damage":0,"enemies":"paleoftheancients:N","floor":61,"turns":2}],"seed_played":"-4446911388827029119","potions_obtained":[{"floor":6,"key":"BottledSpark"},{"floor":16,"key":"BottledSpark"},{"floor":18,"key":"Milkshake"},{"floor":23,"key":"GamblersBrew"},{"floor":33,"key":"Milkshake"},{"floor":35,"key":"StarNLove"},{"floor":41,"key":"MagicPotion:ReiMu"},{"floor":57,"key":"Block Potion"}],"is_trial":true,"path_per_floor":["M","$","?","COS","?","E","R","R","T","T","E","$","?","?","R","B",null,"M","$","COS","?","?","E","?","R","T","?","R","?","E","T","R","B",null,"M","?","?","?","COS","R","E","T","T","?","?","?","R","E","R","B","B","M","M","T","$","R","M","R","$","?","B",null],"character_chosen":"MARISA","items_purchased":["MilkyWay","Letter Opener","Strength Potion","Fire Potion","InkBottle","Akabeko","Singularity","ShootingEcho","Acceleration","IllusionStar","Toxic Egg 2","Garlic","Death Potion","Lee\u0027s Waffle","Elixir","Medical Kit"],"campfire_rested":0,"item_purchase_floors":[2,2,2,2,12,12,12,19,19,19,19,19,19,55,55,59],"current_hp_per_floor":[66,76,86,96,106,116,126,136,146,156,166,176,186,196,206,216,244,254,264,274,284,301,310,320,330,340,350,360,351,361,371,381,378,417,427,404,334,344,434,444,454,464,474,484,494,257,267,277,287,297,492,534,560,570,601,611,621,631,641,651,661],"gold":105,"neow_bonus":"","is_daily":false,"chose_seed":false,"campfire_upgraded":12,"win_rate":0.0,"timestamp":1609964189,"path_taken":["M","$","?","COS","?","E","R","R","T","?","E","$","?","?","R","BOSS","M","$","COS","?","?","E","?","R","T","?","R","?","E","?","R","BOSS","M","?","?","?","COS","R","E","?","T","?","?","?","R","E","R","BOSS","BOSS","M","M","?","$","R","M","R","$","?","BOSS"],"items_purchased_type":["Card","Relic","Potion","Potion","Relic","Relic","Card","Card","Card","Card","Relic","Relic","Potion","Relic","Potion","Relic"],"build_version":"2020-12-22","purchased_purges":12,"victory":true,"max_hp_per_floor":[90,100,110,120,130,140,150,160,170,180,190,200,210,220,230,240,250,260,270,280,290,307,317,327,337,347,357,367,377,387,397,407,417,427,437,404,414,424,434,444,454,464,474,484,494,504,514,524,534,544,554,564,574,584,601,611,621,631,641,651,661],"card_choices":[{"not_picked":["UnstableBomb+1","GalacticHalo+1"],"picked":"MachineGunSpark+1","floor":5},{"not_picked":["EscapeVelocity","JA"],"picked":"CollectingQuirk","floor":6},{"not_picked":["GrandCross","FinalSpark","ShootingEcho"],"picked":"SKIP","floor":6},{"not_picked":["PowerUp","Acceleration","PulseMagic"],"picked":"SKIP","floor":11},{"not_picked":["6A","SuperNova","AsteroidBelt+1"],"picked":"SKIP","floor":23},{"not_picked":["MysteriousBeam","BigCrunch+1","WitchOfGreed"],"picked":"SKIP","floor":30},{"not_picked":["AbsoluteMagnitude","FinalSpark"],"picked":"UltimateShortwave+1","floor":33},{"not_picked":["WitchLeyline","BinaryStars+1","FairyDestructionRay+1"],"picked":"SKIP","floor":41},{"not_picked":["AsteroidBelt+1","JA","Occultation+1"],"picked":"SKIP","floor":48}],"player_experience":2063866,"relics_obtained":[{"floor":1,"key":"HornCleat"},{"floor":5,"key":"Kunai"},{"floor":6,"key":"PreservedInsect"},{"floor":10,"key":"RuthlessExorcism:ReiMu"},{"floor":11,"key":"White Beast Statue"},{"floor":18,"key":"Vajra"},{"floor":23,"key":"Tiny Chest"},{"floor":26,"key":"Pondfish Scales"},{"floor":30,"key":"Gensokyo:ConquerorOfFear"},{"floor":30,"key":"Omamori"},{"floor":31,"key":"aspiration:SeaSaltIceCream"},{"floor":35,"key":"Gensokyo:MosesMiracle"},{"floor":35,"key":"aspiration:PocketMushroom"},{"floor":41,"key":"MawBank"},{"floor":42,"key":"Blue Doll"},{"floor":43,"key":"Bag of Preparation"},{"floor":48,"key":"Replay:Baseball"},{"floor":52,"key":"ScarletDevilRocket"},{"floor":54,"key":"Happy Flower"},{"floor":57,"key":"paleoftheancients:SoulOfTheVixen"},{"floor":57,"key":"Replay:WaspNest"}],"event_choices":[{"damage_healed":0,"gold_gain":0,"player_choice":"Leave","damage_taken":0,"max_hp_gain":0,"max_hp_loss":0,"event_name":"conspire:Investor","floor":29,"gold_loss":0}],"is_beta":false,"boss_relics":[{"not_picked":["aspiration:FutureDiary","aspiration:WatcherSkillbook"],"picked":"conspire:SpecialSausage"},{"not_picked":["Ring of Chaos","Fusion Hammer"],"picked":"conspire:RunicOctahedron"}],"items_purged_floors":[2,2,2,2,12,12,19,19,19,19,55,55],"is_endless":false,"potions_floor_spawned":[6,16,18,23,30,33,35,41,48,52,53,57],"ascension_level":20}}