{"host":"cv6i479uilws7tk5","time":1609972128,"event":{"mods":["BaseMod","Better Altar","Better Match","Better Note","Better Sensory Stone","Better Skull","Better Third Choice","Energized Spire","Highlight Path","Minty Spire (QoL Compilation)","Rare Cards Sparkle","Relic Stats","StSLib"],"gold_per_floor":[115,133,133,133,133,167,167,249,249,20,43,43,43,57,57,188,188,209,209,209,209,124,124,165,165,238,238,238],"floor_reached":27,"playtime":705,"items_purged":["Strike_B"],"score":302,"play_id":"01362c83-a23e-4882-8cb4-ef0a0e244c0b","local_time":"20210106152848","is_ascension_mode":true,"campfire_choices":[{"floor":7,"key":"REST"},{"floor":15,"key":"REST"},{"floor":23,"key":"REST"},{"floor":25,"key":"REST"}],"circlet_count":0,"master_deck":["Zap","Dualcast","Thunder Strike","Ball Lightning","Sweeping Beam","Seek","Cold Snap+1","Cold Snap+1","Machine Learning","Steam","Stack","Conserve Battery","Creative AI","Steam Power","Seek","Recycle","Bite+1","Bite+1","Bite+1","Bite+1","Bite+1","Echo Form","Genetic Algorithm+1"],"relics":["Cracked Core","Golden Idol","Molten Egg 2","Bird Faced Urn","Darkstone Periapt","Bag of Marbles","Juzu Bracelet","Pandora\u0027s Box","Matryoshka","Red Mask","MealTicket"],"acts_visited":["Exordium","TheCity"],"potions_floor_usage":[6,16,16],"damage_taken":[{"damage":5,"enemies":"Small Slimes","floor":1,"turns":4},{"damage":13,"enemies":"Jaw Worm","floor":2,"turns":4},{"damage":66,"enemies":"Lagavulin","floor":6,"turns":8},{"damage":7,"enemies":"2 Louse","floor":11,"turns":2},{"damage":8,"enemies":"Looter","floor":14,"turns":3},{"damage":12,"enemies":"Slime Boss","floor":16,"turns":8},{"damage":32,"enemies":"2 Thieves","floor":18,"turns":4},{"damage":44,"enemies":"Masked Bandits","floor":24,"turns":5},{"damage":74,"enemies":"Gremlin Leader","floor":27,"turns":8}],"seed_played":"-3000470000400487512","potions_obtained":[{"floor":2,"key":"Strength Potion"},{"floor":11,"key":"SkillPotion"},{"floor":14,"key":"DistilledChaos"}],"is_trial":false,"path_per_floor":["M","M","?","?","T","E","R","T","T","$","M","$","?","M","R","B",null,"M","?","?","?","?","R","?","R","T","E"],"character_chosen":"DEFECT","items_purchased":["Bag of Marbles"],"campfire_rested":4,"item_purchase_floors":[10],"current_hp_per_floor":[63,50,75,69,69,3,23,23,23,23,18,18,11,5,25,15,56,28,28,28,15,15,35,14,34,34,0,0],"gold":238,"neow_bonus":"ONE_RANDOM_RARE_CARD","is_daily":false,"chose_seed":false,"campfire_upgraded":0,"win_rate":0.0,"timestamp":1609972128,"path_taken":["M","M","?","?","?","E","R","?","T","?","?","$","?","M","R","BOSS","M","?","?","?","?","R","?","R","T","E"],"items_purchased_type":["Relic"],"build_version":"2020-12-22","purchased_purges":1,"victory":false,"max_hp_per_floor":[75,75,75,69,69,69,69,69,69,69,69,69,69,69,69,69,69,69,69,69,69,69,69,69,69,69,69,69],"relic_stats":{"Darkstone Periapt":0,"counters":[9,46],"Golden Idol":53,"Bird Faced Urn":[6],"Pandora\u0027s Box":["Steam","Stack","Conserve Battery","Creative AI","Steam Power","Seek","Recycle"],"MealTicket":0,"Juzu Bracelet":1,"obtain_stats":[{"Darkstone Periapt":8,"Blood Vial":9,"Matryoshka":22,"Golden Idol":4,"Bird Faced Urn":6,"Molten Egg 2":5,"Pandora\u0027s Box":17,"MealTicket":26,"Bag of Marbles":10,"Juzu Bracelet":13,"Red Mask":24,"Cracked Core":0},{"Darkstone Periapt":3,"Blood Vial":3,"Matryoshka":7,"Golden Idol":2,"Bird Faced Urn":3,"Molten Egg 2":2,"Pandora\u0027s Box":6,"MealTicket":8,"Bag of Marbles":3,"Juzu Bracelet":4,"Red Mask":8,"Cracked Core":0},{"Darkstone Periapt":16,"Blood Vial":16,"Matryoshka":33,"Golden Idol":8,"Bird Faced Urn":16,"Molten Egg 2":8,"Pandora\u0027s Box":29,"MealTicket":38,"Bag of Marbles":16,"Juzu Bracelet":18,"Red Mask":38,"Cracked Core":0}]},"card_choices":[{"not_picked":["Turbo","Rebound"],"picked":"Ball Lightning","floor":1},{"not_picked":["Rebound","Aggregate"],"picked":"Sweeping Beam","floor":2},{"not_picked":["Go for the Eyes+1","Beam Cell+1"],"picked":"Seek","floor":6},{"not_picked":["Leap","Gash+1"],"picked":"Cold Snap+1","floor":11},{"not_picked":["Streamline+1","Rip and Tear+1"],"picked":"Cold Snap+1","floor":14},{"not_picked":["Hyperbeam+1","Multi-Cast"],"picked":"Machine Learning","floor":16},{"not_picked":["Streamline+1","Melter+1","Steam Power"],"picked":"SKIP","floor":18},{"not_picked":["Turbo","Compile Driver+1"],"picked":"Genetic Algorithm+1","floor":24}],"player_experience":330709,"relics_obtained":[{"floor":5,"key":"Molten Egg 2"},{"floor":6,"key":"Bird Faced Urn"},{"floor":8,"key":"Darkstone Periapt"},{"floor":9,"key":"Blood Vial"},{"floor":24,"key":"Red Mask"},{"floor":26,"key":"MealTicket"}],"event_choices":[{"damage_healed":25,"gold_gain":0,"player_choice":"Banana","damage_taken":0,"max_hp_gain":0,"max_hp_loss":0,"event_name":"Big Fish","floor":3,"gold_loss":0},{"damage_healed":0,"gold_gain":0,"player_choice":"Lose Max HP","damage_taken":0,"relics_obtained":["Golden Idol"],"max_hp_gain":0,"max_hp_loss":6,"event_name":"Golden Idol","floor":4,"gold_loss":0},{"damage_healed":0,"gold_gain":0,"player_choice":"Relic ","damage_taken":7,"max_hp_gain":0,"max_hp_loss":0,"event_name":"betterThird:BetterScrap","floor":13,"gold_loss":0,"cards_obtained":["Doppelganger"]},{"damage_healed":0,"gold_gain":0,"player_choice":"Bought 0 Potions","damage_taken":0,"max_hp_gain":0,"max_hp_loss":0,"event_name":"The Woman in Blue","floor":19,"gold_loss":0},{"damage_healed":0,"gold_gain":0,"player_choice":"Became a vampire (Vial)","damage_taken":0,"max_hp_gain":0,"max_hp_loss":0,"event_name":"Vampires","floor":20,"relics_lost":["Blood Vial"],"gold_loss":0,"cards_obtained":["Bite","Bite","Bite","Bite","Bite"]},{"damage_healed":0,"gold_gain":2,"player_choice":"2","damage_taken":0,"max_hp_gain":0,"max_hp_loss":13,"event_name":"betterStone:BetterStone","floor":21,"gold_loss":0},{"damage_healed":0,"gold_gain":0,"player_choice":"Obtained Relic","damage_taken":0,"relics_obtained":["Matryoshka"],"max_hp_gain":0,"max_hp_loss":0,"event_name":"Addict","floor":22,"gold_loss":85},{"damage_healed":0,"gold_gain":0,"player_choice":"Fought Bandits","damage_taken":0,"max_hp_gain":0,"max_hp_loss":0,"event_name":"Masked Bandits","floor":24,"gold_loss":0}],"is_beta":false,"boss_relics":[{"not_picked":["Philosopher\u0027s Stone","Ectoplasm"],"picked":"Pandora\u0027s Box"}],"items_purged_floors":[10],"is_endless":false,"potions_floor_spawned":[2,11,14],"killed_by":"Gremlin Leader","ascension_level":7}}