{"host":"684z1xpuwaoqmmh1","time":1609938689,"event":{"mods":["BaseMod","Downfall","Hermit","Jorbs\u0027s Wanderer Trilogy","Marisa????????","Minty Spire (QoL Compilation)","StSLib","The Hierophant","The Mystic"],"gold_per_floor":[99,109,19,19,31,61,61,75,92,92,107,125,153,153,170,244,244,169,183,129,148,160,160,206,206,232,232,232,232,232],"floor_reached":28,"playtime":2363,"items_purged":["champ:Strike"],"score":463,"play_id":"b21b3395-d2ba-4bd8-8229-b2b389b15f9d","local_time":"20210106151129","is_ascension_mode":true,"campfire_choices":[{"data":"champ:Taunt","floor":1.0,"key":"SMITH"},{"data":"champ:ShieldWall","floor":10.0,"key":"SMITH"},{"data":"champ:HoldFirm","floor":18.0,"key":"SMITH"},{"data":"champ:VampiricStrike","floor":25.0,"key":"SMITH"},{"floor":27,"key":"REST"}],"circlet_count":0,"master_deck":["AscendersBane","champ:Strike","champ:Strike","champ:Defend","champ:Defend","champ:Defend","champ:Defend","champ:Execute","champ:Taunt+1","champ:BringItOn","champ:FanOfKnives+1","champ:ShieldWall+1","champ:HoldFirm+1","champ:FocusedDefense","champ:Balance","champ:Haymaker","champ:DefensiveStyle","champ:StanceDance","champ:Backstep","champ:VampiricStrike+1","champ:CalledShot+1","champ:RisingSlash","champ:FalseCounter","champ:FocusedBerserking","champ:RageSigil","champ:GladiatorsShout+1","champ:TornadoPunch"],"relics":["champ:ChampionCrown","Smiling Mask","Bottled Tornado","Ancient Tea Set","champ:PowerArmor","downfall:HeartBlessingGreen","Dream Catcher","Ornamental Fan"],"acts_visited":["Exordium","TheCity"],"potions_floor_usage":[28,28],"damage_taken":[{"damage":5.0,"enemies":"Small Slimes","floor":2.0,"turns":4.0},{"damage":5.0,"enemies":"downfall:FleeingMerchant","floor":3.0,"turns":4.0},{"damage":1.0,"enemies":"Cultist","floor":5.0,"turns":4.0},{"damage":24.0,"enemies":"Lagavulin","floor":6.0,"turns":7.0},{"damage":5.0,"enemies":"Jaw Worm","floor":8.0,"turns":5.0},{"damage":6.0,"enemies":"Lots of Slimes","floor":9.0,"turns":5.0},{"damage":9.0,"enemies":"3 Louse","floor":11.0,"turns":3.0},{"damage":0.0,"enemies":"Lots of Slimes","floor":12.0,"turns":1.0},{"damage":3.0,"enemies":"Gremlin Nob","floor":13.0,"turns":4.0},{"damage":2.0,"enemies":"Red Slaver","floor":15.0,"turns":4.0},{"damage":35.0,"enemies":"downfall:Ironclad","floor":16.0,"turns":12.0},{"damage":5.0,"enemies":"Shell Parasite","floor":19.0,"turns":6.0},{"damage":5.0,"enemies":"downfall:FleeingMerchant","floor":20.0,"turns":4.0},{"damage":8.0,"enemies":"Snecko","floor":21.0,"turns":7.0},{"damage":25.0,"enemies":"Shelled Parasite and Fungi","floor":22.0,"turns":5.0},{"damage":73,"enemies":"Slavers","floor":26,"turns":7},{"damage":41,"enemies":"Gremlin Leader","floor":28,"turns":6}],"seed_played":"-520528858547040334","potions_obtained":[{"floor":5.0,"key":"Block Potion"},{"floor":11.0,"key":"AttackPotion"},{"floor":13.0,"key":"Block Potion"},{"floor":15.0,"key":"SpeedPotion"},{"floor":22.0,"key":"BlessingOfTheForge"},{"floor":26,"key":"Strength Potion"}],"is_trial":false,"path_per_floor":["R","M","$","?","M","E","T","M","M","R","M","M","E","?","M","B",null,"R","M","$","M","M","?","T","R","E","R","E"],"character_chosen":"THE_CHAMP","items_purchased":["champ:FalseCounter"],"campfire_rested":1,"item_purchase_floors":[20],"current_hp_per_floor":[81,81,81,81,80,67,67,67,66,66,62,62,59,59,57,27,74,74,74,74,82,67,67,67,67,4,30,0,0,0],"gold":232,"neow_bonus":"TEN_PERCENT_HP_BONUS","is_daily":false,"chose_seed":false,"campfire_upgraded":4,"win_rate":0.0,"timestamp":1609938689,"path_taken":["R","M","$","?","M","E","T","M","?","R","M","?","E","?","M","BOSS","R","M","$","M","?","?","T","R","E","R","E"],"items_purchased_type":["Card"],"build_version":"2020-12-22","purchased_purges":1,"victory":false,"max_hp_per_floor":[89,89,89,89,89,89,89,89,89,89,89,89,89,89,89,89,89,89,89,89,89,89,89,89,89,89,89,89,89,89],"card_choices":[{"not_picked":["champ:Circumvent","champ:PreciseThrust"],"picked":"champ:BringItOn","floor":2.0},{"not_picked":["champ:PerfectedStrike","champ:EnragedBash"],"picked":"champ:FanOfKnives","floor":3.0},{"not_picked":["champ:Backstep","champ:Circumvent"],"picked":"champ:ShieldWall","floor":5.0},{"not_picked":["champ:ArenaPreparation","champ:GladiatorsShout"],"picked":"champ:HoldFirm","floor":6.0},{"not_picked":["champ:FanOfKnives","champ:ViciousMockery"],"picked":"champ:FocusedDefense","floor":8.0},{"not_picked":["champ:FanOfKnives","champ:FaceSlap"],"picked":"champ:Balance","floor":9.0},{"not_picked":["champ:GladiatorsShout","champ:BringItOn"],"picked":"champ:Haymaker","floor":11.0},{"not_picked":["champ:CalledShot","champ:GladiatorsShout"],"picked":"champ:DefensiveStyle","floor":12.0},{"not_picked":["champ:EnragedBash","champ:ViciousMockery"],"picked":"champ:StanceDance","floor":13.0},{"not_picked":["champ:Riposte","champ:DeathBlow"],"picked":"champ:Backstep","floor":15.0},{"not_picked":["champ:HoldFirm","champ:StrikeOfGenius"],"picked":"champ:VampiricStrike","floor":16.0},{"not_picked":["champ:Circumvent","champ:DefensiveShout"],"picked":"champ:CalledShot+1","floor":19.0},{"not_picked":["champ:Lariat","champ:Circumvent"],"picked":"champ:RisingSlash","floor":20.0},{"not_picked":["champ:GutPunch","champ:FaceSlap"],"picked":"champ:FocusedBerserking","floor":21.0},{"not_picked":["champ:ShieldSigil","champ:HeartStrike"],"picked":"champ:RageSigil","floor":22.0},{"not_picked":["champ:SwordSigil","champ:FlashCut"],"picked":"champ:GladiatorsShout+1","floor":26},{"not_picked":["champ:Aggression","champ:RecklessLeap"],"picked":"champ:TornadoPunch","floor":27}],"player_experience":2397355,"relics_obtained":[{"floor":6.0,"key":"Smiling Mask"},{"floor":7.0,"key":"Bottled Tornado"},{"floor":13.0,"key":"Ancient Tea Set"},{"floor":24.0,"key":"Dream Catcher"},{"floor":26,"key":"Ornamental Fan"}],"event_choices":[{"damage_healed":0.0,"max_hp_gain":0.0,"max_hp_loss":0.0,"gold_gain":0.0,"event_name":"Upgrade Shrine","player_choice":"Upgraded","floor":4.0,"gold_loss":0.0,"damage_taken":0.0,"cards_upgraded":["champ:FanOfKnives"]},{"cards_removed":["champ:Strike"],"damage_healed":0.0,"max_hp_gain":0.0,"max_hp_loss":0.0,"gold_gain":0.0,"event_name":"Purifier","player_choice":"Purged","floor":14.0,"gold_loss":0.0,"damage_taken":0.0},{"damage_healed":0.0,"max_hp_gain":0.0,"max_hp_loss":0.0,"gold_gain":0.0,"event_name":"Vampires","player_choice":"Ignored","floor":23.0,"gold_loss":0.0,"damage_taken":0.0}],"is_beta":false,"boss_relics":[{"not_picked":["downfall:Hecktoplasm","Calling Bell"],"picked":"champ:PowerArmor"}],"items_purged_floors":[3],"is_endless":false,"potions_floor_spawned":[5,11,13,15,22,26],"killed_by":"Gremlin Leader","ascension_level":17}}