{"host":"a0paspe0zwqgzttz","time":1609900808,"event":{"mods":["AchievementEnabler","Act Like it!","BaseMod","BetterRewards","Colored Powertips","Conspire","Downfall","GifTheSpireLib","Hermit","Highlight Path","Lobotomy","Marisa????????","Minty Spire (QoL Compilation)","Quick Restart","Replay The Spire","Robot Space Explorer","Shop Mod","StSLib","SuperFastMode","The Bug Knight","The Construct","The Cursed","The Hierophant","The Jungle","The Mystic","The Necromancer","The Runesmith","The Senshi","The Servant 0.9.4"],"gold_per_floor":[124,24,99,99,29,29,97,130,180,180,31,56,84,54,54,152,152,167,167,180,180,40,40,40,40],"floor_reached":24,"playtime":1555,"items_purged":[],"score":192,"play_id":"274fd5f0-0047-4f6a-b7c0-e30eeb4229c8","local_time":"20210105214008","is_ascension_mode":false,"campfire_choices":[{"floor":6,"key":"REST"},{"floor":10,"key":"REST"},{"floor":15,"key":"REST"},{"data":"hermit:DeadOrAlive","floor":23,"key":"SMITH"}],"circlet_count":0,"master_deck":["hermit:Strike_Hermit","hermit:Strike_Hermit","hermit:Strike_Hermit","hermit:Strike_Hermit","hermit:Defend_Hermit","hermit:Defend_Hermit","hermit:Defend_Hermit","hermit:Defend_Hermit","hermit:Snapshot","hermit:Covet","hermit:DeadOrAlive+1","hermit:Snipe","Ghostly","Regret","hermit:Brawl","hermit:Vantage","hermit:GhostlyPresence","hermit:Horror","hermit:LowProfile","hermit:Virtue","hermit:FinalCanter","hermit:Dive+1","hermit:Malice","hermit:Dive","hermit:Coalescence","hermit:Deadeye","hermit:Feint"],"relics":["hermit:ClaspedLocket","Divine Protection","Nunchaku","MealTicket","Vajra"],"acts_visited":["Exordium","TheCity"],"potions_floor_usage":[7,16,16,20,24],"damage_taken":[{"damage":16,"enemies":"2 Louse","floor":1,"turns":3},{"damage":22,"enemies":"Lagavulin","floor":7,"turns":8},{"damage":4,"enemies":"Small Slimes","floor":8,"turns":5},{"damage":0,"enemies":"Jaw Worm","floor":12,"turns":3},{"damage":11,"enemies":"Exordium Thugs","floor":13,"turns":5},{"damage":0,"enemies":"Looter","floor":14,"turns":4},{"damage":17,"enemies":"Fading Forest","floor":16,"turns":11},{"damage":7,"enemies":"Shell Parasite","floor":18,"turns":7},{"damage":22,"enemies":"3 Byrds","floor":20,"turns":6},{"damage":78,"enemies":"Gremlin Leader","floor":24,"turns":8}],"seed_played":"7283013240755034402","potions_obtained":[{"floor":1,"key":"Adrenaline Potion"},{"floor":8,"key":"sneckomod:MuddlingPotion"},{"floor":13,"key":"hermit:Eclipse"},{"floor":16,"key":"Reflective Coating"},{"floor":18,"key":"Languid Potion"}],"is_trial":false,"path_per_floor":["M","?","?","?","$","R","E","M","T","R","$","M","M","M","R","B",null,"M","?","M","$","$","R","E"],"character_chosen":"HERMIT","items_purchased":["hermit:Brawl","Vajra","hermit:Coalescence","hermit:Deadeye","hermit:Feint"],"campfire_rested":3,"item_purchase_floors":[5,11,22,22,22],"current_hp_per_floor":[38,38,27,27,27,49,27,23,23,45,60,60,49,49,71,54,75,70,70,49,64,75,75,0,0],"gold":40,"neow_bonus":"THREE_RARE_CARDS","is_daily":false,"chose_seed":false,"campfire_upgraded":1,"win_rate":0.0,"timestamp":1609900808,"path_taken":["M","?","?","?","?","R","E","M","T","R","$","?","M","M","R","BOSS","M","?","M","?","$","R","E"],"items_purchased_type":["Card","Relic","Card","Card","Card"],"build_version":"2020-12-22","purchased_purges":0,"victory":false,"max_hp_per_floor":[75,75,75,75,75,75,75,75,75,75,75,75,75,75,75,75,75,75,75,75,75,75,75,75,75],"card_choices":[{"not_picked":["hermit:Magnum","hermit:BlackWind"],"picked":"hermit:DeadOrAlive","floor":0},{"not_picked":["hermit:WideOpen","hermit:Feint"],"picked":"hermit:Snipe","floor":1},{"not_picked":["hermit:LuckOfTheDraw","hermit:Showdown"],"picked":"hermit:Vantage","floor":7},{"not_picked":["hermit:ItchyTrigger","hermit:TrackingShot"],"picked":"hermit:GhostlyPresence","floor":8},{"not_picked":["hermit:Ricochet","hermit:CalledShot"],"picked":"hermit:Horror","floor":12},{"not_picked":["hermit:LoneWolf","hermit:Headshot"],"picked":"hermit:LowProfile","floor":13},{"not_picked":["hermit:HighCaliber","hermit:TrackingShot"],"picked":"hermit:Virtue","floor":14},{"not_picked":["hermit:Adapt","hermit:EternalForm"],"picked":"hermit:FinalCanter","floor":16},{"not_picked":["hermit:Desperado","hermit:Ricochet"],"picked":"hermit:Dive+1","floor":18},{"not_picked":["hermit:CalledShot","hermit:Roulette+1"],"picked":"hermit:Dive","floor":20}],"player_experience":388298,"relics_obtained":[{"floor":7,"key":"Nunchaku"},{"floor":9,"key":"MealTicket"}],"event_choices":[{"damage_healed":0,"gold_gain":0,"player_choice":"Argue","damage_taken":0,"max_hp_gain":0,"max_hp_loss":0,"event_name":"conspire:LoneGhost","floor":2,"gold_loss":0},{"damage_healed":0,"gold_gain":75,"player_choice":"Gather Gold","damage_taken":11,"max_hp_gain":0,"max_hp_loss":0,"event_name":"World of Goop","floor":3,"gold_loss":0},{"damage_healed":0,"gold_gain":0,"player_choice":"Box","damage_taken":0,"relics_obtained":["Divine Protection"],"max_hp_gain":0,"max_hp_loss":0,"event_name":"Big Fish","floor":4,"gold_loss":0,"cards_obtained":["Regret"]},{"damage_healed":0,"gold_gain":0,"player_choice":"Read","damage_taken":0,"max_hp_gain":0,"max_hp_loss":0,"event_name":"The Library","floor":19,"gold_loss":0,"cards_obtained":["hermit:Malice"]}],"is_beta":false,"boss_relics":[{"not_picked":["SacredBark","Fusion Hammer"],"picked":"hermit:ClaspedLocket"}],"items_purged_floors":[],"is_endless":false,"potions_floor_spawned":[1,8,13,16,18],"killed_by":"Gremlin Leader","ascension_level":0}}