{"host":"hve1dyh1ly81yl9f","time":1609953395,"event":{"mods":["BaseMod","Colored Map","DeckTracker","Highlight Path","Keyboard Shortcuts","Minty Spire (QoL Compilation)","Permanent Neow","StSLib","SuperFastMode"],"gold_per_floor":[365,365,57,75,93,120,135,135,135],"floor_reached":8,"playtime":259,"items_purged":["Regret"],"score":58,"play_id":"364af5f3-1919-47b8-94f3-e6f178c01dd4","local_time":"20210107021635","is_ascension_mode":false,"campfire_choices":[],"circlet_count":0,"master_deck":["Strike_B","Strike_B","Strike_B","Strike_B","Defend_B","Defend_B","Defend_B","Defend_B","Zap","Dualcast","Go for the Eyes","FTL","Scrape","Scrape","Rebound","Gash"],"relics":["Cracked Core","Darkstone Periapt","Membership Card","Potion Belt"],"acts_visited":["Exordium"],"potions_floor_usage":[6,8,8],"damage_taken":[{"damage":1,"enemies":"Jaw Worm","floor":1,"turns":3},{"damage":0,"enemies":"Small Slimes","floor":4,"turns":2},{"damage":0,"enemies":"2 Louse","floor":5,"turns":1},{"damage":31,"enemies":"Lagavulin","floor":6,"turns":7},{"damage":9,"enemies":"2 Fungi Beasts","floor":7,"turns":2},{"damage":18,"enemies":"3 Sentries","floor":8,"turns":4}],"seed_played":"891346617846292431","potions_obtained":[{"floor":1,"key":"Ancient Potion"},{"floor":5,"key":"Energy Potion"},{"floor":7,"key":"Weak Potion"}],"is_trial":false,"path_per_floor":["M","?","$","M","M","E","M","E"],"character_chosen":"DEFECT","items_purchased":["FTL","Membership Card","Scrape"],"campfire_rested":0,"item_purchase_floors":[3,3,3],"current_hp_per_floor":[53,59,59,59,59,28,19,1,1],"gold":135,"neow_bonus":"TWO_FIFTY_GOLD","is_daily":false,"chose_seed":false,"campfire_upgraded":0,"win_rate":0.0,"timestamp":1609953395,"path_taken":["M","?","$","M","M","E","M","E"],"items_purchased_type":["Card","Relic","Card"],"build_version":"2020-12-22","purchased_purges":1,"victory":false,"max_hp_per_floor":[75,81,81,81,81,81,81,81,81],"card_choices":[{"not_picked":["Auto Shields","Steam"],"picked":"Go for the Eyes","floor":1},{"not_picked":["Darkness","Redo"],"picked":"Scrape","floor":4},{"not_picked":["Ball Lightning","Compile Driver","Auto Shields"],"picked":"SKIP","floor":5},{"not_picked":["Ball Lightning","Lockon"],"picked":"Rebound","floor":6},{"not_picked":["Beam Cell","Sunder"],"picked":"Gash","floor":7}],"player_experience":283642,"relics_obtained":[{"floor":6,"key":"Potion Belt"}],"event_choices":[{"damage_healed":0,"gold_gain":0,"player_choice":"Box","damage_taken":0,"relics_obtained":["Darkstone Periapt"],"max_hp_gain":0,"max_hp_loss":0,"event_name":"Big Fish","floor":2,"gold_loss":0,"cards_obtained":["Regret"]}],"is_beta":false,"boss_relics":[],"items_purged_floors":[3],"is_endless":false,"potions_floor_spawned":[1,5,7],"killed_by":"3 Sentries","ascension_level":0}}