{"host":"1cd1aqaox6jesai3","time":1609922677,"event":{"mods":["Act Like it!","Arknights The Spire","Astrologer","Bartender","BaseMod","Colored Powertips","Googly Eyes","Hallownest","Infinite Spire","Mimic Mod","Minty Spire (QoL Compilation)","Replay The Spire","StSLib","The Bug Knight","The Construct","The Factory","The Hierophant"],"gold_per_floor":[116,141,141,141,183,247,293,317,317,363,363,374,389,389,389,494,494,503,541,541,322,347,387,141,141,141],"floor_reached":25,"playtime":1469,"items_purged":[],"score":283,"play_id":"805fa147-ca59-4687-8cac-768e8c16f144","local_time":"20210106034437","is_ascension_mode":false,"campfire_choices":[{"data":"hierophant:ChurchCoffers","floor":11,"key":"SMITH"},{"data":"hierophant:Charity","floor":15,"key":"SMITH"}],"circlet_count":0,"master_deck":["hierophant:Strike_Hierophant","hierophant:Strike_Hierophant","hierophant:Strike_Hierophant","hierophant:Strike_Hierophant+1","hierophant:Punish","hierophant:Defend_Hierophant","hierophant:Defend_Hierophant","hierophant:Defend_Hierophant","hierophant:Defend_Hierophant","hierophant:ChurchCoffers+1","hierophant:RustyCrate","hierophant:Doubloon","hierophant:Doubloon","hierophant:EyeForCoin+1","infinitespire:Gouge","hierophant:Doubloon","hierophant:Remorse","hierophant:OrnateBuckler","hierophant:Doubloon","hierophant:Charity","hierophant:Doubloon+1","hierophant:Glossolalia","hierophant:Doubloon","hierophant:Charity+1","Regret","hierophant:Doubloon+1","hierophant:AuricForm","hierophant:Refuge","hierophant:Doubloon","hierophant:Doubloon+1","hierophant:Doubloon","hierophant:Doubloon+1"],"relics":["hierophant:PropheticMaskRelic","NeowsBlessing","Bird Faced Urn","Choco_Feather","Torii","construct:RocketBooster","infinitespire:PuzzleCube","Cursed Key","Strange Spoon","ReplayTheSpireMod:TigerMarble","Question Card"],"acts_visited":["Exordium","TheCity"],"potions_floor_usage":[16,18],"damage_taken":[{"damage":0,"enemies":"Small Slimes","floor":1,"turns":1},{"damage":0,"enemies":"Jaw Worm","floor":5,"turns":1},{"damage":0,"enemies":"Lagavulin","floor":6,"turns":1},{"damage":0,"enemies":"2 Louse","floor":7,"turns":2},{"damage":32,"enemies":"3 Sentries","floor":8,"turns":7},{"damage":0,"enemies":"Blue Slaver","floor":10,"turns":1},{"damage":0,"enemies":"Exordium Wildlife","floor":12,"turns":2},{"damage":0,"enemies":"Large Slime","floor":13,"turns":4},{"damage":28,"enemies":"Fading Forest","floor":16,"turns":11},{"damage":5,"enemies":"3 Byrds","floor":18,"turns":2},{"damage":25,"enemies":"Shell Parasite","floor":19,"turns":4},{"damage":13,"enemies":"3 Cultists","floor":22,"turns":4},{"damage":61,"enemies":"Slavers","floor":23,"turns":5},{"damage":7,"enemies":"Snecko","floor":25,"turns":1}],"seed_played":"5778018176005363090","potions_obtained":[{"floor":5,"key":"Doom Potion"},{"floor":7,"key":"Strength Potion"},{"floor":8,"key":"Energy Potion"},{"floor":10,"key":"ColorlessPotion"},{"floor":19,"key":"ColorlessPotion"},{"floor":23,"key":"SkillPotion"}],"is_trial":false,"path_per_floor":["M","?","?","?","M","E","M","E","T","M","R","M","M","?","R","B",null,"M","M","?","$","M","E","$","M"],"character_chosen":"HIEROPHANT","items_purchased":["hierophant:Refuge","Strange Spoon","Question Card"],"campfire_rested":0,"item_purchase_floors":[21,21,24],"current_hp_per_floor":[75,75,75,57,57,57,57,27,27,27,27,27,29,29,29,7,75,70,53,75,75,62,7,7,0,0],"gold":141,"neow_bonus":"THREE_ENEMY_KILL","is_daily":false,"chose_seed":false,"campfire_upgraded":2,"win_rate":0.0,"timestamp":1609922677,"path_taken":["M","?","?","?","M","E","M","E","T","M","R","M","?","?","R","BOSS","M","M","?","?","M","E","$","M"],"items_purchased_type":["Card","Relic","Relic"],"build_version":"2020-12-22","purchased_purges":0,"victory":false,"max_hp_per_floor":[75,75,75,75,75,75,75,75,75,75,75,75,75,75,75,75,75,75,75,75,75,75,75,75,75,75],"card_choices":[{"not_picked":["hierophant:Purify","hierophant:HammerAndAnvil"],"picked":"hierophant:RustyCrate","floor":1},{"not_picked":["hierophant:OrnateJavelin","hierophant:Mercenaries"],"picked":"hierophant:EyeForCoin","floor":2},{"not_picked":["infinitespire:Execution","infinitespire:SealOfDarkness+"],"picked":"infinitespire:Gouge","floor":4},{"not_picked":["hierophant:Endure","hierophant:SealAway"],"picked":"hierophant:Remorse","floor":5},{"not_picked":["hierophant:Batter","hierophant:WrathOfGod"],"picked":"hierophant:OrnateBuckler","floor":6},{"not_picked":["hierophant:TollTheBells","hierophant:Embezzle"],"picked":"hierophant:Charity","floor":7},{"not_picked":["hierophant:TollTheBells","hierophant:Sermon"],"picked":"hierophant:Glossolalia","floor":8},{"not_picked":["hierophant:Doomsaying","hierophant:Rebuild","hierophant:Encroach"],"picked":"SKIP","floor":10},{"not_picked":["hierophant:CoinFling","hierophant:Dazzle","hierophant:Blessing"],"picked":"SKIP","floor":12},{"not_picked":["hierophant:Doomsaying","hierophant:DisplayOfPower"],"picked":"hierophant:Charity","floor":13},{"not_picked":["hierophant:Anathema","hierophant:Batter"],"picked":"hierophant:AuricForm","floor":16},{"not_picked":["hierophant:SealAway+1","hierophant:Sermon","hierophant:HammerAndAnvil"],"picked":"SKIP","floor":18},{"not_picked":["hierophant:Purify","hierophant:Doomsaying","hierophant:PassingBell"],"picked":"SKIP","floor":19},{"not_picked":["hierophant:OrnateBuckler","hierophant:Smite+1"],"picked":"hierophant:Doubloon","floor":22},{"not_picked":["hierophant:Chorus","hierophant:Levitation","hierophant:PassingBell"],"picked":"SKIP","floor":23}],"player_experience":159975,"relics_obtained":[{"floor":2,"key":"Bird Faced Urn"},{"floor":6,"key":"Choco_Feather"},{"floor":8,"key":"Torii"},{"floor":9,"key":"construct:RocketBooster"},{"floor":23,"key":"ReplayTheSpireMod:TigerMarble"}],"event_choices":[{"damage_healed":0,"gold_gain":0,"player_choice":"Grow","damage_taken":0,"max_hp_gain":0,"max_hp_loss":0,"event_name":"Living Wall","floor":3,"gold_loss":0,"cards_upgraded":["hierophant:EyeForCoin"]},{"damage_healed":0,"gold_gain":0,"player_choice":"Box","damage_taken":0,"relics_obtained":["infinitespire:PuzzleCube"],"max_hp_gain":0,"max_hp_loss":0,"event_name":"Big Fish","floor":14,"gold_loss":0,"cards_obtained":["Regret"]},{"damage_healed":22,"gold_gain":0,"player_choice":"Full Heal","damage_taken":0,"max_hp_gain":0,"max_hp_loss":0,"event_name":"Wheel of Change","floor":20,"gold_loss":0}],"is_beta":false,"boss_relics":[{"not_picked":["ChewingGum","ReplayTheSpireMod:DimensionalGlitch"],"picked":"Cursed Key"}],"items_purged_floors":[],"is_endless":false,"potions_floor_spawned":[5,7,8,10,19,23],"killed_by":"Snecko","ascension_level":0}}