{"host":"dmdprxj8bosbz96f","time":1609908401,"event":{"mods":["AchievementEnabler","BaseMod","Colored Map","DeckTracker","Minty Spire (QoL Compilation)","Quick Restart","SuperFastMode","everything is the same but u backflip on backflip"],"gold_per_floor":[116,116,135,60,72,72,88,114,139,139,154,154,54,67,67,168,168,188,63,79,95,108,108,108,108],"floor_reached":24,"playtime":632,"items_purged":["Defend_G","Defend_G","Defend_G"],"score":281,"play_id":"80b1191c-14a0-4298-a4d7-2f8412248101","local_time":"20210106134641","is_ascension_mode":true,"campfire_choices":[{"floor":10.0,"key":"REST"},{"data":"Corpse Explosion","floor":12.0,"key":"SMITH"},{"floor":15.0,"key":"REST"},{"floor":23.0,"key":"REST"}],"circlet_count":0,"master_deck":["Strike_G","Strike_G","Strike_G","Strike_G","Strike_G","Survivor","Neutralize","Corpse Explosion+1","Corpse Explosion+1","PiercingWail","PiercingWail","Reflex","Footwork","Catalyst","Bullet Time","Dagger Throw","Blur","Deflect"],"relics":["Ring of the Snake","Pear","HornCleat","PreservedInsect","Cursed Key"],"acts_visited":["Exordium","TheCity"],"potions_floor_usage":[],"damage_taken":[{"damage":21.0,"enemies":"2 Louse","floor":1.0,"turns":3.0},{"damage":1.0,"enemies":"Cultist","floor":3.0,"turns":3.0},{"damage":0.0,"enemies":"Small Slimes","floor":5.0,"turns":3.0},{"damage":0.0,"enemies":"Exordium Wildlife","floor":7.0,"turns":2.0},{"damage":35.0,"enemies":"3 Sentries","floor":8.0,"turns":6.0},{"damage":3.0,"enemies":"3 Louse","floor":11.0,"turns":2.0},{"damage":11.0,"enemies":"Looter","floor":14.0,"turns":3.0},{"damage":38.0,"enemies":"The Guardian","floor":16.0,"turns":8.0},{"damage":0.0,"enemies":"Chosen","floor":18.0,"turns":4.0},{"damage":28.0,"enemies":"Spheric Guardian","floor":20.0,"turns":6.0},{"damage":1.0,"enemies":"Snake Plant","floor":21.0,"turns":3.0},{"damage":21.0,"enemies":"Shelled Parasite and Fungi","floor":22.0,"turns":4.0},{"damage":24,"enemies":"Book of Stabbing","floor":24,"turns":5}],"seed_played":"-5927400238928518219","potions_obtained":[{"floor":1.0,"key":"SkillPotion"},{"floor":5.0,"key":"PowerPotion"},{"floor":8.0,"key":"DuplicationPotion"},{"floor":14.0,"key":"AttackPotion"},{"floor":21.0,"key":"FearPotion"}],"is_trial":false,"path_per_floor":["M","?","M","$","M","T","M","E","T","R","M","R","$","M","R","B",null,"M","$","M","M","M","R","E"],"character_chosen":"THE_SILENT","items_purchased":[],"campfire_rested":3,"item_purchase_floors":[],"current_hp_per_floor":[42,42,41,41,41,51,51,16,16,37,34,34,34,23,44,6,56,56,56,28,27,6,27,3,3],"gold":108,"neow_bonus":"TRANSFORM_TWO_CARDS","is_daily":false,"chose_seed":false,"campfire_upgraded":1,"win_rate":0.0,"timestamp":1609908401,"path_taken":["M","?","?","?","M","?","M","E","T","R","M","R","$","M","R","BOSS","M","$","?","M","?","R","E"],"items_purchased_type":[],"build_version":"2020-12-22","purchased_purges":3,"victory":false,"max_hp_per_floor":[63,63,63,63,63,73,73,73,73,73,73,73,73,73,73,73,73,73,73,73,73,73,73,73,73],"card_choices":[{"not_picked":["Quick Slash","Flying Knee"],"picked":"PiercingWail","floor":1.0},{"not_picked":["Blade Dance","Dodge and Roll"],"picked":"PiercingWail","floor":3.0},{"not_picked":["Predator","Underhanded Strike","Storm of Steel"],"picked":"SKIP","floor":5.0},{"not_picked":["Outmaneuver","Dagger Spray"],"picked":"Reflex","floor":7.0},{"not_picked":["Masterful Stab","Blade Dance","Poisoned Stab"],"picked":"SKIP","floor":8.0},{"not_picked":["Accuracy","Infinite Blades"],"picked":"Footwork","floor":11.0},{"not_picked":["Prepared","Blade Dance"],"picked":"Catalyst","floor":14.0},{"not_picked":["Storm of Steel","Night Terror"],"picked":"Bullet Time","floor":16.0},{"not_picked":["Flying Knee+1","Quick Slash+1"],"picked":"Dagger Throw","floor":18.0},{"not_picked":["Prepared","Dagger Spray"],"picked":"Blur","floor":20.0},{"not_picked":["Dagger Spray","Outmaneuver","Flechettes"],"picked":"SKIP","floor":21.0},{"not_picked":["Outmaneuver+1","Slice+1"],"picked":"Deflect","floor":22.0}],"player_experience":159466,"relics_obtained":[{"floor":6.0,"key":"Pear"},{"floor":8.0,"key":"HornCleat"},{"floor":9.0,"key":"PreservedInsect"}],"event_choices":[{"damage_healed":0.0,"max_hp_gain":0.0,"max_hp_loss":0.0,"gold_gain":0.0,"event_name":"Upgrade Shrine","player_choice":"Upgraded","floor":2.0,"gold_loss":0.0,"damage_taken":0.0,"cards_upgraded":["Corpse Explosion"]}],"is_beta":false,"boss_relics":[{"not_picked":["Velvet Choker","Snecko Eye"],"picked":"Cursed Key"}],"items_purged_floors":[4,13,19],"is_endless":false,"potions_floor_spawned":[1,5,8,14,21],"killed_by":"Book of Stabbing","ascension_level":5}}