{"host":"n04iuia2ggo2ce0d","time":1609964594,"event":{"mods":["AchievementEnabler","BaseMod","Colored Map","Colored Powertips","Googly Eyes","Minty Spire (QoL Compilation)","Permanent Neow","Quick Restart","StSLib","Waifu the Spire"],"gold_per_floor":[119,119,119,119,119,119,119,119,201,235,260,272,272,292,292,374,374,400,400,400,423,443,443,443],"floor_reached":23,"playtime":1116,"items_purged":[],"score":350,"play_id":"66739fc4-f100-46e4-9b6f-28d4626a0625","local_time":"20210106212314","is_ascension_mode":true,"campfire_choices":[{"floor":6,"key":"REST"},{"data":"Footwork","floor":8,"key":"SMITH"},{"floor":15,"key":"REST"}],"circlet_count":0,"master_deck":["AscendersBane","Strike_G+1","Strike_G+1","Strike_G+1","Strike_G+1","Defend_G+1","Defend_G+1","Defend_G+1","Defend_G+1","Defend_G+1","Survivor+1","Neutralize+1","CurseOfTheBell","Footwork+1","Riddle With Holes","Glass Knife","Caltrops","Wraith Form v2","Slice","Deflect","Deflect"],"relics":["Calling Bell","Ornamental Fan","CeramicFish","CaptainsWheel","Pen Nib","Blue Candle","War Paint","Letter Opener","Black Star"],"acts_visited":["Exordium","TheCity"],"potions_floor_usage":[16,22,23,23],"damage_taken":[{"damage":1,"enemies":"Small Slimes","floor":1,"turns":5},{"damage":37,"enemies":"3 Sentries","floor":10,"turns":17},{"damage":0,"enemies":"2 Louse","floor":11,"turns":2},{"damage":2,"enemies":"Jaw Worm","floor":12,"turns":4},{"damage":0,"enemies":"Exordium Thugs","floor":14,"turns":5},{"damage":28,"enemies":"Hexaghost","floor":16,"turns":13},{"damage":18,"enemies":"3 Byrds","floor":18,"turns":5},{"damage":13,"enemies":"Shell Parasite","floor":21,"turns":6},{"damage":16,"enemies":"Centurion and Healer","floor":22,"turns":8},{"damage":14,"enemies":"Book of Stabbing","floor":23,"turns":1}],"seed_played":"-7654077968443951196","potions_obtained":[{"floor":11,"key":"GamblersBrew"},{"floor":12,"key":"AttackPotion"},{"floor":16,"key":"SpeedPotion"},{"floor":21,"key":"SkillPotion"},{"floor":22,"key":"Strength Potion"}],"is_trial":false,"path_per_floor":["M","?","?","?","?","R","?","R","T","E","M","M","T","M","R","B",null,"M","?","?","M","M","E"],"character_chosen":"THE_SILENT","items_purchased":[],"campfire_rested":2,"item_purchase_floors":[],"current_hp_per_floor":[58,63,42,35,30,51,51,51,51,14,14,12,12,12,33,5,55,37,37,37,24,8,0,0],"gold":443,"neow_bonus":"BOSS_RELIC","is_daily":false,"chose_seed":false,"campfire_upgraded":1,"win_rate":0.0,"timestamp":1609964594,"path_taken":["M","?","?","?","?","R","?","R","T","E","M","M","?","M","R","BOSS","M","?","?","M","?","E"],"items_purchased_type":[],"build_version":"2020-12-22","purchased_purges":0,"victory":false,"max_hp_per_floor":[66,71,71,71,71,71,71,71,71,71,71,71,71,71,71,71,71,71,71,71,71,71,71,71],"card_choices":[{"not_picked":["Calculated Gamble","Heel Hook"],"picked":"Footwork","floor":1},{"not_picked":["Flying Knee","Prepared"],"picked":"Riddle With Holes","floor":10},{"not_picked":["Dagger Spray","Outmaneuver"],"picked":"Glass Knife","floor":11},{"not_picked":["Flying Knee","Endless Agony","Tactician"],"picked":"SKIP","floor":12},{"not_picked":["Well Laid Plans","Backflip"],"picked":"Caltrops","floor":14},{"not_picked":["Phantasmal Killer","Tools of the Trade"],"picked":"Wraith Form v2","floor":16},{"not_picked":["Outmaneuver","Sucker Punch+1"],"picked":"Slice","floor":18},{"not_picked":["Slice","Poisoned Stab"],"picked":"Deflect","floor":21},{"not_picked":["Acrobatics","Slice"],"picked":"Deflect","floor":22}],"player_experience":483117,"relics_obtained":[{"floor":0,"key":"Ornamental Fan"},{"floor":0,"key":"CeramicFish"},{"floor":0,"key":"CaptainsWheel"},{"floor":9,"key":"Blue Candle"},{"floor":10,"key":"War Paint"},{"floor":13,"key":"Letter Opener"}],"event_choices":[{"damage_healed":0,"gold_gain":0,"player_choice":"Donut","damage_taken":0,"max_hp_gain":5,"max_hp_loss":0,"event_name":"Big Fish","floor":2,"gold_loss":0},{"damage_healed":0,"gold_gain":0,"player_choice":"Entered Light","damage_taken":21,"max_hp_gain":0,"max_hp_loss":0,"event_name":"Shining Light","floor":3,"gold_loss":0,"cards_upgraded":["Strike_G","Neutralize"]},{"cards_removed":["Strike_G"],"damage_healed":0,"gold_gain":0,"player_choice":"Card Removal","damage_taken":7,"max_hp_gain":0,"max_hp_loss":0,"event_name":"Golden Wing","floor":4,"gold_loss":0},{"damage_healed":0,"gold_gain":0,"player_choice":"Success","damage_taken":5,"relics_obtained":["Pen Nib"],"max_hp_gain":0,"max_hp_loss":0,"event_name":"Scrap Ooze","floor":5,"gold_loss":0},{"damage_healed":0,"gold_gain":0,"player_choice":"Ignored","damage_taken":0,"max_hp_gain":0,"max_hp_loss":0,"event_name":"Liars Game","floor":7,"gold_loss":0},{"damage_healed":0,"gold_gain":0,"player_choice":"Ignored","damage_taken":0,"max_hp_gain":0,"max_hp_loss":0,"event_name":"Cursed Tome","floor":19,"gold_loss":0},{"damage_healed":0,"gold_gain":0,"player_choice":"Simplicity","damage_taken":0,"max_hp_gain":0,"max_hp_loss":0,"event_name":"Back to Basics","floor":20,"gold_loss":0,"cards_upgraded":["Strike_G","Strike_G","Strike_G","Defend_G","Defend_G","Defend_G","Defend_G"]}],"is_beta":false,"boss_relics":[{"not_picked":["Runic Dome","Busted Crown"],"picked":"Black Star"}],"items_purged_floors":[],"is_endless":false,"potions_floor_spawned":[11,12,16,21,22],"killed_by":"Book of Stabbing","ascension_level":17}}