{"host":"w01zow3jg16g8jdh","time":1609946511,"event":{"mods":["AchievementEnabler","BaseMod","DeckTracker","Keyboard Shortcuts","Minty Spire (QoL Compilation)","Permanent Neow","StSLib","SuperFastMode"],"gold_per_floor":[12,12,30,50,50,75,75,101,127,127,127,162,175,188,188,261,261,276,289,302,317,330,330,330],"floor_reached":23,"playtime":563,"items_purged":[],"score":480,"play_id":"44a9abd2-2c34-4012-8d40-4420b232ab3f","local_time":"20210107002151","is_ascension_mode":true,"campfire_choices":[{"data":"Eruption","floor":7.0,"key":"SMITH"},{"data":"Adaptation","floor":10.0,"key":"SMITH"},{"data":"MentalFortress","floor":15.0,"key":"SMITH"}],"circlet_count":0,"master_deck":["AscendersBane","Strike_P+1","Strike_P+1","Defend_P","Eruption+1","Vigilance","EmptyFist","WheelKick","Adaptation+1","EmptyBody","MentalFortress+1","Omniscience","Swivel+1"],"relics":["PureWater","Ancient Tea Set","Whetstone","Smiling Mask","Empty Cage"],"acts_visited":["Exordium","TheCity"],"potions_floor_usage":[],"damage_taken":[{"damage":2.0,"enemies":"Small Slimes","floor":1.0,"turns":3.0},{"damage":0.0,"enemies":"Cultist","floor":3.0,"turns":2.0},{"damage":5.0,"enemies":"2 Louse","floor":4.0,"turns":3.0},{"damage":10.0,"enemies":"3 Sentries","floor":6.0,"turns":5.0},{"damage":10.0,"enemies":"Lagavulin","floor":8.0,"turns":6.0},{"damage":0.0,"enemies":"Gremlin Nob","floor":12.0,"turns":2.0},{"damage":0.0,"enemies":"Blue Slaver","floor":13.0,"turns":1.0},{"damage":0.0,"enemies":"2 Fungi Beasts","floor":14.0,"turns":3.0},{"damage":6.0,"enemies":"Slime Boss","floor":16.0,"turns":6.0},{"damage":3.0,"enemies":"Shell Parasite","floor":18.0,"turns":5.0},{"damage":1.0,"enemies":"3 Byrds","floor":19.0,"turns":6.0},{"damage":21.0,"enemies":"Sentry and Sphere","floor":20.0,"turns":6.0},{"damage":17.0,"enemies":"Snake Plant","floor":21.0,"turns":4.0},{"damage":6.0,"enemies":"Shelled Parasite and Fungi","floor":22.0,"turns":4.0},{"damage":37,"enemies":"Book of Stabbing","floor":23,"turns":7}],"seed_played":"-6486144157629418566","potions_obtained":[{"floor":3.0,"key":"AttackPotion"},{"floor":4.0,"key":"Block Potion"},{"floor":6.0,"key":"Block Potion"},{"floor":14.0,"key":"SneckoOil"},{"floor":16.0,"key":"Block Potion"},{"floor":20.0,"key":"FairyPotion"},{"floor":21.0,"key":"DuplicationPotion"}],"is_trial":false,"path_per_floor":["M","?","M","M","?","E","R","E","T","R","?","E","M","M","R","B",null,"M","M","M","M","M","E"],"character_chosen":"WATCHER","items_purchased":[],"campfire_rested":0,"item_purchase_floors":[],"current_hp_per_floor":[59,59,59,54,54,44,44,34,34,34,34,34,34,34,34,28,58,55,54,33,16,10,0,0],"gold":330,"neow_bonus":"REMOVE_TWO","is_daily":false,"chose_seed":false,"campfire_upgraded":3,"win_rate":0.0,"timestamp":1609946511,"path_taken":["M","?","M","?","?","E","R","E","T","R","?","E","M","M","R","BOSS","M","M","M","M","M","E"],"items_purchased_type":[],"build_version":"2020-12-22","purchased_purges":0,"victory":false,"max_hp_per_floor":[68,68,68,68,68,68,68,68,68,68,68,68,68,68,68,68,68,68,68,68,68,68,68,68],"card_choices":[{"not_picked":["FlyingSleeves","SandsOfTime","JustLucky"],"picked":"SKIP","floor":1.0},{"not_picked":["Collect","Crescendo"],"picked":"EmptyFist","floor":3.0},{"not_picked":["ReachHeaven","Evaluate"],"picked":"WheelKick","floor":4.0},{"not_picked":["ClearTheMind","ReachHeaven","Sanctity"],"picked":"SKIP","floor":6.0},{"not_picked":["WaveOfTheHand","Evaluate"],"picked":"Adaptation","floor":8.0},{"not_picked":["SandsOfTime","Fasting2"],"picked":"EmptyBody","floor":12.0},{"not_picked":["BowlingBash","PathToVictory"],"picked":"MentalFortress","floor":13.0},{"not_picked":["CutThroughFate","JustLucky","Collect"],"picked":"SKIP","floor":14.0},{"not_picked":["Judgement","MasterReality"],"picked":"Omniscience","floor":16.0},{"not_picked":["FlurryOfBlows","ClearTheMind","Consecrate"],"picked":"SKIP","floor":18.0},{"not_picked":["WindmillStrike+1","PathToVictory"],"picked":"Swivel+1","floor":19.0},{"not_picked":["Wireheading","Evaluate","CrushJoints"],"picked":"SKIP","floor":20.0},{"not_picked":["SashWhip","ClearTheMind","BowlingBash"],"picked":"SKIP","floor":21.0},{"not_picked":["BowlingBash","Establishment","CutThroughFate"],"picked":"SKIP","floor":22.0}],"player_experience":299782,"relics_obtained":[{"floor":6.0,"key":"Ancient Tea Set"},{"floor":8.0,"key":"Whetstone"},{"floor":12.0,"key":"Smiling Mask"}],"event_choices":[{"damage_healed":0.0,"max_hp_gain":0.0,"max_hp_loss":0.0,"gold_gain":0.0,"event_name":"WeMeetAgain","player_choice":"Ignored","floor":2.0,"gold_loss":0.0,"damage_taken":0.0},{"cards_removed":["Strike_P"],"damage_healed":0.0,"max_hp_gain":0.0,"max_hp_loss":0.0,"gold_gain":0.0,"event_name":"Living Wall","player_choice":"Forget","floor":5.0,"gold_loss":0.0,"damage_taken":0.0},{"damage_healed":0.0,"max_hp_gain":0.0,"max_hp_loss":0.0,"gold_gain":0.0,"event_name":"Liars Game","player_choice":"Ignored","floor":11.0,"gold_loss":0.0,"damage_taken":0.0}],"is_beta":false,"boss_relics":[{"not_picked":["Coffee Dripper","Tiny House"],"picked":"Empty Cage"}],"items_purged_floors":[],"is_endless":false,"potions_floor_spawned":[3,4,6,14,16,20,21],"killed_by":"Book of Stabbing","ascension_level":20}}