{"host":"lxihx0b6awoz2w1j","time":1609909227,"event":{"mods":["Aspiration","BaseMod","Better Third Choice","CapriCore","Colored Powertips","Downfall","Hermit","HololiveMod","Hubris","Infinite Spire","JesterMod","Luminous","Marisa????????","Melee Mod","Minty Spire (QoL Compilation)","Prisma Mod","Relic Stats","Shade Mod","Spicy Shops","StSLib","The Alterego","The Blue Laboratory","The Cursed","The Disciple","The Forsaken","The Immortal","The Jungle","The Runesmith","The Senshi","The Servant 0.9.4","Waifu the Spire"],"gold_per_floor":[111,111,129,141,141,141,141,141,141,173,193,51,51,65,65,160,210,228,255,267,267,283,315,335,335,362,362,322,322,337,365,365,464,464,476,476,486,486,499,499,516,526,573,585,610,262,380,380,380,380],"floor_reached":51,"playtime":2110,"items_purged":[],"score":737,"play_id":"fc9c989e-6526-4635-b89f-af83ad76d3c8","local_time":"20210106060027","is_ascension_mode":false,"campfire_choices":[{"data":"Perfected Strike","floor":6.0,"key":"SMITH"},{"data":"Shrug It Off","floor":8.0,"key":"SMITH"},{"data":"Metallicize","floor":13.0,"key":"SMITH"},{"data":"Inflame","floor":15.0,"key":"SMITH"},{"floor":25.0,"key":"REST"},{"floor":29.0,"key":"REST"},{"data":"Barricade","floor":32.0,"key":"SMITH"},{"data":"Luminosity","floor":40.0,"key":"SMITH"},{"data":"Juggernaut","floor":44.0,"key":"SMITH"},{"floor":49,"key":"REST"}],"circlet_count":0,"master_deck":["Strike_R","Strike_R+1","Strike_R","Strike_R","Strike_R","Defend_R","Defend_R+1","Defend_R","Defend_R+1","Bash+1","Perfected Strike+1","Iron Wave+1","Shrug It Off+1","Sword Boomerang+1","Inflame+1","Metallicize+1","Wild Strike+1","Juggernaut+1","Sword Boomerang+1","Anger+1","Perfected Strike+1","Pummel","Inflame","Iron Wave+1","Necronomicurse","Wild Strike+1","Barricade+1","Demon Form","Battle Trance","infinitespire:Punishment","Contraction+1","Luminosity+1","Defy+1","Evolve+1","expansioncontent:DecasProtection","infinitespire:Oblivion","Defy+1"],"relics":["Burning Blood","theForsaken:HumbleEgg","hubris:ChampionShield","War Paint","Tiny House","Red Mask","Hololive_LightStick","Akabeko","Necronomicon","aspiration:Lifesprig","aspiration:ServantSkillbook","Matryoshka","MawBank","CeramicFish","infinitespire:Eraser","infinitespire:PuzzleCube","StoneCalendar"],"acts_visited":["Exordium","TheCity","TheBeyond"],"potions_floor_usage":[],"damage_taken":[{"damage":7.0,"enemies":"2 Louse","floor":1.0,"turns":2.0},{"damage":0.0,"enemies":"Small Slimes","floor":3.0,"turns":3.0},{"damage":6.0,"enemies":"Jaw Worm","floor":4.0,"turns":3.0},{"damage":15.0,"enemies":"Lagavulin","floor":10.0,"turns":6.0},{"damage":10.0,"enemies":"Exordium Wildlife","floor":11.0,"turns":6.0},{"damage":19.0,"enemies":"Large Slime","floor":14.0,"turns":4.0},{"damage":27.0,"enemies":"The Guardian","floor":16.0,"turns":8.0},{"damage":20.0,"enemies":"2 Thieves","floor":18.0,"turns":3.0},{"damage":30.0,"enemies":"Masked Bandits","floor":19.0,"turns":4.0},{"damage":8.0,"enemies":"Shell Parasite","floor":20.0,"turns":4.0},{"damage":23.0,"enemies":"Shelled Parasite and Fungi","floor":22.0,"turns":6.0},{"damage":45.0,"enemies":"Book of Stabbing","floor":23.0,"turns":6.0},{"damage":2.0,"enemies":"Cultist and Chosen","floor":24.0,"turns":5.0},{"damage":0.0,"enemies":"Sentry and Sphere","floor":30.0,"turns":3.0},{"damage":13.0,"enemies":"Slavers","floor":31.0,"turns":4.0},{"damage":35.0,"enemies":"Automaton","floor":33.0,"turns":8.0},{"damage":4.0,"enemies":"3 Darklings","floor":35.0,"turns":5.0},{"damage":0.0,"enemies":"Orb Walker","floor":37.0,"turns":2.0},{"damage":0.0,"enemies":"Maw","floor":39.0,"turns":5.0},{"damage":46.0,"enemies":"Writhing Mass","floor":41.0,"turns":5.0},{"damage":0.0,"enemies":"Transient","floor":42.0,"turns":5.0},{"damage":23.0,"enemies":"Spire Growth","floor":45.0,"turns":4.0},{"damage":1.0,"enemies":"infinitespire:Three Voidlings","floor":47.0,"turns":4.0},{"damage":150.0,"enemies":"Nightmare_Alpha","floor":47.0,"turns":12.0},{"damage":32,"enemies":"Time Eater","floor":50,"turns":9}],"seed_played":"2299984897304943196","potions_obtained":[{"floor":1.0,"key":"blueLaboratory:PolymorphPotion"},{"floor":3.0,"key":"BloodPotion"},{"floor":11.0,"key":"blueLaboratory:NullPotion"},{"floor":16.0,"key":"Explosive Potion"},{"floor":17.0,"key":"FairyPotion"},{"floor":19.0,"key":"blueLaboratory:AbyssPotion"},{"floor":21.0,"key":"BloodPotion"},{"floor":21.0,"key":"blueLaboratory:LouseDecoction"},{"floor":24.0,"key":"SmokeBomb"},{"floor":28.0,"key":"DuplicationPotion"},{"floor":28.0,"key":"blueLaboratory:BottledHope"},{"floor":31.0,"key":"champ:CounterPotion"},{"floor":41.0,"key":"Fruit Juice"},{"floor":42.0,"key":"blueLaboratory:ForbiddenFruitJuice"}],"is_trial":false,"path_per_floor":["M","?","M","M","?","R","?","R","T","E","M","$","R","M","R","B",null,"M","?","M","?","M","E","M","R","T","?","?","R","M","E","R","B",null,"M","AVR","M","?","M","R","M","M","T","R","M","$","?","?","R","B",null],"character_chosen":"IRONCLAD","items_purchased":["War Paint","Metallicize","infinitespire:Eraser","infinitespire:PuzzleCube","expansioncontent:DecasProtection"],"campfire_rested":3,"item_purchase_floors":[12,12,46,46,46],"current_hp_per_floor":[87,87,88,88,88,88,88,88,88,79,75,75,75,62,62,41,93,93,69,67,85,68,29,33,60,60,44,44,71,77,70,70,41,93,93,93,93,93,93,93,58,64,64,64,47,47,32,32,58,32],"gold":380,"neow_bonus":"TEN_PERCENT_HP_BONUS","is_daily":false,"chose_seed":false,"campfire_upgraded":7,"win_rate":0.0,"timestamp":1609909227,"path_taken":["M","?","M","M","?","R","?","R","T","E","M","?","R","M","R","BOSS","M","?","M","?","?","E","M","R","T","?","?","R","M","E","R","BOSS","M","AVR","M","?","M","R","M","?","T","R","M","$","?","?","R","BOSS"],"items_purchased_type":["Relic","Card","Relic","Relic","Card"],"build_version":"2020-12-22","purchased_purges":0,"victory":true,"max_hp_per_floor":[88,88,88,88,88,88,88,88,88,88,88,88,88,88,88,88,93,93,93,93,93,93,93,93,93,93,93,93,93,93,93,93,93,93,93,93,93,93,93,93,98,98,98,98,98,98,88,88,88,88],"relic_stats":{"counters":[25,126],"CeramicFish":27,"StoneCalendar":[52],"Necronomicon":[21],"War Paint":["Defend_R","Defend_R"],"MawBank":36,"obtain_stats":[{"aspiration:Lifesprig":31,"Tiny House":17,"CeramicFish":43,"StoneCalendar":47,"War Paint":12,"MawBank":43,"Burning Blood":0,"Akabeko":26,"theForsaken:HumbleEgg":9,"Hololive_LightStick":23,"Matryoshka":36,"aspiration:ServantSkillbook":34,"Red Mask":19,"Necronomicon":27,"hubris:ChampionShield":10,"infinitespire:Eraser":46,"infinitespire:PuzzleCube":46},{"aspiration:Lifesprig":15,"Tiny House":7,"CeramicFish":21,"StoneCalendar":24,"War Paint":5,"MawBank":21,"Burning Blood":0,"Akabeko":13,"theForsaken:HumbleEgg":3,"Hololive_LightStick":12,"Matryoshka":17,"aspiration:ServantSkillbook":16,"Red Mask":9,"Necronomicon":13,"hubris:ChampionShield":4,"infinitespire:Eraser":22,"infinitespire:PuzzleCube":22},{"aspiration:Lifesprig":67,"Tiny House":32,"CeramicFish":97,"StoneCalendar":117,"War Paint":20,"MawBank":97,"Burning Blood":0,"Akabeko":60,"theForsaken:HumbleEgg":8,"Hololive_LightStick":55,"Matryoshka":80,"aspiration:ServantSkillbook":75,"Red Mask":39,"Necronomicon":60,"hubris:ChampionShield":14,"infinitespire:Eraser":101,"infinitespire:PuzzleCube":101}],"Burning Blood":127},"card_choices":[{"not_picked":["Dropkick","Ghostly Armor"],"picked":"Perfected Strike","floor":1.0},{"not_picked":["Flex","Sword Boomerang"],"picked":"Iron Wave","floor":3.0},{"not_picked":["Clothesline","Dropkick"],"picked":"Shrug It Off","floor":4.0},{"not_picked":["Limit Break","Pummel"],"picked":"Sword Boomerang+1","floor":10.0},{"not_picked":["Metallicize","Warcry+1"],"picked":"Inflame","floor":11.0},{"not_picked":["Anger+1","Rage"],"picked":"Wild Strike+1","floor":14.0},{"not_picked":["Fiend Fire","Berserk"],"picked":"Juggernaut","floor":16.0},{"not_picked":["True Grit+1","Shrug It Off+1"],"picked":"Sword Boomerang+1","floor":17.0},{"not_picked":["Thunderclap+1","True Grit+1"],"picked":"Anger+1","floor":18.0},{"not_picked":["Seeing Red","Body Slam+1"],"picked":"Perfected Strike+1","floor":19.0},{"not_picked":["hubris:SharpeningStone+1","Thunderclap+1"],"picked":"Pummel","floor":20.0},{"not_picked":["Perfected Strike+1","Fiend Fire"],"picked":"Inflame","floor":22.0},{"not_picked":["Rupture","Second Wind"],"picked":"Iron Wave+1","floor":23.0},{"not_picked":["Whirlwind","Disarm+1","Thunderclap+1"],"picked":"SKIP","floor":24.0},{"not_picked":["Warcry+1","Sword Boomerang+1"],"picked":"Wild Strike+1","floor":30.0},{"not_picked":["Battle Trance","Twin Strike+1"],"picked":"Barricade","floor":31.0},{"not_picked":["Barricade","Juggernaut"],"picked":"Demon Form","floor":33.0},{"not_picked":["Iron Wave+1","MoonPhase+1","Uppercut"],"picked":"Battle Trance","floor":35.0},{"not_picked":["Manipulate","GearUp+1","Rewind+1"],"picked":"Contraction+1","floor":37.0},{"not_picked":["Dark Embrace","Flex+1","FastForward+1"],"picked":"Luminosity","floor":39.0},{"not_picked":["Armaments+1","Reset","Second Wind"],"picked":"Defy+1","floor":41.0},{"not_picked":["Thunderclap+1","Potential+1","Anger+1"],"picked":"Evolve+1","floor":42.0},{"not_picked":["Headbutt+1","Rewind+1","FlawlessForm","Clash+1"],"picked":"SKIP","floor":45.0},{"not_picked":["infinitespire:FutureSight","infinitespire:Execution"],"picked":"infinitespire:Oblivion","floor":47},{"not_picked":["Replace+1","DoubleEdge+1","Alleviate+1"],"picked":"Defy+1","floor":47}],"player_experience":530628,"relics_obtained":[{"floor":9.0,"key":"theForsaken:HumbleEgg"},{"floor":10.0,"key":"hubris:ChampionShield"},{"floor":19.0,"key":"Red Mask"},{"floor":23.0,"key":"Hololive_LightStick"},{"floor":26.0,"key":"Akabeko"},{"floor":27.0,"key":"Necronomicon"},{"floor":31.0,"key":"aspiration:Lifesprig"},{"floor":43.0,"key":"MawBank"},{"floor":43.0,"key":"CeramicFish"},{"floor":47,"key":"StoneCalendar"}],"event_choices":[{"damage_healed":0.0,"max_hp_gain":0.0,"max_hp_loss":0.0,"gold_gain":0.0,"event_name":"Living Wall","player_choice":"Grow","floor":5.0,"gold_loss":0.0,"damage_taken":0.0,"cards_upgraded":["Iron Wave"]},{"damage_healed":0.0,"max_hp_gain":0.0,"max_hp_loss":0.0,"gold_gain":0.0,"event_name":"The Cleric","player_choice":"Leave","floor":7.0,"gold_loss":0.0,"damage_taken":0.0},{"damage_healed":0.0,"max_hp_gain":0.0,"max_hp_loss":0.0,"gold_gain":0.0,"event_name":"Masked Bandits","player_choice":"Fought Bandits","floor":19.0,"gold_loss":0.0,"damage_taken":0.0},{"damage_healed":0.0,"max_hp_gain":0.0,"max_hp_loss":0.0,"gold_gain":0.0,"event_name":"Lab","player_choice":"Got Potions","floor":21.0,"gold_loss":0.0,"damage_taken":0.0},{"damage_healed":0.0,"max_hp_gain":0.0,"max_hp_loss":0.0,"gold_gain":0.0,"event_name":"Cursed Tome","player_choice":"Obtained Book","floor":27.0,"gold_loss":0.0,"damage_taken":16.0},{"damage_healed":0.0,"max_hp_gain":0.0,"max_hp_loss":0.0,"gold_gain":0.0,"event_name":"The Woman in Blue","player_choice":"Bought 3 Potions","floor":28.0,"gold_loss":0.0,"damage_taken":0.0},{"damage_healed":0.0,"max_hp_gain":0.0,"max_hp_loss":0.0,"gold_gain":0.0,"event_name":"Duplicator","player_choice":"Ignored","floor":38.0,"gold_loss":0.0,"damage_taken":0.0},{"damage_healed":0,"gold_gain":0,"player_choice":"Ignored","damage_taken":0,"max_hp_gain":0,"max_hp_loss":0,"event_name":"Duplicator","floor":47,"gold_loss":0}],"is_beta":false,"boss_relics":[{"not_picked":["aspiration:PoetsPen_weak","Hololive_ChaosS"],"picked":"Tiny House"},{"not_picked":["Runesmith:UraniumAnvil","aspiration:FutureDiary"],"picked":"aspiration:ServantSkillbook"}],"items_purged_floors":[],"is_endless":false,"potions_floor_spawned":[1,3,11,16,19,22,24,31,33,35,41,42],"ascension_level":0}}