{"host":"94qggqh0xz0sp6ai","time":1609969941,"event":{"mods":["Abigail Mod","Act Like it!","BaseMod","CapriCore","Downfall","Friendly Minions","Gensokyo","Hermit","Jorbs\u0027s Wanderer Trilogy","Koishi","Marisa（霧雨　魔理沙）","Minty Spire (QoL Compilation)","Permanent Neow","Reimu（博??梦）","StSLib","The Alterego","The Construct","The Cursed","The Hierophant","The Immortal","The Marked","The Servant 0.9.4","TheBandit","Waifu the Spire"],"gold_per_floor":[12,12,24,24,43,43,72,84,109,109,109,109,109,124,124,124,124],"floor_reached":16,"playtime":524,"items_purged":[],"score":195,"play_id":"fbe4b86c-565f-4327-953e-4494d9c9e98b","local_time":"20210106155221","is_ascension_mode":true,"campfire_choices":[{"data":"BestPractice","floor":6,"key":"SMITH"},{"floor":10,"key":"REST"},{"data":"Deadline","floor":13,"key":"SMITH"},{"data":"Exchange","floor":15,"key":"SMITH"}],"circlet_count":0,"master_deck":["AscendersBane","Strike_S","Strike_S","Strike_S","Strike_S","Defend_S","Defend_S","Defend_S","Defend_S","KidneyShot","Exchange+1","Deadline+1","BestPractice+1","GearUp","BottledTime","Gouge","Unruled"],"relics":["Uniform","Gambling Chip","PreservedInsect","Omamori","MealTicket","Mercury Hourglass"],"acts_visited":["Exordium"],"potions_floor_usage":[16,16,16,16],"damage_taken":[{"damage":15,"enemies":"Jaw Worm","floor":1,"turns":7},{"damage":0,"enemies":"Cultist","floor":3,"turns":3},{"damage":10,"enemies":"Small Slimes","floor":5,"turns":4},{"damage":8,"enemies":"Lagavulin","floor":7,"turns":8},{"damage":8,"enemies":"Exordium Wildlife","floor":8,"turns":6},{"damage":8,"enemies":"Large Slime","floor":14,"turns":5},{"damage":24,"enemies":"Slime Boss","floor":16,"turns":7}],"seed_played":"2675266716936843331","potions_obtained":[{"floor":1,"key":"SneckoOil"},{"floor":2,"key":"EntropicBrew"},{"floor":2,"key":"ZuzhouPotion:ReiMu"},{"floor":3,"key":"FearPotion"},{"floor":14,"key":"hexamod:EctoCoolerPotion"}],"is_trial":false,"path_per_floor":["M","?","M","$","M","R","E","M","T","R","?","T","R","M","R","B"],"character_chosen":"THE_SERVANT","items_purchased":[],"campfire_rested":1,"item_purchase_floors":[],"current_hp_per_floor":[39,39,39,39,29,29,21,13,13,31,31,31,31,23,23,0,0],"gold":124,"neow_bonus":"ONE_RARE_RELIC","is_daily":false,"chose_seed":false,"campfire_upgraded":3,"win_rate":0.0,"timestamp":1609969941,"path_taken":["M","?","M","$","?","R","E","M","T","R","?","?","R","M","R","BOSS"],"items_purchased_type":[],"build_version":"2020-12-22","purchased_purges":0,"victory":false,"max_hp_per_floor":[60,60,60,60,60,60,60,60,60,60,60,60,60,60,60,60,60],"card_choices":[{"not_picked":["Unruled","TimeTheft"],"picked":"Deadline","floor":1},{"not_picked":["Defy","Sabotage"],"picked":"BestPractice","floor":3},{"not_picked":["ShatteredReality","Ricochet"],"picked":"GearUp","floor":5},{"not_picked":["Desolation","DoubleEdge"],"picked":"BottledTime","floor":7},{"not_picked":["Alleviate","Ricochet"],"picked":"Gouge","floor":8},{"not_picked":["ShatteredReality","Starlight"],"picked":"Unruled","floor":14}],"player_experience":1352779,"relics_obtained":[{"floor":7,"key":"PreservedInsect"},{"floor":9,"key":"Omamori"},{"floor":12,"key":"Mercury Hourglass"}],"event_choices":[{"damage_healed":0,"gold_gain":0,"player_choice":"Got Potions","damage_taken":0,"max_hp_gain":0,"max_hp_loss":0,"event_name":"Lab","floor":2,"gold_loss":0},{"damage_healed":0,"gold_gain":0,"player_choice":"Box","damage_taken":0,"relics_obtained":["MealTicket"],"max_hp_gain":0,"max_hp_loss":0,"event_name":"Big Fish","floor":11,"gold_loss":0,"cards_obtained":["Regret"]}],"is_beta":false,"boss_relics":[],"items_purged_floors":[],"is_endless":false,"potions_floor_spawned":[1,3,14],"killed_by":"Slime Boss","ascension_level":19}}