{"host":"94qggqh0xz0sp6ai","time":1609896865,"event":{"mods":["Abigail Mod","Act Like it!","BaseMod","CapriCore","Downfall","Friendly Minions","Gensokyo","Hermit","Jorbs\u0027s Wanderer Trilogy","Koishi","Marisa（霧雨　魔理沙）","Minty Spire (QoL Compilation)","Permanent Neow","Reimu（博??梦）","StSLib","The Alterego","The Construct","The Cursed","The Hierophant","The Immortal","The Marked","The Servant 0.9.4","TheBandit","Waifu the Spire"],"gold_per_floor":[112,126,42,57,37,70,70,99,171,188,188,203,203,77,77,176,176,191,207,207,232,232,232,251,266,335,335,347,376,376,393,393,494,494,507,507,521,291,311,311,311,311],"floor_reached":41,"playtime":1552,"items_purged":[],"score":444,"play_id":"9121a9d9-bb1c-4f27-acd6-9235e27e9450","local_time":"20210105193425","is_ascension_mode":true,"campfire_choices":[{"data":"theMarked:ComboAttacks","floor":7,"key":"SMITH"},{"data":"theMarked:SoldierForm","floor":11,"key":"SMITH"},{"data":"theMarked:Improvise","floor":13,"key":"SMITH"},{"data":"theMarked:HeritageOfTheMarked","floor":15,"key":"SMITH"},{"data":"theMarked:SoldierOfQuellstein","floor":23,"key":"SMITH"},{"floor":27,"key":"REST"},{"floor":30,"key":"REST"},{"data":"theMarked:ParalyzingBlade","floor":32,"key":"SMITH"},{"data":"theMarked:BindingBlade","floor":40,"key":"SMITH"}],"circlet_count":0,"master_deck":["theMarked:Strike+1","theMarked:Strike+1","theMarked:Strike+1","theMarked:Strike+1","theMarked:Strike+1","theMarked:Defend+1","theMarked:Defend+1","theMarked:Defend+1","theMarked:Defend+1","theMarked:SoldierOfQuellstein+1","theMarked:Improvise+1","theMarked:ResourceFulStrike","theMarked:ComboAttacks+1","theMarked:ResourceFulStrike","theMarked:LightningStrikesTwice","theMarked:SoldierForm+1","theMarked:ChainLightning+1","theMarked:HeritageOfTheMarked+1","theMarked:DispelDoubt","theMarked:ParalyzingBlade+1","theMarked:StartUp+1","theMarked:ContemptForTheProud+1","theMarked:Standoff+1","theMarked:BindingBlade+1","theMarked:Seal+1","theMarked:Frustration+1","theMarked:DeterminationOfTheMarked"],"relics":["theMarked:ArtifactOfAir","Omamori","construct:RocketBooster","Toy Ornithopter","Kunai","RedLine:ReiMu","Red Mask","Mercury Hourglass","Question Card","Smiling Mask","Cursed Key","Ancient Tea Set"],"acts_visited":["Exordium","TheCity","TheBeyond"],"potions_floor_usage":[6,31,33,41,41],"damage_taken":[{"damage":1,"enemies":"Cultist","floor":1,"turns":3},{"damage":0,"enemies":"Small Slimes","floor":2,"turns":3},{"damage":0,"enemies":"2 Louse","floor":4,"turns":2},{"damage":13,"enemies":"3 Sentries","floor":6,"turns":3},{"damage":26,"enemies":"Lagavulin","floor":8,"turns":6},{"damage":6,"enemies":"Exordium Thugs","floor":10,"turns":5},{"damage":0,"enemies":"Looter","floor":12,"turns":3},{"damage":11,"enemies":"Slime Boss","floor":16,"turns":6},{"damage":7,"enemies":"Chosen","floor":18,"turns":4},{"damage":21,"enemies":"3 Byrds","floor":19,"turns":6},{"damage":20,"enemies":"Masked Bandits","floor":21,"turns":5},{"damage":1,"enemies":"Centurion and Healer","floor":24,"turns":4},{"damage":13,"enemies":"Sentry and Sphere","floor":25,"turns":4},{"damage":6,"enemies":"Cultist and Chosen","floor":28,"turns":6},{"damage":15,"enemies":"Slavers","floor":29,"turns":5},{"damage":0,"enemies":"Centurion and Healer","floor":31,"turns":4},{"damage":40,"enemies":"Collector","floor":33,"turns":8},{"damage":17,"enemies":"Orb Walker","floor":35,"turns":3},{"damage":2,"enemies":"3 Darklings","floor":37,"turns":4},{"damage":20,"enemies":"Sphere and 2 Shapes","floor":39,"turns":4},{"damage":55,"enemies":"Nemesis","floor":41,"turns":5}],"seed_played":"-3268694654781731063","potions_obtained":[{"floor":4,"key":"hexamod:EctoCoolerPotion"},{"floor":5,"key":"FairyPotion"},{"floor":6,"key":"SmokeBomb"},{"floor":10,"key":"SmokeBomb"},{"floor":18,"key":"LiquidMemories"},{"floor":31,"key":"PowerPotion"},{"floor":35,"key":"EssenceOfSteel"}],"is_trial":false,"path_per_floor":["M","M","$","M","?","E","R","E","T","M","R","M","R","$","R","B",null,"M","M","?","?","?","R","M","M","T","R","M","E","R","M","R","B",null,"M","?","M","$","M","R","E"],"character_chosen":"THE_DEFAULT","items_purchased":["theMarked:ComboAttacks","theMarked:ResourceFulStrike","Dexterity Potion","theMarked:HeritageOfTheMarked","theMarked:DeterminationOfTheMarked","Ancient Tea Set"],"campfire_rested":2,"item_purchase_floors":[3,3,14,14,38,38],"current_hp_per_floor":[69,69,69,69,69,56,56,30,30,24,24,24,24,24,24,13,70,63,42,42,22,22,22,21,8,8,29,23,8,29,34,34,21,70,53,53,51,51,31,31,0,0],"gold":311,"neow_bonus":"RANDOM_COMMON_RELIC","is_daily":false,"chose_seed":false,"campfire_upgraded":7,"win_rate":0.0,"timestamp":1609896865,"path_taken":["M","M","$","?","?","E","R","E","T","?","R","?","R","$","R","BOSS","M","M","?","?","?","R","M","M","T","R","M","E","R","M","R","BOSS","M","?","M","$","M","R","E"],"items_purchased_type":["Card","Card","Potion","Card","Card","Relic"],"build_version":"2020-12-22","purchased_purges":0,"victory":false,"max_hp_per_floor":[70,70,70,70,70,70,70,70,70,70,70,70,70,70,70,70,70,70,70,70,70,70,70,70,70,70,70,70,70,70,70,70,70,70,70,70,70,70,70,70,70,70],"card_choices":[{"not_picked":["theMarked:SwordAndMagic","theMarked:ElectricStrings"],"picked":"theMarked:Improvise","floor":1},{"not_picked":["theMarked:MaelstromOfLightning","theMarked:ElectricStrings"],"picked":"theMarked:ResourceFulStrike","floor":2},{"not_picked":["theMarked:WastefulAttack","theMarked:Convert"],"picked":"theMarked:LightningStrikesTwice","floor":4},{"not_picked":["theMarked:TwofoldDefense","theMarked:ResourceFulStrike","theMarked:WastefulAttack"],"picked":"SKIP","floor":6},{"not_picked":["theMarked:Parry","theMarked:Reabsorb"],"picked":"theMarked:SoldierForm","floor":8},{"not_picked":["theMarked:WastefulDefense","theMarked:EmpowerWeapon"],"picked":"theMarked:ChainLightning","floor":10},{"not_picked":["theMarked:WastefulDefense","theMarked:TwofoldDefense","theMarked:Parkour"],"picked":"SKIP","floor":12},{"not_picked":["theMarked:TurnInvisible","theMarked:SoldierForm"],"picked":"theMarked:DispelDoubt","floor":16},{"not_picked":["theMarked:Frustration","theMarked:Electrify"],"picked":"theMarked:ParalyzingBlade","floor":18},{"not_picked":["theMarked:Parkour","theMarked:Convert+1","theMarked:SwordAndMagic"],"picked":"SKIP","floor":19},{"not_picked":["theMarked:Frustration","theMarked:WastefulAttack+1"],"picked":"theMarked:StartUp+1","floor":21},{"not_picked":["theMarked:TwofoldDefense","theMarked:Indomitable"],"picked":"theMarked:ContemptForTheProud+1","floor":24},{"not_picked":["theMarked:WastefulDefense","theMarked:MaelstromOfLightning","theMarked:Electrify"],"picked":"SKIP","floor":25},{"not_picked":["theMarked:Improvise","theMarked:HeightenedSenses","theMarked:WastefulAttack"],"picked":"theMarked:Standoff+1","floor":28},{"not_picked":["theMarked:UnarmedFury","theMarked:ReduceFriction","theMarked:Improvise","theMarked:Aftermath"],"picked":"SKIP","floor":29},{"not_picked":["theMarked:SwordAndMagic+1","theMarked:Generate","theMarked:HeritageOfTheMarked","theMarked:EnhanceMovement"],"picked":"SKIP","floor":31},{"not_picked":["theMarked:Abjuration","theMarked:DispelDoubt","theMarked:SummonStrength"],"picked":"theMarked:BindingBlade","floor":33},{"not_picked":["theMarked:CreepingChasm+1","theMarked:Static","theMarked:Frustration"],"picked":"theMarked:Seal+1","floor":35},{"not_picked":["theMarked:WastefulDefense+1","theMarked:ShockingTouch+1","theMarked:SwordAndMagic+1"],"picked":"theMarked:Frustration+1","floor":37},{"not_picked":["theMarked:Generate","theMarked:SwordAndMagic","theMarked:Aftermath","theMarked:ShockingTouch+1"],"picked":"SKIP","floor":39}],"player_experience":1348517,"relics_obtained":[{"floor":6,"key":"construct:RocketBooster"},{"floor":8,"key":"Toy Ornithopter"},{"floor":9,"key":"Kunai"},{"floor":21,"key":"Red Mask"},{"floor":26,"key":"Question Card"},{"floor":29,"key":"Smiling Mask"}],"event_choices":[{"damage_healed":0,"gold_gain":0,"player_choice":"Bought 1 Potion","damage_taken":0,"max_hp_gain":0,"max_hp_loss":0,"event_name":"The Woman in Blue","floor":5,"gold_loss":0},{"damage_healed":0,"gold_gain":0,"player_choice":"Simplicity","damage_taken":0,"max_hp_gain":0,"max_hp_loss":0,"event_name":"Back to Basics","floor":20,"gold_loss":0,"cards_upgraded":["theMarked:Strike","theMarked:Strike","theMarked:Strike","theMarked:Strike","theMarked:Strike","theMarked:Defend","theMarked:Defend","theMarked:Defend"]},{"damage_healed":0,"gold_gain":0,"player_choice":"Fought Bandits","damage_taken":0,"max_hp_gain":0,"max_hp_loss":0,"event_name":"Masked Bandits","floor":21,"gold_loss":0},{"damage_healed":0,"gold_gain":0,"player_choice":"Opened","damage_taken":0,"relics_obtained":["Mercury Hourglass"],"max_hp_gain":0,"max_hp_loss":0,"event_name":"The Mausoleum","floor":22,"gold_loss":0,"cards_obtained":["Writhe"]},{"damage_healed":0,"gold_gain":0,"player_choice":"Ignored","damage_taken":0,"max_hp_gain":0,"max_hp_loss":0,"event_name":"OrinTheCat","floor":36,"gold_loss":0}],"is_beta":false,"boss_relics":[{"not_picked":["Pandora\u0027s Box","Black Star"],"picked":"RedLine:ReiMu"},{"not_picked":["Tiny House","construct:ClawGrip"],"picked":"Cursed Key"}],"items_purged_floors":[],"is_endless":false,"potions_floor_spawned":[4,6,10,18,21,28,29,31,35],"killed_by":"Nemesis","ascension_level":1}}