{"host":"lvo3mx5xoqblab8l","time":1609958180,"event":{"mods":["AchievementEnabler","Aspiration","Bard","BaseMod","Beaked The Cultist","Better Altar","Better Match","Better Note","Better Sensory Stone","Better Skull","Better Third Choice","BetterRewards","CCEM","Clawfect","Colored Map","Conspire","Downfall","GifTheSpireLib","Googly Eyes","Halation","Hermit","Highlight Path","Hubris","Hunter ??","Infinite Spire","Jedi Mod","Jorbs\u0027s Wanderer Trilogy","Mad Scientist","Marisa????????","Mimic Mod","Minty Spire (QoL Compilation)","Permanent Neow","Replay The Spire","Shade Mod","Shop Mod","Spicy Shops","StSLib","Stuff the Spire","The Administrix","The Blackbeard","The Bug Knight","The Construct","The Cursed","The Disciple","The Gatherer","The Hierophant","The IronCluck","The Jungle","The Mystic","The Necromancer","The Problem Sleuth","The Runesmith","The Servant 0.9.4","The Spell Scribe","The Witch","Unceasing Turn Reminder","[IsaacMod]????","everything is the same but u backflip on backflip","slay the spire mod where everything is the same but ironclad has a cowboy hat"],"gold_per_floor":[112,112,112,123,71,71,71,103,103,116,150,185,204,218,218,241,241,343,343,362,129,197,222,222,279,279,369,369,469,509,509,509,173,173,319,319,330,330,337,349,375,427,444,444,467,467,501,537,558,746,746,746],"floor_reached":53,"playtime":8465,"items_purged":["Strike_R","Strike_R"],"score":770,"play_id":"1184038d-2df6-477d-978d-6949a0c865bb","local_time":"20210106153620","is_ascension_mode":false,"campfire_choices":[{"floor":9,"key":"REST"},{"data":"Heavy Blade","floor":17,"key":"SMITH"},{"floor":26,"key":"REST"},{"data":"Feed","floor":26,"key":"SMITH"},{"data":"Heavy Blade","floor":31,"key":"SMITH"},{"floor":34,"key":"REST"},{"data":"Crow Ritual","floor":34,"key":"SMITH"},{"floor":44,"key":"REST"},{"data":"True Grit","floor":44,"key":"SMITH"},{"floor":51,"key":"REST"},{"data":"Armaments","floor":51,"key":"SMITH"}],"circlet_count":0,"master_deck":["Strike_R","Defend_R","Defend_R","Defend_R","Defend_R","Bash","Inflame","Heavy Blade+1","Life Link","jedi:unlimitedpower","Twin Strike","Run Through","StuffTheSpire:Incineration","Infernal Blade","Feed+1","Pommel Strike","Inflame+1","StuffTheSpire:Pyroclast","Heavy Blade+1","Crow Ritual+1","Impervious","Armaments+1","Madness","Madness","True Grit+1","Clothesline+1","Flex+1","Sword Boomerang+1","Parasite","Armaments+1","jedi:MakeshiftSword"],"relics":["Burning Blood","HushsDoor","SteamSale","Pen Nib","TungstenRod","CCEMRelics:GrindingGear","StuffTheSpire:GrapeVine","construct:WeddingRing","Vajra","SalivaCoin","infinitespire:Magic Flask","jedi:archwizardhat","halation:PinkSoulGem","Lizard Tail","Anchor","MerchantsRug","hubris:ScarierMask","jedi:kaleidoscope","StuffTheSpire:Barrel","StuffTheSpire:ForceGauntlet","HollowMod:PaleOreRelic","jedi:ominousloannote"],"acts_visited":["Exordium","theJungle:Jungle","TheBeyond"],"potions_floor_usage":[12,18,18,18,22,42,52,52,52],"damage_taken":[{"damage":6,"enemies":"Cultist","floor":1,"turns":6},{"damage":5,"enemies":"conspire:RoseBush","floor":4,"turns":3},{"damage":47,"enemies":"3 Sentries","floor":8,"turns":12},{"damage":1,"enemies":"2 Louse","floor":10,"turns":2},{"damage":2,"enemies":"Blue Slaver","floor":11,"turns":5},{"damage":13,"enemies":"HollowMod:MossKnight","floor":12,"turns":7},{"damage":3,"enemies":"Blue Slaver","floor":13,"turns":3},{"damage":4,"enemies":"Red Slaver","floor":14,"turns":3},{"damage":19,"enemies":"Fading Forest","floor":18,"turns":11},{"damage":6,"enemies":"Shell Parasite","floor":20,"turns":2},{"damage":11,"enemies":"theJungle:5_Spyders","floor":22,"turns":5},{"damage":1,"enemies":"theJungle:SlimyTreeVines","floor":23,"turns":3},{"damage":21,"enemies":"theJungle:Cassacara","floor":25,"turns":5},{"damage":19,"enemies":"theJungle:Snecko_Cultist_And_Trap","floor":30,"turns":4},{"damage":28,"enemies":"theJungle:FunGuy","floor":35,"turns":6},{"damage":0,"enemies":"3 Darklings","floor":37,"turns":2},{"damage":0,"enemies":"Orb Walker","floor":40,"turns":2},{"damage":2,"enemies":"3 Darklings","floor":41,"turns":3},{"damage":43,"enemies":"Giant Head","floor":42,"turns":7},{"damage":0,"enemies":"Spire Growth","floor":43,"turns":3},{"damage":2,"enemies":"Transient","floor":47,"turns":5},{"damage":27,"enemies":"Nemesis","floor":48,"turns":5},{"damage":14,"enemies":"Writhing Mass","floor":49,"turns":4},{"damage":62,"enemies":"conspire:OrnateMirror","floor":52,"turns":6}],"seed_played":"-5794572355961041211","potions_obtained":[{"floor":8,"key":"jedi:tentaclejuice"},{"floor":12,"key":"ColorlessPotion"},{"floor":13,"key":"DuplicationPotion"},{"floor":14,"key":"Strength Potion"},{"floor":18,"key":"Venom Potion"},{"floor":20,"key":"PowerPotion"},{"floor":22,"key":"sneckomod:MuddlingPotion"},{"floor":37,"key":"Toxic Potion"},{"floor":43,"key":"LiquidBronze"},{"floor":47,"key":"Strength Potion"}],"is_trial":false,"path_per_floor":["M","?","?","M","$","PTL","PTL","E","R","M","MIM","E","M","M","?","T","R","B",null,"M","$","M","M","?","E","R","?","T","?","M","R","?","$","R","B",null,"M","?","?","M","M","E","M","R","T","T","M","E","M","$","R","B",null],"character_chosen":"IRONCLAD","items_purchased":["Life Link","Vajra","SalivaCoin","aspiration:TomeofQuesting","Crow Ritual","Lizard Tail","Anchor","MerchantsRug","jedi:ominousloannote","Armaments","jedi:MakeshiftSword","Strength Potion","infinitespire:BlackPotion"],"campfire_rested":5,"item_purchase_floors":[5,21,21,21,33,33,33,33,50,50,50,50,50],"current_hp_per_floor":[80,73,73,74,74,74,74,33,57,62,66,59,62,64,64,64,64,61,80,80,80,75,83,83,68,83,69,69,69,60,60,60,60,86,64,87,87,87,77,87,91,54,60,87,87,87,91,70,62,62,89,33],"gold":746,"neow_bonus":"RANDOM_COMMON_RELIC","is_daily":false,"chose_seed":false,"campfire_upgraded":6,"win_rate":0.0,"timestamp":1609958180,"path_taken":["M","?","?","M","?","PTL","PTL","E","R","M","MIM","E","M","?","?","?","R","BOSS","M","$","M","M","?","E","R","?","T","?","?","R","?","?","R","BOSS","M","?","?","M","?","E","?","R","T","?","M","E","M","?","R","BOSS"],"items_purchased_type":["Card","Relic","Relic","Relic","Card","Relic","Relic","Relic","Relic","Card","Card","Potion","Potion"],"build_version":"2020-12-22","purchased_purges":2,"victory":true,"max_hp_per_floor":[80,80,80,80,80,80,80,80,80,80,80,80,80,80,80,80,80,80,80,80,80,80,83,83,83,83,83,83,83,87,87,87,87,87,87,87,87,87,87,91,91,91,91,91,91,91,91,91,91,91,91,91],"card_choices":[{"not_picked":["jedi:hate","Intimidate","jedi:suffering"],"picked":"SKIP","floor":1},{"not_picked":["Rage","jedi:fear"],"picked":"Heavy Blade","floor":4},{"not_picked":["Infernal Blade","Sword Boomerang"],"picked":"jedi:unlimitedpower","floor":8},{"not_picked":["Warcry","ReplayTheSpireMod:Strike From Hell"],"picked":"Twin Strike","floor":10},{"not_picked":["StuffTheSpire:Pyroclast","Headbutt"],"picked":"Run Through","floor":12},{"not_picked":["Replay:Undeath\u0027s Touch","Bomb"],"picked":"StuffTheSpire:Incineration","floor":13},{"not_picked":["Headbutt","ReplayReversal"],"picked":"Infernal Blade","floor":14},{"not_picked":["Replay:Many Hands","conspire:HitWhereItHurts"],"picked":"Feed","floor":18},{"not_picked":["Run Through+1","Disarm"],"picked":"Pommel Strike","floor":20},{"not_picked":["Dark Embrace","StuffTheSpire:Slingshot","Twin Strike"],"picked":"SKIP","floor":22},{"not_picked":["Entrench","Armaments+1"],"picked":"Inflame+1","floor":23},{"not_picked":["ReplayTheSpireMod:Limb From Limb","Second Wind"],"picked":"StuffTheSpire:Pyroclast","floor":25},{"not_picked":["StuffTheSpire:RockThrow","StuffTheSpire:Incineration"],"picked":"Heavy Blade","floor":30},{"not_picked":["jedi:unlimitedpower","Juggernaut"],"picked":"Impervious","floor":35},{"not_picked":["True Grit","StuffTheSpire:Pyroclast+1"],"picked":"Armaments+1","floor":37},{"not_picked":["StuffTheSpire:Slingshot+1","jedi:MakeshiftSword+1"],"picked":"True Grit","floor":40},{"not_picked":["Fire Breathing+1","Twin Strike"],"picked":"Clothesline+1","floor":41},{"not_picked":["Warcry+1","Perfected Strike","ReplayTheSpireMod:LeadingStrike"],"picked":"SKIP","floor":42},{"not_picked":["ReplayTheSpireMod:Strike From Hell+1","Cleave","Body Slam+1"],"picked":"SKIP","floor":43},{"not_picked":["Run Through+1","Abandon+1"],"picked":"Flex+1","floor":47},{"not_picked":["Dropkick","jedi:controlledanger+1"],"picked":"Sword Boomerang+1","floor":48},{"not_picked":["Second Wind","Clash","Bloodletting+1"],"picked":"SKIP","floor":49}],"player_experience":150198,"relics_obtained":[{"floor":8,"key":"TungstenRod"},{"floor":12,"key":"CCEMRelics:GrindingGear"},{"floor":16,"key":"StuffTheSpire:GrapeVine"},{"floor":25,"key":"infinitespire:Magic Flask"},{"floor":28,"key":"jedi:archwizardhat"},{"floor":42,"key":"jedi:kaleidoscope"},{"floor":45,"key":"StuffTheSpire:Barrel"},{"floor":46,"key":"StuffTheSpire:ForceGauntlet"},{"floor":48,"key":"HollowMod:PaleOreRelic"}],"event_choices":[{"cards_removed":["Strike_R"],"damage_healed":0,"gold_gain":0,"player_choice":"Card Removal","damage_taken":7,"max_hp_gain":0,"max_hp_loss":0,"event_name":"Golden Wing","floor":2,"gold_loss":0},{"damage_healed":0,"gold_gain":100,"player_choice":"Pray","damage_taken":0,"max_hp_gain":0,"max_hp_loss":0,"event_name":"Golden Shrine","floor":29,"gold_loss":0},{"cards_removed":["Strike_R"],"damage_healed":0,"gold_gain":0,"player_choice":"Purged","damage_taken":0,"max_hp_gain":0,"max_hp_loss":0,"event_name":"Purifier","floor":38,"gold_loss":0},{"damage_healed":0,"gold_gain":0,"player_choice":"Embrace Madness","damage_taken":11,"max_hp_gain":0,"max_hp_loss":0,"event_name":"Winding Halls","floor":39,"gold_loss":0,"cards_obtained":["Madness","Madness"]}],"is_beta":false,"boss_relics":[{"not_picked":["ChampionBelt","aspiration:PoetsPen_weak"],"picked":"construct:WeddingRing"},{"not_picked":[]},{"not_picked":["Snecko Eye","halation:PinkAlligatorPlush"],"picked":"hubris:ScarierMask"},{"not_picked":[]}],"items_purged_floors":[21,50],"is_endless":false,"potions_floor_spawned":[8,12,13,14,18,20,22,37,43,47],"ascension_level":0}}