{"host":"d87lowmkmbc7rbf5","time":1609913448,"event":{"mods":["BaseMod","Beaked The Cultist","Challenge The Spire","Conspire","Downfall","Infinite Spire","Minty Spire (QoL Compilation)","Rare Cards Sparkle","Replay The Spire","Shop Mod","StSLib","The Cursed"],"gold_per_floor":[437,42,68,103,138,138,20,20,48,81,115,115,47,47,79,104,104,104],"floor_reached":17,"playtime":3935,"items_purged":[],"score":215,"play_id":"c76b1594-8725-4ec1-8706-b4975ab0fa33","local_time":"20210106011048","daily_mods":["challengethespire:Bronze Difficulty","challengethespire:Modded Elite Rush","Uncertain Future"],"is_ascension_mode":false,"campfire_choices":[{"data":"beaked:Overpower","floor":8,"key":"SMITH"},{"data":"beaked:Foresight","floor":14,"key":"SMITH"}],"circlet_count":0,"master_deck":["beaked:Strike_Y","beaked:Strike_Y","beaked:Strike_Y","beaked:Strike_Y","beaked:Strike_Y","beaked:Defend_Y","beaked:Defend_Y","beaked:Defend_Y","beaked:Ceremony","beaked:Ceremony","beaked:Ceremony","beaked:Insight","expansioncontent:DashGenerateEvil","beaked:WarriorEssence","beaked:Evade","beaked:Foresight+1","beaked:Overpower+1","beaked:BarbedWire+1","beaked:SacrificialDive+1","Thinking Ahead+1","beaked:RitualOfBody+1","beaked:Windmill","beaked:BraceForImpact+1","beaked:HuntressSpirit","beaked:SacrificialScars","beaked:MachineEssence+1","Replay:SS_forest_6+1","beaked:Sacrifice","beaked:DigDeep"],"relics":["beaked:BlessedCoat","Black Star","Sling","PreservedInsect","Durian","MerchantsRug","Strange Spoon","Frozen Egg 2","Blue Candle","infinitespire:PuzzleCube","StrikeDummy","champ:DuelingGlove","Replay:Kaleidoscope","conspire:DeflatedDodgeball","infinitespire:Broken Mirror","infinitespire:ShieldingShard","Centennial Puzzle","Bag of Preparation","Oddly Smooth Stone","Gremlin Food","Sundial","Gremlin Horn","ReplayTheSpireMod:TigerMarble"],"acts_visited":["Exordium"],"potions_floor_usage":[11,16,17],"damage_taken":[{"damage":22,"enemies":"3 Sentries","floor":3,"turns":4},{"damage":17,"enemies":"Replay:BlueRogue","floor":4,"turns":5},{"damage":11,"enemies":"Lagavulin","floor":5,"turns":6},{"damage":26,"enemies":"Replay:Snechameleon","floor":9,"turns":9},{"damage":0,"enemies":"conspire:Head Lice","floor":10,"turns":3},{"damage":1,"enemies":"conspire:SneckoGhost","floor":11,"turns":5},{"damage":46,"enemies":"beaked:SuperParasite","floor":15,"turns":11},{"damage":67,"enemies":"Reptomancer","floor":16,"turns":9},{"damage":84,"enemies":"Giant Head","floor":17,"turns":8}],"seed_played":"-5065002643840499910","potions_obtained":[{"floor":3,"key":"Weak Potion"},{"floor":5,"key":"Block Potion"},{"floor":9,"key":"SteroidPotion"},{"floor":15,"key":"SteroidPotion"},{"floor":16,"key":"LiquidBronze"}],"is_trial":true,"path_per_floor":["$","$","E","E","E","T","$","R","E","E","E","T","$","R","E","E","E"],"character_chosen":"BEAKED_THE_CULTIST","items_purchased":["Durian","beaked:Insight","Good Instincts","MerchantsRug","Strange Spoon","expansioncontent:DashGenerateEvil","beaked:WarriorEssence","beaked:RitualOfBody+1","beaked:Windmill","beaked:BraceForImpact+1","Replay:SS_forest_6+1"],"campfire_rested":0,"item_purchase_floors":[1,1,1,1,2,2,2,7,7,7,13],"current_hp_per_floor":[55,55,42,44,52,52,52,52,51,55,56,56,56,56,59,59,0,0],"gold":104,"neow_bonus":"","is_daily":false,"chose_seed":false,"campfire_upgraded":2,"win_rate":0.0,"timestamp":1609913448,"path_taken":["$","$","E","E","E","T","$","R","E","E","E","T","$","R","E","E","E"],"items_purchased_type":["Relic","Card","Card","Relic","Relic","Card","Card","Card","Card","Card","Card"],"build_version":"2020-12-22","purchased_purges":0,"victory":false,"max_hp_per_floor":[55,55,55,55,55,55,55,55,55,55,57,57,57,57,59,59,59,59],"card_choices":[],"player_experience":39642,"relics_obtained":[{"floor":3,"key":"Frozen Egg 2"},{"floor":3,"key":"Blue Candle"},{"floor":4,"key":"infinitespire:PuzzleCube"},{"floor":4,"key":"StrikeDummy"},{"floor":5,"key":"champ:DuelingGlove"},{"floor":5,"key":"Replay:Kaleidoscope"},{"floor":9,"key":"conspire:DeflatedDodgeball"},{"floor":9,"key":"infinitespire:Broken Mirror"},{"floor":10,"key":"infinitespire:ShieldingShard"},{"floor":10,"key":"Centennial Puzzle"},{"floor":11,"key":"Bag of Preparation"},{"floor":11,"key":"Oddly Smooth Stone"},{"floor":15,"key":"Gremlin Food"},{"floor":15,"key":"Sundial"},{"floor":16,"key":"Gremlin Horn"},{"floor":16,"key":"ReplayTheSpireMod:TigerMarble"}],"event_choices":[],"is_beta":false,"boss_relics":[{"not_picked":["Runic Pyramid","Pandora\u0027s Box"],"picked":"Astrolabe"},{"not_picked":["Empty Cage","beaked:MawFillet"],"picked":"beaked:BlessedCoat"}],"items_purged_floors":[],"is_endless":false,"potions_floor_spawned":[3,5,9,15,16],"killed_by":"Giant Head","ascension_level":0}}