{"host":"baymyijz6sxaqj5s","time":1609950052,"event":{"mods":["AchievementEnabler","BaseMod","Colored Map","Colored Powertips","DeckTracker","Highlight Path","KOR Keyword Fix","Keyboard Shortcuts","Minty Spire (QoL Compilation)","Quick Restart","StSLib","SuperFastMode"],"gold_per_floor":[112,112,112,129,79,79,90,90,113,113,133,153,164,211,211,211,211],"floor_reached":16,"playtime":264,"items_purged":[],"score":106,"play_id":"c20038e2-4793-4680-9397-964778f413d0","local_time":"20210107012052","is_ascension_mode":true,"campfire_choices":[{"data":"Heavy Blade","floor":6,"key":"SMITH"},{"data":"Armaments","floor":8,"key":"SMITH"},{"data":"Bash","floor":10,"key":"SMITH"},{"floor":15,"key":"REST"}],"circlet_count":0,"master_deck":["Strike_R","Strike_R+1","Strike_R","Strike_R+1","Defend_R","Defend_R","Defend_R","Defend_R","Bash+1","Heavy Blade+1","Armaments+1","Battle Trance"],"relics":["Burning Blood","MealTicket","Blood Vial"],"acts_visited":["Exordium"],"potions_floor_usage":[12],"damage_taken":[{"damage":0,"enemies":"Small Slimes","floor":1,"turns":4},{"damage":2,"enemies":"Jaw Worm","floor":4,"turns":3},{"damage":0,"enemies":"2 Louse","floor":7,"turns":2},{"damage":12,"enemies":"Looter","floor":11,"turns":3},{"damage":30,"enemies":"Gremlin Gang","floor":12,"turns":4},{"damage":9,"enemies":"2 Fungi Beasts","floor":13,"turns":4},{"damage":94,"enemies":"The Guardian","floor":16,"turns":13}],"seed_played":"-5598358834751644402","potions_obtained":[{"floor":11,"key":"SkillPotion"},{"floor":12,"key":"ElixirPotion"}],"is_trial":false,"path_per_floor":["M","?","?","M","?","R","M","R","T","R","M","M","M","T","R","B"],"character_chosen":"IRONCLAD","items_purchased":[],"campfire_rested":1,"item_purchase_floors":[],"current_hp_per_floor":[88,70,75,79,79,79,85,85,85,85,79,55,52,52,79,0,0],"gold":211,"neow_bonus":"TEN_PERCENT_HP_BONUS","is_daily":false,"chose_seed":false,"campfire_upgraded":3,"win_rate":0.0,"timestamp":1609950052,"path_taken":["M","?","?","M","?","R","M","R","T","R","M","M","M","?","R","BOSS"],"items_purchased_type":[],"build_version":"2020-12-22","purchased_purges":0,"victory":false,"max_hp_per_floor":[88,88,93,93,93,93,93,93,93,93,93,93,93,93,93,93,93],"card_choices":[{"not_picked":["Iron Wave","Dropkick"],"picked":"Heavy Blade","floor":1},{"not_picked":["Heavy Blade","Iron Wave"],"picked":"Armaments","floor":4},{"not_picked":["Warcry","Anger","Rampage"],"picked":"SKIP","floor":7},{"not_picked":["Heavy Blade","Havoc"],"picked":"Battle Trance","floor":11},{"not_picked":["Combust","Warcry","Pommel Strike"],"picked":"SKIP","floor":12},{"not_picked":["True Grit","Uppercut","Fire Breathing"],"picked":"SKIP","floor":13}],"player_experience":325011,"relics_obtained":[{"floor":9,"key":"MealTicket"},{"floor":14,"key":"Blood Vial"}],"event_choices":[{"damage_healed":0,"gold_gain":0,"player_choice":"Entered Light","damage_taken":18,"max_hp_gain":0,"max_hp_loss":0,"event_name":"Shining Light","floor":2,"gold_loss":0,"cards_upgraded":["Strike_R","Strike_R"]},{"damage_healed":0,"gold_gain":0,"player_choice":"Donut","damage_taken":0,"max_hp_gain":5,"max_hp_loss":0,"event_name":"Big Fish","floor":3,"gold_loss":0},{"cards_removed":["Strike_R"],"damage_healed":0,"gold_gain":0,"player_choice":"Card Removal","damage_taken":0,"max_hp_gain":0,"max_hp_loss":0,"event_name":"The Cleric","floor":5,"gold_loss":50}],"is_beta":false,"boss_relics":[],"items_purged_floors":[],"is_endless":false,"potions_floor_spawned":[11,12],"killed_by":"The Guardian","ascension_level":3}}