{"host":"x205naxbihvu3p76","time":1609938196,"event":{"mods":["AchievementEnabler","BaseMod","Minty Spire (QoL Compilation)","StSLib","SuperFastMode"],"gold_per_floor":[119,131,131,149,149,149,19,19,19,19,19,37,37,60,60,158,158,171,47,47,68,68,68],"floor_reached":22,"playtime":308,"items_purged":["Writhe","Strike_B"],"score":335,"play_id":"9e36c999-e282-4bbf-ac3d-d5bba56364a8","local_time":"20210106220316","is_ascension_mode":true,"campfire_choices":[{"data":"1","floor":6,"key":"LIFT"},{"data":"2","floor":10,"key":"LIFT"},{"data":"3","floor":11,"key":"LIFT"},{"data":"Barrage","floor":13,"key":"SMITH"},{"data":"Beam Cell","floor":15,"key":"SMITH"}],"circlet_count":0,"master_deck":["AscendersBane","Strike_B","Strike_B","Defend_B","Defend_B","Defend_B","Defend_B","Zap","Dualcast","Beam Cell+1","Barrage+1","Cold Snap","Conserve Battery","Leap"],"relics":["Cracked Core","Girya","Golden Idol","WingedGreaves","Art of War"],"acts_visited":["Exordium","TheCity"],"potions_floor_usage":[],"damage_taken":[{"damage":5,"enemies":"Small Slimes","floor":1,"turns":4},{"damage":0,"enemies":"2 Louse","floor":2,"turns":2},{"damage":1,"enemies":"Cultist","floor":4,"turns":3},{"damage":6,"enemies":"Looter","floor":12,"turns":2},{"damage":28,"enemies":"The Guardian","floor":16,"turns":11},{"damage":20,"enemies":"Shell Parasite","floor":18,"turns":3},{"damage":13,"enemies":"Chosen","floor":21,"turns":4},{"damage":22,"enemies":"Shelled Parasite and Fungi","floor":22,"turns":2}],"seed_played":"-7979282376250209568","potions_obtained":[{"floor":1,"key":"Ancient Potion"},{"floor":18,"key":"CultistPotion"}],"is_trial":false,"path_per_floor":["M","M","?","M","?","R","$","?","T","R","R","M","R","T","R","B",null,"M","$","?","M","M"],"character_chosen":"DEFECT","items_purchased":["Strength Potion","Leap"],"campfire_rested":0,"item_purchase_floors":[7,19],"current_hp_per_floor":[59,59,59,58,51,51,51,51,51,51,51,45,45,45,45,17,52,32,32,32,19,0,0],"gold":68,"neow_bonus":"ONE_RARE_RELIC","is_daily":false,"chose_seed":false,"campfire_upgraded":2,"win_rate":0.0,"timestamp":1609938196,"path_taken":["M","M","?","M","?","R","$","?","T","R","R","M","R","?","R","BOSS","M","$","?","M","M"],"items_purchased_type":["Potion","Card"],"build_version":"2020-12-22","purchased_purges":2,"victory":false,"max_hp_per_floor":[71,71,71,71,71,71,71,64,64,64,64,64,64,64,64,64,64,64,64,64,64,64,64],"card_choices":[{"not_picked":["Go for the Eyes","Darkness"],"picked":"Beam Cell","floor":1},{"not_picked":["Undo","Reprogram","Redo"],"picked":"SKIP","floor":2},{"not_picked":["Cold Snap","Sweeping Beam"],"picked":"Barrage","floor":4},{"not_picked":["Tempest","Barrage"],"picked":"Cold Snap","floor":12},{"not_picked":["Static Discharge","Hologram"],"picked":"Conserve Battery","floor":18},{"not_picked":["Ball Lightning","Beam Cell","Cold Snap"],"picked":"SKIP","floor":21}],"player_experience":951511,"relics_obtained":[{"floor":9,"key":"WingedGreaves"},{"floor":14,"key":"Art of War"}],"event_choices":[{"damage_healed":0,"gold_gain":0,"player_choice":"Ignored","damage_taken":0,"max_hp_gain":0,"max_hp_loss":0,"event_name":"Liars Game","floor":3,"gold_loss":0},{"cards_removed":["Strike_B"],"damage_healed":0,"gold_gain":0,"player_choice":"Card Removal","damage_taken":7,"max_hp_gain":0,"max_hp_loss":0,"event_name":"Golden Wing","floor":5,"gold_loss":0},{"damage_healed":0,"gold_gain":0,"player_choice":"Lose Max HP","damage_taken":0,"relics_obtained":["Golden Idol"],"max_hp_gain":0,"max_hp_loss":7,"event_name":"Golden Idol","floor":8,"gold_loss":0},{"damage_healed":0,"gold_gain":0,"player_choice":"Ignored","damage_taken":0,"max_hp_gain":0,"max_hp_loss":0,"event_name":"The Mausoleum","floor":20,"gold_loss":0}],"is_beta":false,"boss_relics":[{"not_picked":["Runic Dome","Coffee Dripper","Velvet Choker"]}],"items_purged_floors":[7,19],"is_endless":false,"potions_floor_spawned":[1,18],"killed_by":"Shelled Parasite and Fungi","ascension_level":19}}