{"host":"iy58fyt9wsbv4cf1","time":1609944710,"event":{"mods":["BaseMod","Better Altar","Better Match","Better Skull","Better Third Choice","BetterRewards","Conspire","Custom Start","Defuse TimeMaze Blight","Hubris","Infinite Spire","Minty Spire (QoL Compilation)","Permanent Neow","Quick Restart","Spicy Shops","StSLib"],"gold_per_floor":[110,29,29,45,45,45,76,76,76,107,123,46,46,75,75,174,174,188,188,188,205,120,120,120,120,120,120,131,147,175,195,195,299,299,316,334,345,345,365,393,393,443,443,443,462,473,484,484,484,484,484],"floor_reached":50,"playtime":1528,"items_purged":["Strike_B","Strike_B","hubris:PowerSurge"],"score":510,"play_id":"5b39b2f7-25e3-4fd0-968a-8850cdb44360","local_time":"20210106095150","is_ascension_mode":false,"campfire_choices":[{"data":"Zap","floor":6.0,"key":"SMITH"},{"floor":8.0,"key":"REST"},{"floor":13.0,"key":"REST"},{"floor":15,"key":"REST"},{"floor":23,"key":"REST"},{"floor":25,"key":"REST"},{"data":"Fission","floor":27,"key":"SMITH"},{"floor":32,"key":"REST"},{"floor":41,"key":"REST"},{"floor":49,"key":"RECALL"}],"circlet_count":0,"master_deck":["Strike_B","Strike_B","Defend_B+1","Defend_B+1","Defend_B","Defend_B","Zap+1","Dualcast+1","Capacitor","Creative AI","Ball Lightning","Conserve Battery","Thunder Strike","Turbo","Echo Form","Ball Lightning","Fission+1","Zap+1","Creative AI","Defragment","Parasite","Leap+1"],"relics":["Cracked Core","Membership Card","DataDisk","Happy Flower","Emotion Chip","PreservedInsect","hubris:ToyBattleship","conspire:TopHat","Black Star","conspire:SpecialSausage","Potion Belt","Blood Vial","Bloody Idol","Gremlin Horn","hubris:BallOfYels","infinitespire:Freezer","hubris:VirtuousBlindfold","Busted Crown","Lee\u0027s Waffle","Smiling Mask","War Paint","Pocketwatch","Pear","hubris:MysteriousPyramids"],"acts_visited":["Exordium","TheCity","TheBeyond"],"potions_floor_usage":[16,33,40],"damage_taken":[{"damage":5.0,"enemies":"Small Slimes","floor":1.0,"turns":2.0},{"damage":1.0,"enemies":"Jaw Worm","floor":4.0,"turns":3.0},{"damage":26.0,"enemies":"Lagavulin","floor":7.0,"turns":6.0},{"damage":13.0,"enemies":"3 Sentries","floor":10.0,"turns":4.0},{"damage":0.0,"enemies":"Cultist","floor":11.0,"turns":2.0},{"damage":9,"enemies":"Lagavulin","floor":14,"turns":4},{"damage":13,"enemies":"Hexaghost","floor":16,"turns":6},{"damage":13,"enemies":"Spheric Guardian","floor":18,"turns":4},{"damage":5,"enemies":"3 Byrds","floor":21,"turns":3},{"damage":6,"enemies":"3 Cultists","floor":28,"turns":3},{"damage":15,"enemies":"Shelled Parasite and Fungi","floor":29,"turns":3},{"damage":22,"enemies":"conspire:SneckoGhost","floor":30,"turns":4},{"damage":0,"enemies":"Chosen and Byrds","floor":31,"turns":2},{"damage":32,"enemies":"Automaton","floor":33,"turns":5},{"damage":20,"enemies":"3 Darklings","floor":35,"turns":3},{"damage":1,"enemies":"Orb Walker","floor":36,"turns":3},{"damage":4,"enemies":"3 Darklings","floor":37,"turns":4},{"damage":5,"enemies":"Sphere and 2 Shapes","floor":39,"turns":4},{"damage":36,"enemies":"Nemesis","floor":40,"turns":5},{"damage":25,"enemies":"Mind Bloom Boss Battle","floor":42,"turns":4},{"damage":15,"enemies":"Spire Growth","floor":45,"turns":3},{"damage":7,"enemies":"4 Shapes","floor":46,"turns":6},{"damage":5,"enemies":"Writhing Mass","floor":47,"turns":4},{"damage":82,"enemies":"Awakened One","floor":50,"turns":5}],"seed_played":"-4574907314268443745","potions_obtained":[{"floor":4.0,"key":"SpeedPotion"},{"floor":11.0,"key":"Block Potion"},{"floor":14,"key":"Fire Potion"},{"floor":28,"key":"Block Potion"},{"floor":29,"key":"Regen Potion"},{"floor":30,"key":"DistilledChaos"},{"floor":33,"key":"LiquidMemories"},{"floor":35,"key":"PowerPotion"},{"floor":39,"key":"Swift Potion"},{"floor":46,"key":"AttackPotion"}],"is_trial":false,"path_per_floor":["M","$","?","M","?","R","E","R","T","E","M","$","R","E","R","B",null,"M","AVR","?","M","?","R","?","R","T","R","M","M","E","M","R","B",null,"M","M","M","AVR","M","E","R","?","T","T","M","M","M","?","R","B"],"character_chosen":"DEFECT","items_purchased":["Membership Card","Capacitor","DataDisk","hubris:PowerSurge","Creative AI","Thunder Strike"],"campfire_rested":7,"item_purchase_floors":[0,0,0,0,2,12],"current_hp_per_floor":[35,35,35,34,31,31,5,27,27,14,14,14,36,27,49,36,75,62,62,4,6,6,28,28,50,50,50,51,43,28,35,57,46,75,60,66,69,82,82,51,75,57,67,67,59,59,61,61,61,0,0],"gold":484,"neow_bonus":"","is_daily":false,"chose_seed":false,"campfire_upgraded":2,"win_rate":0.0,"timestamp":1609944710,"path_taken":["M","$","?","M","?","R","E","R","T","E","M","$","R","E","R","BOSS","M","AVR","?","M","?","R","?","R","T","R","M","M","E","M","R","BOSS","M","?","M","AVR","M","E","R","?","T","?","M","M","?","?","R","BOSS"],"items_purchased_type":["Relic","Card","Relic","Card","Card","Card"],"build_version":"2020-12-22","purchased_purges":3,"victory":false,"max_hp_per_floor":[75,75,75,75,75,75,75,75,75,75,75,75,75,75,75,75,75,75,75,75,75,75,75,75,75,75,75,75,75,75,75,75,75,75,75,75,75,82,82,82,82,82,92,92,92,92,92,87,87,87,87],"card_choices":[{"not_picked":["Reprogram","Compile Driver","Redo"],"picked":"SKIP","floor":1.0},{"not_picked":["Conserve Battery","Go for the Eyes"],"picked":"Ball Lightning","floor":4.0},{"not_picked":["Compile Driver","Machine Learning","Melter"],"picked":"SKIP","floor":7.0},{"not_picked":["Glacier","Streamline","Consume"],"picked":"SKIP","floor":10.0},{"not_picked":["Scrape","Reprogram"],"picked":"Conserve Battery","floor":11.0},{"not_picked":["Coolheaded","Go for the Eyes"],"picked":"Turbo","floor":14},{"not_picked":["Core Surge","Machine Learning"],"picked":"Echo Form","floor":16},{"not_picked":["Compile Driver+1","Steam"],"picked":"Ball Lightning","floor":18},{"not_picked":["Reinforced Body+1","Fusion"],"picked":"Fission","floor":21},{"not_picked":["Double Energy","Gash","Turbo"],"picked":"SKIP","floor":28},{"not_picked":["Rebound","Barrage","Skim"],"picked":"SKIP","floor":29},{"not_picked":["Hello World","Gash"],"picked":"Creative AI","floor":30},{"not_picked":["Reprogram","Reinforced Body","Compile Driver"],"picked":"SKIP","floor":31},{"not_picked":["Auto Shields","Lockon","Rebound"],"picked":"SKIP","floor":35},{"not_picked":["Ball Lightning+1","Turbo","Hologram"],"picked":"SKIP","floor":36},{"not_picked":["Doom and Gloom+1","Chaos"],"picked":"Defragment","floor":37},{"not_picked":["Ball Lightning"],"picked":"SKIP","floor":39},{"not_picked":["Ball Lightning+1"],"picked":"SKIP","floor":40},{"not_picked":["Stack+1"],"picked":"SKIP","floor":45},{"not_picked":["Compile Driver+1"],"picked":"SKIP","floor":46},{"not_picked":[],"picked":"Leap+1","floor":47}],"player_experience":36490,"relics_obtained":[{"floor":7.0,"key":"Emotion Chip"},{"floor":9.0,"key":"PreservedInsect"},{"floor":10.0,"key":"hubris:ToyBattleship"},{"floor":14,"key":"conspire:TopHat"},{"floor":30,"key":"hubris:BallOfYels"},{"floor":30,"key":"infinitespire:Freezer"},{"floor":40,"key":"Smiling Mask"},{"floor":40,"key":"War Paint"},{"floor":42,"key":"Pocketwatch"},{"floor":43,"key":"Pear"},{"floor":44,"key":"hubris:MysteriousPyramids"}],"event_choices":[{"damage_healed":0.0,"max_hp_gain":0.0,"max_hp_loss":0.0,"gold_gain":0.0,"event_name":"betterThird:BetterScrap","player_choice":"Relic ","floor":5.0,"gold_loss":0.0,"damage_taken":3.0,"cards_obtained":["All Out Attack"]},{"damage_healed":0,"gold_gain":0,"player_choice":" Vial Idol ","damage_taken":58,"relics_obtained":["Blood Vial","Bloody Idol"],"max_hp_gain":62,"max_hp_loss":4,"event_name":"betterAltar:BetterAltar","floor":20,"potions_obtained":[],"relics_lost":[],"gold_loss":0},{"damage_healed":0,"gold_gain":0,"player_choice":"Obtained Relic","damage_taken":0,"relics_obtained":["Gremlin Horn"],"max_hp_gain":0,"max_hp_loss":0,"event_name":"Addict","floor":22,"gold_loss":85},{"damage_healed":0,"gold_gain":0,"player_choice":"Copied","damage_taken":0,"max_hp_gain":0,"max_hp_loss":0,"event_name":"Duplicator","floor":24,"gold_loss":0,"cards_obtained":["Zap"]},{"damage_healed":0,"gold_gain":0,"player_choice":"Fight","damage_taken":0,"max_hp_gain":0,"max_hp_loss":0,"event_name":"MindBloom","floor":42,"gold_loss":0},{"damage_healed":0,"gold_gain":0,"player_choice":"Max HP","damage_taken":0,"max_hp_gain":0,"max_hp_loss":5,"event_name":"Winding Halls","floor":48,"gold_loss":0}],"is_beta":false,"boss_relics":[{"not_picked":["conspire:SeveredTorchhead","FrozenCore"],"picked":"Black Star"},{"not_picked":["conspire:RunicOctahedron","Snecko Eye"],"picked":"hubris:VirtuousBlindfold"}],"items_purged_floors":[0,19,38],"is_endless":false,"potions_floor_spawned":[4,11,14,28,29,30,33,35,37,39,46,47],"killed_by":"Awakened One","ascension_level":0}}