{"host":"18wi9kpcl4eah7pe","time":1609918429,"event":{"mods":["BaseMod","Colored Powertips","Downfall","Minty Spire (QoL Compilation)","StSLib"],"gold_per_floor":[99,115,140,158,186,224,224,23,49,42,150,163,313,313,326,435,435,285,307,307,335,435,476,501,524,449,449,196,209,228,270,283,386,386,386,406,406,420,420,420,420],"floor_reached":39,"playtime":2026,"items_purged":[],"score":543,"play_id":"f5075307-9af2-4549-9643-a087452c7a4b","local_time":"20210106013349","is_ascension_mode":true,"campfire_choices":[{"floor":1,"key":"RECALL"},{"data":"hexamod:SearingWound","floor":18,"key":"SMITH"},{"floor":26,"key":"REST"},{"data":"hexamod:VolcanoVisage","floor":35,"key":"SMITH"}],"circlet_count":0,"master_deck":["hexamod:Strike+1","hexamod:Strike+1","hexamod:Strike+1","hexamod:Strike+1","hexamod:Defend+1","hexamod:Defend+1","hexamod:Defend+1","hexamod:Defend+1","hexamod:Sear","hexamod:Float+1","hexamod:SecondSeal","hexamod:FastForward+1","hexamod:ThermalTransfer","hexamod:SpectersWail+1","hexamod:ThirdSeal","hexamod:NightmareGuise","hexamod:SwordOfDarkness+1","hexamod:EmpoweredFlame","hexamod:NightmareStrike+1","hexamod:AdvancingGuard","hexamod:RadiantFlame","hexamod:Incineration+1","hexamod:HauntingEcho+1","hexamod:ShieldOfDarkness","hexamod:SearingWound+1","hexamod:ThermalTransfer+1","hexamod:SixthSeal","hexamod:GiftsFromTheDead+1","hexamod:InspiringFlames","hexamod:SuperheatedStrike+1","hexamod:PowerFromBeyond+1","hexamod:FastForward+1","hexamod:NightmareStrike+1","hexamod:GiftsFromTheDead+1","hexamod:NightmareGuise+1","hexamod:Firestarter+1","hexamod:GhostLash+1","hexamod:SkipABeat+1","hexamod:Rewind+1","hexamod:SpectralAdrenaline+1","hexamod:HauntingEcho+1","hexamod:SoulSteal+1","hexamod:InspiringFlames+1","hexamod:UnleashSpirits+1","hexamod:VolcanoVisage+1","hexamod:InspiringFlames+1","hexamod:PowerFromBeyond+1"],"relics":["hexamod:SpiritBrand","The Courier","Molten Egg 2","Toy Ornithopter","Black Star","downfall:HeartBlessingBlue","downfall:HeartBlessingRed","Toxic Egg 2","Regal Pillow","hexamod:MatchstickCase","downfall:HeartBlessingGreen","Lizard Tail","Mercury Hourglass","Potion Belt"],"acts_visited":["Exordium","TheCity","TheBeyond"],"potions_floor_usage":[3,5,16,23,30,36,38],"damage_taken":[{"damage":0,"enemies":"Cultist","floor":2,"turns":4},{"damage":0,"enemies":"2 Louse","floor":3,"turns":2},{"damage":1,"enemies":"Jaw Worm","floor":4,"turns":3},{"damage":4,"enemies":"Exordium Thugs","floor":5,"turns":4},{"damage":18,"enemies":"Lagavulin","floor":6,"turns":6},{"damage":0,"enemies":"downfall:FleeingMerchant","floor":8,"turns":4},{"damage":1,"enemies":"2 Fungi Beasts","floor":9,"turns":3},{"damage":0,"enemies":"downfall:FleeingMerchant","floor":10,"turns":4},{"damage":16,"enemies":"downfall:LadyInBlue","floor":11,"turns":7},{"damage":7,"enemies":"Blue Slaver","floor":12,"turns":3},{"damage":14,"enemies":"Lots of Slimes","floor":15,"turns":3},{"damage":15,"enemies":"downfall:Silent","floor":16,"turns":9},{"damage":16,"enemies":"Shell Parasite","floor":19,"turns":6},{"damage":8,"enemies":"Chosen","floor":21,"turns":4},{"damage":22,"enemies":"Book of Stabbing","floor":23,"turns":7},{"damage":26,"enemies":"Shelled Parasite and Fungi","floor":25,"turns":6},{"damage":0,"enemies":"downfall:FleeingMerchant","floor":28,"turns":4},{"damage":11,"enemies":"3 Cultists","floor":29,"turns":5},{"damage":12,"enemies":"Chosen and Byrds","floor":30,"turns":5},{"damage":39,"enemies":"Slavers","floor":31,"turns":7},{"damage":0,"enemies":"Cultist and Chosen","floor":32,"turns":4},{"damage":59,"enemies":"downfall:Watcher","floor":33,"turns":9},{"damage":16,"enemies":"3 Shapes","floor":36,"turns":4},{"damage":38,"enemies":"3 Darklings","floor":38,"turns":4},{"damage":72,"enemies":"Transient","floor":39,"turns":4}],"seed_played":"-4675561910631687464","potions_obtained":[{"floor":2,"key":"Explosive Potion"},{"floor":4,"key":"champ:CounterPotion"},{"floor":6,"key":"PowerPotion"},{"floor":11,"key":"Slimebound:ThreeZeroPotion"},{"floor":11,"key":"BlessingOfTheForge"},{"floor":11,"key":"FairyPotion"},{"floor":19,"key":"SpeedPotion"},{"floor":23,"key":"sneckomod:MuddlingPotion"},{"floor":33,"key":"Swift Potion"},{"floor":36,"key":"Fire Potion"}],"is_trial":false,"path_per_floor":["R","M","M","M","M","E","T","$","M","$","?","M","?","?","M","B",null,"R","M","?","M","?","E","T","M","R","?","$","M","M","E","M","B",null,"R","M","?","M","M"],"character_chosen":"THE_SPIRIT","items_purchased":["Molten Egg 2","Lizard Tail"],"campfire_rested":1,"item_purchase_floors":[8,28],"current_hp_per_floor":[77,77,77,76,72,54,54,54,53,53,37,30,30,30,16,6,77,87,71,71,63,63,46,46,20,61,61,61,50,43,4,4,43,87,87,71,71,38,0,0,0],"gold":420,"neow_bonus":"TEN_PERCENT_HP_BONUS","is_daily":false,"chose_seed":false,"campfire_upgraded":2,"win_rate":0.0,"timestamp":1609918429,"path_taken":["R","M","M","M","?","E","T","?","M","$","?","?","?","?","M","BOSS","R","M","?","M","?","E","T","M","R","?","$","M","M","E","M","BOSS","R","M","?","?","M"],"items_purchased_type":["Relic","Relic"],"build_version":"2020-12-22","purchased_purges":0,"victory":false,"max_hp_per_floor":[77,77,77,77,77,77,77,77,77,77,77,77,77,77,77,77,77,87,87,87,87,87,87,87,87,87,87,87,87,87,87,87,87,87,87,87,87,87,87,87,87],"card_choices":[{"not_picked":["hexamod:SkipABeat","hexamod:BacktrackSmack"],"picked":"hexamod:SecondSeal","floor":2},{"not_picked":["hexamod:SecondSeal","hexamod:RetreatToShadows"],"picked":"hexamod:FastForward","floor":3},{"not_picked":["hexamod:ChargedBarrage","hexamod:BacktrackSmack"],"picked":"hexamod:ThermalTransfer","floor":4},{"not_picked":["hexamod:FastForward","hexamod:AdvancingGuard"],"picked":"hexamod:SpectersWail","floor":5},{"not_picked":["hexamod:GhostShield","hexamod:HeatCrush"],"picked":"hexamod:ThirdSeal","floor":6},{"not_picked":["hexamod:Firestarter","hexamod:BacktrackSmack"],"picked":"hexamod:NightmareGuise","floor":8},{"not_picked":["hexamod:SearingWound","hexamod:RadiantFlame"],"picked":"hexamod:SwordOfDarkness","floor":8},{"not_picked":["hexamod:NightmareStrike+1","hexamod:ShieldOfDarkness"],"picked":"hexamod:EmpoweredFlame","floor":9},{"not_picked":["hexamod:FastForward","hexamod:GhostShield"],"picked":"hexamod:NightmareStrike+1","floor":9},{"not_picked":["hexamod:DynamicBlow+1","hexamod:HauntingEcho+1"],"picked":"hexamod:AdvancingGuard","floor":10},{"not_picked":["hexamod:ThirdSeal","hexamod:ShieldOfDarkness"],"picked":"hexamod:RadiantFlame","floor":10},{"not_picked":["hexamod:Again","hexamod:ThermalTransfer+1"],"picked":"hexamod:Incineration+1","floor":11},{"not_picked":["hexamod:RecurringNightmare","hexamod:RainOfEmbers+1"],"picked":"hexamod:HauntingEcho+1","floor":11},{"not_picked":["hexamod:EtherealExpedition","hexamod:SwordOfDarkness+1"],"picked":"hexamod:ShieldOfDarkness","floor":12},{"not_picked":["hexamod:DynamicBlow+1","hexamod:PhantomFireball+1"],"picked":"hexamod:SearingWound","floor":15},{"not_picked":["hexamod:Firestarter+1","hexamod:SwordOfDarkness+1"],"picked":"hexamod:ThermalTransfer+1","floor":15},{"not_picked":["hexamod:SearingWound","hexamod:UnleashSpirits+1"],"picked":"hexamod:SixthSeal","floor":16},{"not_picked":["hexamod:WildfireWeapon","hexamod:SixthSeal"],"picked":"hexamod:GiftsFromTheDead","floor":16},{"not_picked":["hexamod:NightmareStrike+1","hexamod:BurningTouch"],"picked":"hexamod:InspiringFlames","floor":19},{"not_picked":["hexamod:Again","hexamod:BurningTouch"],"picked":"hexamod:SuperheatedStrike+1","floor":19},{"not_picked":["hexamod:HauntingEcho+1","hexamod:NightmareStrike+1"],"picked":"hexamod:PowerFromBeyond+1","floor":21},{"not_picked":["hexamod:GhostShield+1","hexamod:ShieldOfDarkness"],"picked":"hexamod:FastForward+1","floor":21},{"not_picked":["hexamod:ThermalTransfer+1","hexamod:GhostLash+1"],"picked":"hexamod:NightmareStrike+1","floor":23},{"not_picked":["hexamod:NightmareGuise+1","hexamod:HauntingEcho+1"],"picked":"hexamod:GiftsFromTheDead","floor":23},{"not_picked":["hexamod:SwordOfDarkness+1","hexamod:AdvancingGuard+1"],"picked":"hexamod:NightmareGuise+1","floor":25},{"not_picked":["hexamod:HeatCrush+1","hexamod:SwordOfDarkness+1"],"picked":"hexamod:Firestarter+1","floor":25},{"not_picked":["hexamod:BurningTouch+1","hexamod:PhantomCloak"],"picked":"hexamod:GhostLash+1","floor":28},{"not_picked":["hexamod:GhostLash+1","hexamod:RecurringNightmare+1"],"picked":"hexamod:SkipABeat+1","floor":29},{"not_picked":["hexamod:FastForward+1","hexamod:GhostflameBarrier+1"],"picked":"hexamod:Rewind+1","floor":30},{"not_picked":["hexamod:FlamesFromBeyond+1","hexamod:SwordOfDarkness+1"],"picked":"hexamod:SpectralAdrenaline+1","floor":31},{"not_picked":["hexamod:NightmareStrike+1","hexamod:BurningTouch+1"],"picked":"hexamod:HauntingEcho+1","floor":31},{"not_picked":["hexamod:SixthSeal","hexamod:InspiringFlames+1"],"picked":"hexamod:SoulSteal+1","floor":32},{"not_picked":["hexamod:RetreatToShadows+1","hexamod:Again+1"],"picked":"hexamod:InspiringFlames+1","floor":32},{"not_picked":["hexamod:ParanormalForm","hexamod:GiftsFromTheDead"],"picked":"hexamod:UnleashSpirits+1","floor":33},{"not_picked":["hexamod:SixthSeal","hexamod:CrushingStance+1"],"picked":"hexamod:VolcanoVisage","floor":33},{"not_picked":["hexamod:SwordOfDarkness+1","hexamod:Incineration+1"],"picked":"hexamod:InspiringFlames+1","floor":36},{"not_picked":["hexamod:ThermalTransfer+1","hexamod:SpectralSpark+1"],"picked":"hexamod:PowerFromBeyond+1","floor":38}],"player_experience":875328,"relics_obtained":[{"floor":6,"key":"The Courier"},{"floor":11,"key":"Toy Ornithopter"},{"floor":23,"key":"Toxic Egg 2"},{"floor":23,"key":"Regal Pillow"},{"floor":24,"key":"hexamod:MatchstickCase"},{"floor":31,"key":"Mercury Hourglass"},{"floor":31,"key":"Potion Belt"}],"event_choices":[{"cards_removed":["Slimebound:Icky"],"damage_healed":0,"gold_gain":0,"player_choice":"Purged","damage_taken":0,"max_hp_gain":0,"max_hp_loss":0,"event_name":"Purifier","floor":14,"gold_loss":0},{"damage_healed":0,"gold_gain":0,"player_choice":"Simplicity","damage_taken":0,"max_hp_gain":0,"max_hp_loss":0,"event_name":"Back to Basics","floor":20,"gold_loss":0,"cards_upgraded":["hexamod:Strike","hexamod:Strike","hexamod:Strike","hexamod:Defend","hexamod:Defend","hexamod:Defend","hexamod:Defend"]},{"damage_healed":0,"gold_gain":0,"player_choice":"Upgraded","damage_taken":0,"max_hp_gain":0,"max_hp_loss":0,"event_name":"Upgrade Shrine","floor":37,"gold_loss":0,"cards_upgraded":["hexamod:Float"]}],"is_beta":false,"boss_relics":[{"not_picked":["Astrolabe","Tiny House"],"picked":"Black Star"},{"not_picked":["Busted Crown","Fusion Hammer","Coffee Dripper"]}],"items_purged_floors":[],"is_endless":false,"potions_floor_spawned":[2,4,6,11,12,19,23,25,33,36],"killed_by":"Transient","ascension_level":2}}