{"host":"w4b7hmige5bnqipq","time":1609900463,"event":{"mods":["2.2 Compatiblity","BaseMod","Colored Map","DeckTracker","Keyboard Shortcuts","Minty Spire (QoL Compilation)","Permanent Neow","Rare Cards Sparkle","SuperFastMode","everything is the same but u backflip on backflip","slay the spire mod where everything is the same but ironclad has a cowboy hat"],"gold_per_floor":[119,119,44,44,44,79,4,30,30,42,42,74,88,103,103,176,176,186,197,197,208,108,108,137,137,137,137,151,151,151,180,180,254,254,274,274,14,14,33,33,64,64,64,91,108,108,153,169,169,169,169,169,169,4,39,39],"floor_reached":57,"playtime":1463,"items_purged":["Strike_R","Strike_R","Strike_R+1"],"score":2828,"play_id":"0957b16d-3375-4587-86e3-572505ee9986","local_time":"20210106113423","is_ascension_mode":true,"campfire_choices":[{"data":"Pommel Strike","floor":11.0,"key":"SMITH"},{"data":"Body Slam","floor":15.0,"key":"SMITH"},{"data":"Juggernaut","floor":23.0,"key":"SMITH"},{"data":"Evolve","floor":25.0,"key":"SMITH"},{"data":"Second Wind","floor":27.0,"key":"SMITH"},{"floor":29.0,"key":"REST"},{"data":"Bash","floor":32.0,"key":"SMITH"},{"data":"Apotheosis","floor":40.0,"key":"SMITH"},{"floor":42.0,"key":"RECALL"},{"floor":49.0,"key":"REST"},{"data":"Barricade","floor":53.0,"key":"SMITH"}],"circlet_count":0,"master_deck":["AscendersBane","Defend_R+1","Defend_R","Defend_R+1","Bash+1","Body Slam+1","Pommel Strike+1","Second Wind+1","Thunderclap","Body Slam+1","Shrug It Off","Evolve+1","Juggernaut+1","Necronomicurse","Dropkick+1","Body Slam+1","Barricade+1","Shrug It Off","Apotheosis+1","Rage+1","Second Wind+1","Entrench+1","Dark Embrace+1"],"relics":["Burning Blood","NeowsBlessing","MealTicket","CaptainsWheel","Self Forming Clay","Magic Flower","Busted Crown","Necronomicon","Smiling Mask","Ornamental Fan","White Beast Statue","Runic Pyramid","War Paint","Centennial Puzzle","Prayer Wheel","Bronze Scales","Art of War"],"acts_visited":["Exordium","TheCity","TheBeyond","TheEnding"],"potions_floor_usage":[56,56],"damage_taken":[{"damage":0.0,"enemies":"2 Louse","floor":1.0,"turns":1.0},{"damage":0.0,"enemies":"Lagavulin","floor":6.0,"turns":1.0},{"damage":0.0,"enemies":"3 Sentries","floor":8.0,"turns":1.0},{"damage":0.0,"enemies":"Jaw Worm","floor":10.0,"turns":3.0},{"damage":3.0,"enemies":"Gremlin Nob","floor":12.0,"turns":3.0},{"damage":4.0,"enemies":"Small Slimes","floor":13.0,"turns":3.0},{"damage":8.0,"enemies":"Exordium Thugs","floor":14.0,"turns":5.0},{"damage":35.0,"enemies":"Hexaghost","floor":16.0,"turns":9.0},{"damage":21.0,"enemies":"Shell Parasite","floor":18.0,"turns":3.0},{"damage":17.0,"enemies":"2 Thieves","floor":19.0,"turns":3.0},{"damage":17.0,"enemies":"Cultist and Chosen","floor":21.0,"turns":5.0},{"damage":23.0,"enemies":"Slavers","floor":24.0,"turns":4.0},{"damage":9.0,"enemies":"Snecko","floor":28.0,"turns":3.0},{"damage":3.0,"enemies":"Gremlin Leader","floor":31.0,"turns":8.0},{"damage":65.0,"enemies":"Automaton","floor":33.0,"turns":9.0},{"damage":14.0,"enemies":"3 Shapes","floor":35.0,"turns":4.0},{"damage":6.0,"enemies":"Orb Walker","floor":39.0,"turns":3.0},{"damage":12.0,"enemies":"Reptomancer","floor":41.0,"turns":5.0},{"damage":7.0,"enemies":"Nemesis","floor":44.0,"turns":5.0},{"damage":27.0,"enemies":"4 Shapes","floor":45.0,"turns":3.0},{"damage":6.0,"enemies":"2 Orb Walkers","floor":47.0,"turns":3.0},{"damage":25.0,"enemies":"Maw","floor":48.0,"turns":5.0},{"damage":10.0,"enemies":"Time Eater","floor":50.0,"turns":6.0},{"damage":41.0,"enemies":"Donu and Deca","floor":51.0,"turns":8.0},{"damage":29.0,"enemies":"Shield and Spear","floor":55.0,"turns":5.0},{"damage":23,"enemies":"The Heart","floor":56,"turns":7}],"seed_played":"-1273543574137248674","potions_obtained":[{"floor":6.0,"key":"Dexterity Potion"},{"floor":12.0,"key":"FearPotion"},{"floor":14.0,"key":"FairyPotion"},{"floor":16.0,"key":"SmokeBomb"},{"floor":19.0,"key":"FearPotion"},{"floor":24.0,"key":"Energy Potion"},{"floor":31.0,"key":"HeartOfIron"},{"floor":33.0,"key":"Energy Potion"},{"floor":35.0,"key":"BlessingOfTheForge"},{"floor":41.0,"key":"Energy Potion"},{"floor":45.0,"key":"Energy Potion"},{"floor":47.0,"key":"Ancient Potion"},{"floor":48.0,"key":"PowerPotion"},{"floor":55.0,"key":"PowerPotion"}],"is_trial":false,"path_per_floor":["M","?","?","$","?","E","$","E","T","M","R","E","M","M","R","B",null,"M","M","?","M","$","R","E","R","T","R","M","R","?","E","R","B",null,"M","?","$","?","M","R","E","R","T","E","M","?","?","M","R","B","B",null,"R","$","E","B",null],"character_chosen":"IRONCLAD","items_purchased":["Apotheosis","Bronze Scales"],"campfire_rested":2,"item_purchase_floors":[37,54],"current_hp_per_floor":[74,74,74,74,51,57,72,75,75,75,75,75,75,75,75,49,69,57,49,28,20,35,35,21,21,21,21,21,43,43,49,49,42,67,62,62,75,75,75,75,72,72,72,74,56,56,59,43,65,64,32,64,64,75,55,41],"gold":39,"neow_bonus":"THREE_ENEMY_KILL","is_daily":false,"chose_seed":false,"campfire_upgraded":8,"win_rate":0.0,"timestamp":1609900463,"path_taken":["M","?","?","$","?","E","?","E","T","M","R","E","M","M","R","BOSS","M","M","?","M","$","R","E","R","T","R","M","R","?","E","R","BOSS","M","?","?","?","?","R","E","R","T","E","?","?","?","M","R","BOSS","BOSS","R","$","E","BOSS"],"items_purchased_type":["Card","Relic"],"build_version":"2020-12-22","purchased_purges":3,"victory":true,"max_hp_per_floor":[75,75,75,75,75,75,75,75,75,75,75,75,75,75,75,75,75,75,75,75,75,75,75,75,75,75,75,75,75,75,75,75,75,75,75,75,75,75,75,75,75,75,75,75,75,75,75,75,75,75,75,75,75,75,75,75],"card_choices":[{"not_picked":["Perfected Strike","Thunderclap"],"picked":"Body Slam","floor":1.0},{"not_picked":["Clothesline","Wild Strike"],"picked":"Pommel Strike","floor":6.0},{"not_picked":["Headbutt","Exhume"],"picked":"Second Wind","floor":8.0},{"not_picked":["Sever Soul","Warcry"],"picked":"Thunderclap","floor":10.0},{"not_picked":["Bludgeon","Sword Boomerang"],"picked":"Body Slam","floor":12.0},{"not_picked":["Perfected Strike","Twin Strike"],"picked":"Shrug It Off","floor":13.0},{"not_picked":["Shrug It Off","Armaments"],"picked":"Evolve","floor":14.0},{"not_picked":["Corruption","Immolate"],"picked":"Juggernaut","floor":16.0},{"not_picked":["Heavy Blade"],"picked":"SKIP","floor":18.0},{"not_picked":["Dual Wield"],"picked":"SKIP","floor":19.0},{"not_picked":["Pommel Strike"],"picked":"SKIP","floor":21.0},{"not_picked":["Dropkick+1"],"picked":"SKIP","floor":24.0},{"not_picked":[],"picked":"Dropkick+1","floor":24.0},{"not_picked":["Flex"],"picked":"SKIP","floor":28.0},{"not_picked":["Intimidate"],"picked":"SKIP","floor":31.0},{"not_picked":[],"picked":"Barricade","floor":33.0},{"not_picked":[],"picked":"Shrug It Off","floor":35.0},{"not_picked":["Twin Strike"],"picked":"SKIP","floor":39.0},{"not_picked":["Havoc"],"picked":"SKIP","floor":41.0},{"not_picked":[],"picked":"Second Wind+1","floor":44.0},{"not_picked":["Armaments"],"picked":"SKIP","floor":45.0},{"not_picked":[],"picked":"Entrench+1","floor":48.0},{"not_picked":["Bloodletting"],"picked":"SKIP","floor":48.0},{"not_picked":[],"picked":"Dark Embrace+1","floor":55.0}],"player_experience":468800,"relics_obtained":[{"floor":6.0,"key":"MealTicket"},{"floor":8.0,"key":"CaptainsWheel"},{"floor":9.0,"key":"Self Forming Clay"},{"floor":12.0,"key":"Magic Flower"},{"floor":20.0,"key":"Necronomicon"},{"floor":24.0,"key":"Smiling Mask"},{"floor":26.0,"key":"Ornamental Fan"},{"floor":31.0,"key":"White Beast Statue"},{"floor":41.0,"key":"War Paint"},{"floor":44.0,"key":"Centennial Puzzle"},{"floor":47.0,"key":"Prayer Wheel"},{"floor":55.0,"key":"Art of War"}],"event_choices":[{"damage_healed":0.0,"max_hp_gain":0.0,"max_hp_loss":0.0,"gold_gain":0.0,"event_name":"Living Wall","player_choice":"Grow","floor":2.0,"gold_loss":0.0,"damage_taken":0.0,"cards_upgraded":["Body Slam"]},{"cards_removed":["Strike_R"],"damage_healed":0.0,"max_hp_gain":0.0,"max_hp_loss":0.0,"gold_gain":0.0,"event_name":"The Cleric","player_choice":"Card Removal","floor":3.0,"gold_loss":75.0,"damage_taken":0.0},{"damage_healed":0.0,"max_hp_gain":0.0,"max_hp_loss":0.0,"gold_gain":0.0,"event_name":"Shining Light","player_choice":"Entered Light","floor":5.0,"gold_loss":0.0,"damage_taken":23.0,"cards_upgraded":["Defend_R","Strike_R"]},{"damage_healed":0.0,"max_hp_gain":0.0,"max_hp_loss":0.0,"gold_gain":0.0,"event_name":"Cursed Tome","player_choice":"Obtained Book","floor":20.0,"gold_loss":0.0,"damage_taken":21.0},{"damage_healed":0.0,"max_hp_gain":0.0,"max_hp_loss":0.0,"gold_gain":0.0,"event_name":"Duplicator","player_choice":"Copied","floor":30.0,"gold_loss":0.0,"damage_taken":0.0,"cards_obtained":["Body Slam"]},{"cards_removed":["Strike_R"],"damage_healed":0.0,"max_hp_gain":0.0,"max_hp_loss":0.0,"gold_gain":0.0,"event_name":"Wheel of Change","player_choice":"Card Removal","floor":36.0,"gold_loss":0.0,"damage_taken":0.0},{"damage_healed":0.0,"max_hp_gain":0.0,"max_hp_loss":0.0,"gold_gain":0.0,"cards_transformed":["Defend_R"],"event_name":"Transmorgrifier","player_choice":"Transformed","floor":38.0,"gold_loss":0.0,"damage_taken":0.0,"cards_obtained":["Rage"]},{"damage_healed":0.0,"max_hp_gain":0.0,"max_hp_loss":0.0,"gold_gain":0.0,"event_name":"SensoryStone","player_choice":"Memory 1","floor":46.0,"gold_loss":0.0,"damage_taken":0.0},{"damage_healed":0.0,"max_hp_gain":0.0,"max_hp_loss":0.0,"gold_gain":0.0,"event_name":"Mysterious Sphere","player_choice":"Fight","floor":47.0,"gold_loss":0.0,"damage_taken":0.0}],"is_beta":false,"boss_relics":[{"not_picked":["Snecko Eye","Astrolabe"],"picked":"Busted Crown"},{"not_picked":["Empty Cage","Tiny House"],"picked":"Runic Pyramid"}],"items_purged_floors":[7,22,37],"is_endless":false,"potions_floor_spawned":[6,12,14,16,19,24,28,31,33,35,39,41,44,45,47,48,55],"ascension_level":20}}