{"host":"p4v0hquynnreu717","time":1609959959,"event":{"mods":["BaseMod","Better Vampires","DeckTracker","Googly Eyes","Minty Spire (QoL Compilation)","Quick Restart","StSLib","SuperFastMode"],"gold_per_floor":[117,117,142,155,155,190,190,218,288,288,299,309,321,321,321,398,398,417,417,427,352,352,352,252,282,282,282,282],"floor_reached":27,"playtime":532,"items_purged":["Strike_B","Defend_B"],"score":462,"play_id":"ad86ecf5-aefa-44a8-9497-549454ef38b4","local_time":"20210107030559","is_ascension_mode":true,"campfire_choices":[{"data":"Redo","floor":7.0,"key":"SMITH"},{"floor":10.0,"key":"REST"},{"data":"Dualcast","floor":15.0,"key":"SMITH"},{"data":"Turbo","floor":23,"key":"SMITH"}],"circlet_count":0,"master_deck":["AscendersBane","Strike_B","Strike_B","Defend_B+1","Defend_B","Defend_B","Zap+1","Dualcast+1","Redo+1","White Noise","Ball Lightning","Turbo+1","Compile Driver","Core Surge","Ghostly","Ghostly","Ghostly","Normality"],"relics":["Cracked Core","NeowsBlessing","Lantern","Anchor","War Paint","CaptainsWheel","Kunai","Cursed Key","Oddly Smooth Stone","Sundial"],"acts_visited":["Exordium","TheCity"],"potions_floor_usage":[],"damage_taken":[{"damage":0.0,"enemies":"Small Slimes","floor":1.0,"turns":1.0},{"damage":0.0,"enemies":"Jaw Worm","floor":4.0,"turns":1.0},{"damage":0.0,"enemies":"Lagavulin","floor":6.0,"turns":1.0},{"damage":35.0,"enemies":"3 Sentries","floor":8.0,"turns":8.0},{"damage":6.0,"enemies":"Cultist","floor":11.0,"turns":3.0},{"damage":0.0,"enemies":"Looter","floor":12.0,"turns":2.0},{"damage":0.0,"enemies":"Blue Slaver","floor":13.0,"turns":3.0},{"damage":52.0,"enemies":"Hexaghost","floor":16.0,"turns":8.0},{"damage":7,"enemies":"Spheric Guardian","floor":18,"turns":4},{"damage":0,"enemies":"Chosen","floor":20,"turns":5},{"damage":15,"enemies":"Slavers","floor":25,"turns":8},{"damage":0,"enemies":"Gremlin Leader","floor":27,"turns":8}],"seed_played":"6417018930588422770","potions_obtained":[{"floor":4.0,"key":"Weak Potion"},{"floor":8.0,"key":"ColorlessPotion"},{"floor":12.0,"key":"Swift Potion"},{"floor":16.0,"key":"BlessingOfTheForge"},{"floor":25,"key":"Energy Potion"}],"is_trial":false,"path_per_floor":["M","?","T","M","?","E","R","E","T","R","M","M","M","?","R","B",null,"M","?","M","$","?","R","$","E","T","E"],"character_chosen":"DEFECT","items_purchased":[],"campfire_rested":1,"item_purchase_floors":[],"current_hp_per_floor":[64,46,46,46,39,39,39,4,4,25,19,19,19,71,71,19,58,51,35,35,35,35,35,35,20,20,20,20],"gold":282,"neow_bonus":"THREE_ENEMY_KILL","is_daily":false,"chose_seed":false,"campfire_upgraded":3,"win_rate":0.0,"timestamp":1609959959,"path_taken":["M","?","?","?","?","E","R","E","T","R","M","M","M","?","R","BOSS","M","?","M","$","?","R","$","E","T","E"],"items_purchased_type":[],"build_version":"2020-12-22","purchased_purges":2,"victory":false,"max_hp_per_floor":[71,71,71,71,71,71,71,71,71,71,71,71,71,71,71,71,71,71,35,35,35,35,35,35,35,35,35,35],"card_choices":[{"not_picked":["Go for the Eyes","Static Discharge","Leap"],"picked":"SKIP","floor":1.0},{"not_picked":["Leap","Genetic Algorithm","Steam"],"picked":"SKIP","floor":4.0},{"not_picked":["Sweeping Beam","Loop"],"picked":"Redo","floor":6.0},{"not_picked":["Reinforced Body","Turbo"],"picked":"White Noise","floor":8.0},{"not_picked":["Turbo","Tempest"],"picked":"Ball Lightning","floor":11.0},{"not_picked":["Barrage","Reprogram"],"picked":"Turbo","floor":12.0},{"not_picked":["Turbo","Static Discharge"],"picked":"Compile Driver","floor":13.0},{"not_picked":["Thunder Strike","Meteor Strike"],"picked":"Core Surge","floor":16.0},{"not_picked":["Gash+1","Tempest","Go for the Eyes"],"picked":"SKIP","floor":18},{"not_picked":["Steam+1","Genetic Algorithm","Scrape+1"],"picked":"SKIP","floor":20},{"not_picked":["Gash","Fusion","Aggregate"],"picked":"SKIP","floor":25}],"player_experience":764005,"relics_obtained":[{"floor":3.0,"key":"Anchor"},{"floor":6.0,"key":"War Paint"},{"floor":8.0,"key":"CaptainsWheel"},{"floor":9.0,"key":"Kunai"},{"floor":25,"key":"Oddly Smooth Stone"},{"floor":26,"key":"Sundial"}],"event_choices":[{"damage_healed":0.0,"max_hp_gain":0.0,"max_hp_loss":0.0,"gold_gain":0.0,"event_name":"Scrap Ooze","player_choice":"Success","floor":2.0,"gold_loss":0.0,"damage_taken":18.0,"relics_obtained":["Lantern"]},{"cards_removed":["Strike_B"],"damage_healed":0.0,"max_hp_gain":0.0,"max_hp_loss":0.0,"gold_gain":0.0,"event_name":"Golden Wing","player_choice":"Card Removal","floor":5.0,"gold_loss":0.0,"damage_taken":7.0},{"damage_healed":52.0,"max_hp_gain":0.0,"max_hp_loss":0.0,"gold_gain":0.0,"event_name":"Wheel of Change","player_choice":"Full Heal","floor":14.0,"gold_loss":0.0,"damage_taken":0.0},{"damage_healed":0,"gold_gain":0,"player_choice":"Became a Ghost","damage_taken":0,"max_hp_gain":0,"max_hp_loss":36,"event_name":"Ghosts","floor":19,"gold_loss":0,"cards_obtained":["Ghostly","Ghostly","Ghostly"]},{"damage_healed":0,"gold_gain":0,"player_choice":"Ignored","damage_taken":0,"max_hp_gain":0,"max_hp_loss":0,"event_name":"Vampires","floor":22,"gold_loss":0}],"is_beta":false,"boss_relics":[{"not_picked":["Fusion Hammer","SacredBark"],"picked":"Cursed Key"}],"items_purged_floors":[21,24],"is_endless":false,"potions_floor_spawned":[4,8,11,12,16,20,25],"killed_by":"Gremlin Leader","ascension_level":15}}