{"host":"Jonboy","time":1609969010,"event":{"mods":["AchievementEnabler","BaseMod","Block Reminder","Colored Powertips","Minty Spire (QoL Compilation)","Relic Stats"],"gold_per_floor":[115,127,127,202,216,216,246,246,246,246,271,283,308,325,325,427,427,438,438,438,449,253,263,296,296,296,211,224,237,237,63,63,162,162,180,193,207,207,222,256,256,291,317,81,95,95,110,4,4,4],"floor_reached":51,"playtime":2284,"items_purged":["Strike_B","Strike_B","Strike_B"],"score":1310,"play_id":"fbfdc244-6ce5-4481-9776-ce51c7778f35","local_time":"20210106213650","is_ascension_mode":true,"campfire_choices":[{"data":"Streamline","floor":6,"key":"SMITH"},{"floor":8,"key":"REST"},{"data":"Hologram","floor":10,"key":"SMITH"},{"floor":15,"key":"REST"},{"floor":25,"key":"REST"},{"data":"Biased Cognition","floor":30,"key":"SMITH"},{"floor":32,"key":"REST"},{"floor":41,"key":"REST"},{"floor":46,"key":"REST"},{"floor":49,"key":"REST"}],"circlet_count":0,"master_deck":["AscendersBane","Strike_B","Defend_B+1","Defend_B","Defend_B","Defend_B","Zap","Dualcast+1","Coolheaded","Streamline+1","Hologram+1","Go for the Eyes+1","Beam Cell+1","Biased Cognition+1","Doom and Gloom+1","Biased Cognition","Necronomicurse","Hologram","Skim","Hologram","Coolheaded","Core Surge+1","Defragment","Hologram","Core Surge+1","Compile Driver+1","Coolheaded","Recycle","Recycle+1","Capacitor","Hologram","Hologram+1","Defragment"],"relics":["Cracked Core","CaptainsWheel","Molten Egg 2","Akabeko","Smiling Mask","InkBottle","Sozu","Necronomicon","Question Card","Membership Card","Pen Nib","Gremlin Horn","Bag of Preparation","Fusion Hammer","Oddly Smooth Stone","Cables","PreservedInsect","Mummified Hand","OrangePellets"],"acts_visited":["Exordium","TheCity","TheBeyond"],"potions_floor_usage":[11,13,24,33],"damage_taken":[{"damage":8,"enemies":"Small Slimes","floor":1,"turns":3},{"damage":0,"enemies":"2 Louse","floor":2,"turns":3},{"damage":2,"enemies":"Jaw Worm","floor":5,"turns":3},{"damage":15,"enemies":"Gremlin Nob","floor":7,"turns":3},{"damage":0,"enemies":"Lagavulin","floor":11,"turns":4},{"damage":5,"enemies":"Red Slaver","floor":12,"turns":2},{"damage":16,"enemies":"Gremlin Nob","floor":13,"turns":3},{"damage":3,"enemies":"Looter","floor":14,"turns":3},{"damage":3,"enemies":"Slime Boss","floor":16,"turns":6},{"damage":5,"enemies":"3 Byrds","floor":18,"turns":4},{"damage":6,"enemies":"Chosen","floor":21,"turns":3},{"damage":0,"enemies":"Sentry and Sphere","floor":23,"turns":2},{"damage":15,"enemies":"Book of Stabbing","floor":24,"turns":4},{"damage":9,"enemies":"Snake Plant","floor":28,"turns":3},{"damage":3,"enemies":"Centurion and Healer","floor":29,"turns":4},{"damage":13,"enemies":"Champ","floor":33,"turns":11},{"damage":3,"enemies":"3 Darklings","floor":35,"turns":3},{"damage":6,"enemies":"Orb Walker","floor":36,"turns":2},{"damage":6,"enemies":"Writhing Mass","floor":37,"turns":5},{"damage":0,"enemies":"Maw","floor":39,"turns":5},{"damage":31,"enemies":"Nemesis","floor":40,"turns":7},{"damage":0,"enemies":"Giant Head","floor":42,"turns":6},{"damage":3,"enemies":"Jaw Worm Horde","floor":45,"turns":4},{"damage":0,"enemies":"4 Shapes","floor":47,"turns":1},{"damage":7,"enemies":"Awakened One","floor":50,"turns":10}],"seed_played":"-5507922444092216264","potions_obtained":[{"floor":2,"key":"Energy Potion"},{"floor":11,"key":"Fire Potion"},{"floor":12,"key":"FearPotion"},{"floor":16,"key":"PowerPotion"}],"is_trial":false,"path_per_floor":["M","M","?","?","M","R","E","R","T","R","E","M","E","M","R","B",null,"M","?","T","M","$","M","E","R","T","?","M","M","R","$","R","B",null,"M","M","M","?","M","E","R","E","T","$","M","R","M","$","R","B",null],"character_chosen":"DEFECT","items_purchased":["Membership Card","Core Surge+1","Defragment","Hologram","Capacitor","Mummified Hand","Hologram","OrangePellets","Defragment"],"campfire_rested":7,"item_purchase_floors":[22,31,31,31,44,44,44,48,48],"current_hp_per_floor":[60,60,46,35,33,33,18,38,38,38,38,33,17,14,34,31,59,54,38,38,32,32,32,17,37,37,37,28,25,25,25,45,32,59,56,50,44,44,44,13,33,33,33,33,30,50,50,50,68,61],"gold":4,"neow_bonus":"ONE_RARE_RELIC","is_daily":false,"chose_seed":false,"campfire_upgraded":3,"win_rate":0.0,"timestamp":1609969010,"path_taken":["M","M","?","?","M","R","E","R","T","R","E","M","E","M","R","BOSS","M","?","?","?","$","M","E","R","T","?","M","M","R","?","R","BOSS","M","M","M","?","M","E","R","E","T","$","M","R","M","$","R","BOSS"],"items_purchased_type":["Relic","Card","Card","Card","Card","Relic","Card","Relic","Card"],"build_version":"2020-12-18","purchased_purges":3,"victory":true,"max_hp_per_floor":[68,68,68,68,68,68,68,68,68,68,68,68,68,68,68,68,68,68,68,68,68,68,68,68,68,68,68,68,68,68,68,68,68,68,68,68,68,68,68,68,68,68,68,68,68,68,68,68,68,68],"relic_stats":{"Gremlin Horn":[11,11],"counters":[25,104],"Pen Nib":[13],"PreservedInsect":0,"Bag of Preparation":[24],"Smiling Mask":38,"Question Card":14,"Cables":[12,1,7,4,0],"Sozu":5,"OrangePellets":[2],"Mummified Hand":[9],"Necronomicon":[31],"obtain_stats":[{"Gremlin Horn":26,"Oddly Smooth Stone":40,"Pen Nib":24,"PreservedInsect":43,"Bag of Preparation":27,"Smiling Mask":11,"Question Card":20,"Akabeko":9,"Cables":42,"Sozu":17,"OrangePellets":48,"CaptainsWheel":0,"Mummified Hand":44,"Molten Egg 2":7,"Fusion Hammer":34,"Necronomicon":19,"Membership Card":22,"Cracked Core":0,"InkBottle":13},{"Gremlin Horn":13,"Oddly Smooth Stone":21,"Pen Nib":13,"PreservedInsect":22,"Bag of Preparation":13,"Smiling Mask":5,"Question Card":10,"Akabeko":4,"Cables":22,"Sozu":9,"OrangePellets":24,"CaptainsWheel":0,"Mummified Hand":22,"Molten Egg 2":4,"Fusion Hammer":16,"Necronomicon":10,"Membership Card":11,"Cracked Core":0,"InkBottle":7},{"Gremlin Horn":43,"Oddly Smooth Stone":83,"Pen Nib":43,"PreservedInsect":89,"Bag of Preparation":43,"Smiling Mask":16,"Question Card":34,"Akabeko":12,"Cables":89,"Sozu":30,"OrangePellets":94,"CaptainsWheel":0,"Mummified Hand":89,"Molten Egg 2":12,"Fusion Hammer":61,"Necronomicon":34,"Membership Card":37,"Cracked Core":0,"InkBottle":21}],"InkBottle":[36]},"card_choices":[{"not_picked":["White Noise","Stack"],"picked":"Coolheaded","floor":1},{"not_picked":["Tempest","Chill"],"picked":"Streamline","floor":2},{"not_picked":["Aggregate","Consume"],"picked":"Hologram","floor":5},{"not_picked":["Hyperbeam+1","Turbo"],"picked":"Go for the Eyes+1","floor":7},{"not_picked":["Tempest","Fusion"],"picked":"Beam Cell+1","floor":11},{"not_picked":["Redo","Go for the Eyes+1"],"picked":"Biased Cognition","floor":12},{"not_picked":["Coolheaded","Echo Form"],"picked":"Doom and Gloom+1","floor":13},{"not_picked":["Doom and Gloom+1","Gash+1","Sweeping Beam+1"],"picked":"SKIP","floor":14},{"not_picked":["Echo Form","Machine Learning"],"picked":"Biased Cognition","floor":16},{"not_picked":["Static Discharge","Fusion+1","Barrage+1"],"picked":"SKIP","floor":18},{"not_picked":["Melter+1","Blizzard+1","Stack"],"picked":"Hologram","floor":21},{"not_picked":["Leap","Redo","Barrage+1"],"picked":"Skim","floor":23},{"not_picked":["Sweeping Beam+1","Tempest","Rebound+1","Consume"],"picked":"SKIP","floor":24},{"not_picked":["Hyperbeam+1","Stack+1","Recycle"],"picked":"Hologram","floor":28},{"not_picked":["Consume","Rebound+1","Tempest"],"picked":"Coolheaded","floor":29},{"not_picked":["Rainbow","Amplify","Biased Cognition"],"picked":"Core Surge+1","floor":33},{"not_picked":["Stack","Cold Snap+1","Steam+1"],"picked":"Compile Driver+1","floor":35},{"not_picked":["Consume","Barrage+1","Streamline+1","Conserve Battery+1"],"picked":"SKIP","floor":36},{"not_picked":["Sweeping Beam+1","Ball Lightning+1","Streamline+1"],"picked":"Coolheaded","floor":37},{"not_picked":["Rebound+1","Cold Snap+1","Hologram"],"picked":"Recycle","floor":39},{"not_picked":["Hello World","Fusion","Hyperbeam+1"],"picked":"Recycle+1","floor":40},{"not_picked":["Go for the Eyes+1","Melter+1","Barrage+1","Redo"],"picked":"SKIP","floor":42},{"not_picked":["Cold Snap+1","Scrape+1","Turbo+1","Gash+1"],"picked":"SKIP","floor":45},{"not_picked":["Streamline+1","Go for the Eyes+1","Rebound+1"],"picked":"Hologram+1","floor":47}],"player_experience":442371,"relics_obtained":[{"floor":7,"key":"Molten Egg 2"},{"floor":9,"key":"Akabeko"},{"floor":11,"key":"Smiling Mask"},{"floor":13,"key":"InkBottle"},{"floor":19,"key":"Necronomicon"},{"floor":20,"key":"Question Card"},{"floor":24,"key":"Pen Nib"},{"floor":26,"key":"Gremlin Horn"},{"floor":40,"key":"Oddly Smooth Stone"},{"floor":42,"key":"Cables"},{"floor":43,"key":"PreservedInsect"}],"event_choices":[{"damage_healed":0,"gold_gain":0,"player_choice":"Entered Light","damage_taken":14,"max_hp_gain":0,"max_hp_loss":0,"event_name":"Shining Light","floor":3,"gold_loss":0,"cards_upgraded":["Dualcast","Defend_B"]},{"damage_healed":0,"gold_gain":75,"player_choice":"Gather Gold","damage_taken":11,"max_hp_gain":0,"max_hp_loss":0,"event_name":"World of Goop","floor":4,"gold_loss":0},{"damage_healed":0,"gold_gain":0,"player_choice":"Obtained Book","damage_taken":16,"max_hp_gain":0,"max_hp_loss":0,"event_name":"Cursed Tome","floor":19,"gold_loss":0},{"damage_healed":0,"gold_gain":0,"player_choice":"Obtained Relic","damage_taken":0,"relics_obtained":["Bag of Preparation"],"max_hp_gain":0,"max_hp_loss":0,"event_name":"Addict","floor":27,"gold_loss":85},{"damage_healed":0,"gold_gain":0,"player_choice":"Ignored","damage_taken":0,"max_hp_gain":0,"max_hp_loss":0,"event_name":"Tomb of Lord Red Mask","floor":38,"gold_loss":0}],"is_beta":true,"boss_relics":[{"not_picked":["Pandora\u0027s Box","Tiny House"],"picked":"Sozu"},{"not_picked":["Coffee Dripper","Busted Crown"],"picked":"Fusion Hammer"}],"items_purged_floors":[22,31,44],"is_endless":false,"potions_floor_spawned":[2,11,12,16,18,21,33,37,40,42,47],"ascension_level":12}}