{"host":"i0boqj7z83tzxoi1","time":1609945160,"event":{"mods":["BaseMod","Lobotomy","Minty Spire (QoL Compilation)","Replay The Spire","StSLib","The Construct"],"gold_per_floor":[110,110,110,125,72,104,104,104,104],"floor_reached":8,"playtime":362,"items_purged":[],"score":65,"play_id":"17fe6bda-afce-407a-8167-843e233d4495","local_time":"20210106225920","is_ascension_mode":true,"campfire_choices":[{"floor":7,"key":"REST"}],"circlet_count":0,"master_deck":["Strike_B","Strike_B","Strike_B","Strike_B","Defend_B","Defend_B","Defend_B","Defend_B","Zap+1","Dualcast","Rudolta","Conserve Battery","Murderer","Beam Cell","Cold Snap","FairyFestival","Streamline"],"relics":["Cracked Core","CogitoBucket","Iron Hammer"],"acts_visited":["Exordium"],"potions_floor_usage":[6,6,8],"damage_taken":[{"damage":7,"enemies":"Jaw Worm","floor":1,"turns":3},{"damage":6,"enemies":"Small Slimes","floor":4,"turns":3},{"damage":39,"enemies":"Gremlin Nob","floor":6,"turns":5},{"damage":41,"enemies":"Lagavulin","floor":8,"turns":4}],"seed_played":"-117721199175772852","potions_obtained":[{"floor":3,"key":"Dexterity Potion"},{"floor":3,"key":"EssenceOfSteel"},{"floor":3,"key":"Languid Potion"},{"floor":6,"key":"Toxic Potion"}],"is_trial":false,"path_per_floor":["M","?","?","M","$","E","R","E"],"character_chosen":"DEFECT","items_purchased":["Cold Snap"],"campfire_rested":1,"item_purchase_floors":[5],"current_hp_per_floor":[68,68,68,62,62,23,45,6,6],"gold":104,"neow_bonus":"","is_daily":false,"chose_seed":false,"campfire_upgraded":0,"win_rate":0.0,"timestamp":1609945160,"path_taken":["M","?","?","?","$","E","R","E"],"items_purchased_type":["Card"],"build_version":"2020-12-22","purchased_purges":0,"victory":false,"max_hp_per_floor":[75,75,75,75,75,75,75,75,75],"card_choices":[{"not_picked":["BigBadWolf","DreamingCurrent","SpiderBud"],"picked":"Singing Bowl","floor":1},{"not_picked":["MeatLantern","CherryBlossoms"],"picked":"Rudolta","floor":1},{"not_picked":["Reinforced Body","Go for the Eyes"],"picked":"Conserve Battery","floor":1},{"not_picked":["ShyLook","MeatLantern"],"picked":"Murderer","floor":4},{"not_picked":["Hologram","BasicCrystalCard"],"picked":"Beam Cell","floor":4},{"not_picked":["VoidDream","SpiderBud"],"picked":"FairyFestival","floor":6},{"not_picked":["ReplayGash","Compile Driver"],"picked":"Streamline","floor":6}],"player_experience":150812,"relics_obtained":[{"floor":6,"key":"Iron Hammer"}],"event_choices":[{"damage_healed":0,"gold_gain":0,"player_choice":"Grow","damage_taken":0,"max_hp_gain":0,"max_hp_loss":0,"event_name":"Living Wall","floor":2,"gold_loss":0,"cards_upgraded":["Zap"]},{"damage_healed":0,"gold_gain":0,"player_choice":"Got Potions","damage_taken":0,"max_hp_gain":0,"max_hp_loss":0,"event_name":"Lab","floor":3,"gold_loss":0}],"is_beta":false,"boss_relics":[],"items_purged_floors":[],"is_endless":false,"potions_floor_spawned":[6],"killed_by":"Lagavulin","ascension_level":4}}