{"host":"2461dio7vetlq1z3","time":1609964041,"event":{"mods":["2.2 Compatiblity","AchievementEnabler","Aspiration","BaseMod","Better Third Choice","Friendly Minions","Hubris","Minty Spire (QoL Compilation)","Relic Stats","Spicy Shops","StSLib","Waifu the Spire"],"gold_per_floor":[118,118,118,131,147,178,178,190,213,226,260,260,288,302,302,378,378,393,227,227,227,227,255,275,275,275,302,317,327,360,74,74,149,149,149],"floor_reached":34,"playtime":1538,"items_purged":["Strike_B","Strike_B","Strike_B","Defend_B","Barrage"],"score":985,"play_id":"d261112a-705f-4917-b84e-2a401590ce1b","local_time":"20210106211400","is_ascension_mode":true,"campfire_choices":[{"floor":7,"key":"REST"},{"floor":12,"key":"REST"},{"data":"hubris:DoWhile","floor":15,"key":"SMITH"},{"floor":25,"key":"REST"},{"data":"Buffer","floor":32,"key":"SMITH"}],"circlet_count":0,"master_deck":["AscendersBane","Defend_B","Defend_B","Zap","Dualcast","Electrodynamics","Ball Lightning","Cold Snap","Rip and Tear","Leap","aspiration:Polymerization","Conserve Battery","hubris:DoWhile+1","Ball Lightning","Thunder Strike","Self Repair","Buffer+1","Hologram","Recycle","Beam Cell+1","Self Repair+1","Seek"],"relics":["Cracked Core","Incense Burner","Vajra","hubris:Spice","hubris:CrackedHourglass","Nloth\u0027s Gift","hubris:TenFootPole","hubris:TinFlute","Matryoshka","Sundial","Kunai"],"acts_visited":["Exordium","TheCity","TheBeyond"],"potions_floor_usage":[6,23,27,29,33],"damage_taken":[{"damage":7,"enemies":"Jaw Worm","floor":1,"turns":3},{"damage":0,"enemies":"Cultist","floor":4,"turns":2},{"damage":10,"enemies":"Small Slimes","floor":5,"turns":3},{"damage":14,"enemies":"Gremlin Nob","floor":6,"turns":3},{"damage":17,"enemies":"Exordium Thugs","floor":8,"turns":3},{"damage":0,"enemies":"Lots of Slimes","floor":10,"turns":1},{"damage":7,"enemies":"Lagavulin","floor":11,"turns":5},{"damage":9,"enemies":"Gremlin Nob","floor":13,"turns":3},{"damage":1,"enemies":"2 Fungi Beasts","floor":14,"turns":2},{"damage":24,"enemies":"The Guardian","floor":16,"turns":9},{"damage":0,"enemies":"2 Thieves","floor":18,"turns":2},{"damage":15,"enemies":"Slavers","floor":23,"turns":2},{"damage":7,"enemies":"3 Byrds","floor":24,"turns":3},{"damage":18,"enemies":"Gremlin Leader","floor":27,"turns":4},{"damage":0,"enemies":"Centurion and Healer","floor":28,"turns":5},{"damage":13,"enemies":"Snecko","floor":29,"turns":5},{"damage":29,"enemies":"Slavers","floor":30,"turns":4},{"damage":0,"enemies":"Automaton","floor":33,"turns":8}],"seed_played":"266837833062672757","potions_obtained":[{"floor":4,"key":"DuplicationPotion"},{"floor":5,"key":"ColorlessPotion"},{"floor":13,"key":"LiquidBronze"},{"floor":16,"key":"Swift Potion"},{"floor":23,"key":"Fruit Juice"},{"floor":27,"key":"Ancient Potion"},{"floor":30,"key":"EssenceOfSteel"},{"floor":33,"key":"Weak Potion"}],"is_trial":false,"path_per_floor":["M","?","?","M","M","E","R","M","T","M","E","R","E","M","R","B",null,"M","$","?","$","?","E","M","R","T","E","M","M","E","$","R","B",null],"character_chosen":"DEFECT","items_purchased":["Self Repair","Kunai"],"campfire_rested":3,"item_purchase_floors":[19,31],"current_hp_per_floor":[57,50,50,50,40,26,47,30,30,30,23,44,43,42,42,18,64,64,64,64,32,32,17,17,40,40,29,36,35,13,13,13,30,79,79],"gold":149,"neow_bonus":"ONE_RANDOM_RARE_CARD","is_daily":false,"chose_seed":false,"campfire_upgraded":2,"win_rate":0.0,"timestamp":1609964040,"path_taken":["M","?","?","M","?","E","R","?","T","M","E","R","E","?","R","BOSS","M","$","?","?","?","E","M","R","T","E","M","?","E","$","R","BOSS"],"items_purchased_type":["Card","Relic"],"build_version":"2020-12-22","purchased_purges":5,"victory":false,"max_hp_per_floor":[71,71,71,71,71,71,71,71,71,71,71,71,79,79,79,79,79,79,79,79,79,79,79,79,79,79,79,79,84,84,84,84,84,92,92],"relic_stats":{"counters":[18,67],"Sundial":[2],"Nloth\u0027s Gift":2,"Kunai":[1],"obtain_stats":[{"Lantern":11,"Matryoshka":27,"hubris:Spice":13,"Sundial":30,"Vajra":9,"Incense Burner":6,"Nloth\u0027s Gift":20,"hubris:TenFootPole":23,"Kunai":31,"hubris:CrackedHourglass":17,"Cracked Core":0,"hubris:TinFlute":26},{"Lantern":7,"Matryoshka":14,"hubris:Spice":8,"Sundial":17,"Vajra":5,"Incense Burner":4,"Nloth\u0027s Gift":11,"hubris:TenFootPole":12,"Kunai":17,"hubris:CrackedHourglass":10,"Cracked Core":0,"hubris:TinFlute":13},{"Lantern":20,"Matryoshka":45,"hubris:Spice":23,"Sundial":59,"Vajra":14,"Incense Burner":11,"Nloth\u0027s Gift":36,"hubris:TenFootPole":38,"Kunai":59,"hubris:CrackedHourglass":34,"Cracked Core":0,"hubris:TinFlute":41}]},"card_choices":[{"not_picked":["Coolheaded","Turbo"],"picked":"Ball Lightning","floor":1},{"not_picked":["Chaos","Conserve Battery"],"picked":"Cold Snap","floor":4},{"not_picked":["Steam","Lockon"],"picked":"Barrage","floor":5},{"not_picked":["Turbo","Sweeping Beam"],"picked":"Rip and Tear","floor":6},{"not_picked":["Hyperbeam","Rebound"],"picked":"Leap","floor":8},{"not_picked":["Redo","Consume"],"picked":"aspiration:Polymerization","floor":10},{"not_picked":["Beam Cell","Rebound"],"picked":"Conserve Battery","floor":11},{"not_picked":["Doom and Gloom","Beam Cell"],"picked":"hubris:DoWhile","floor":13},{"not_picked":["aspiration:Polymerization","Stack"],"picked":"Ball Lightning","floor":14},{"not_picked":["hubris:Prefetch","Amplify"],"picked":"Thunder Strike","floor":16},{"not_picked":["Stack","Barrage","Conserve Battery"],"picked":"SKIP","floor":18},{"not_picked":["Fission","Redo+1"],"picked":"Buffer","floor":23},{"not_picked":["Streamline","Barrage","Force Field"],"picked":"SKIP","floor":24},{"not_picked":["Auto Shields","Ball Lightning"],"picked":"Hologram","floor":27},{"not_picked":["Rebound","Steam"],"picked":"Recycle","floor":28},{"not_picked":["Sweeping Beam","Steam"],"picked":"Beam Cell+1","floor":29},{"not_picked":["hubris:Prefetch","Blizzard"],"picked":"Self Repair+1","floor":30},{"not_picked":["hubris:SpecializedCircuitry","Reboot"],"picked":"Seek","floor":33}],"player_experience":1062909,"relics_obtained":[{"floor":6,"key":"Incense Burner"},{"floor":9,"key":"Vajra"},{"floor":11,"key":"Lantern"},{"floor":13,"key":"hubris:Spice"},{"floor":23,"key":"hubris:TenFootPole"},{"floor":26,"key":"hubris:TinFlute"},{"floor":27,"key":"Matryoshka"},{"floor":30,"key":"Sundial"}],"event_choices":[{"cards_removed":["Strike_B"],"damage_healed":0,"gold_gain":0,"player_choice":"Card Removal","damage_taken":7,"max_hp_gain":0,"max_hp_loss":0,"event_name":"Golden Wing","floor":2,"gold_loss":0},{"cards_removed":["Defend_B"],"damage_healed":0,"gold_gain":0,"player_choice":"Purged","damage_taken":0,"max_hp_gain":0,"max_hp_loss":0,"event_name":"Purifier","floor":3,"gold_loss":0},{"damage_healed":0,"gold_gain":0,"player_choice":"Traded Relic","damage_taken":0,"relics_obtained":["Nloth\u0027s Gift"],"max_hp_gain":0,"max_hp_loss":0,"event_name":"N\u0027loth","floor":20,"relics_lost":["Lantern"],"gold_loss":0}],"is_beta":false,"boss_relics":[{"not_picked":["Astrolabe","aspiration:Stellarator"],"picked":"hubris:CrackedHourglass"},{"not_picked":["aspiration:RitualDagger","Calling Bell"],"picked":"hubris:Spice"}],"items_purged_floors":[19,21,21,21,21],"is_endless":false,"potions_floor_spawned":[4,5,13,16,23,27,30,33],"ascension_level":20}}