{"host":"uonldg9uriwfhjjx","time":1609926241,"event":{"mods":["AchievementEnabler","BaseMod","Minty Spire (QoL Compilation)","Relic Stats"],"gold_per_floor":[111,111,111,111,111,111,131,146,173,223,256,256,275,300,300,396,396,412,412,412],"floor_reached":19,"playtime":1224,"items_purged":[],"score":436,"play_id":"54a81367-efbc-47fc-9696-f532a2c56bac","local_time":"20210106044401","is_ascension_mode":true,"campfire_choices":[{"data":"Poisoned Stab","floor":6,"key":"SMITH"},{"data":"Night Terror","floor":12,"key":"SMITH"},{"data":"Catalyst","floor":15,"key":"SMITH"}],"circlet_count":0,"master_deck":["AscendersBane","Strike_G","Strike_G","Strike_G","Strike_G","Defend_G","Defend_G","Defend_G","Defend_G","Defend_G","Survivor","Neutralize","Poisoned Stab+1","Night Terror+1","Catalyst+1","Escape Plan","Adrenaline","Accuracy"],"relics":["Ring of the Snake","Anchor","Golden Idol","Matryoshka","Vajra","Toy Ornithopter","Pantograph","SlaversCollar"],"acts_visited":["Exordium","TheCity"],"potions_floor_usage":[11,16],"damage_taken":[{"damage":0,"enemies":"Jaw Worm","floor":1,"turns":6},{"damage":0,"enemies":"2 Louse","floor":7,"turns":4},{"damage":9,"enemies":"Small Slimes","floor":8,"turns":5},{"damage":22,"enemies":"Gremlin Nob","floor":11,"turns":4},{"damage":0,"enemies":"Gremlin Gang","floor":13,"turns":6},{"damage":4,"enemies":"Looter","floor":14,"turns":3},{"damage":0,"enemies":"Slime Boss","floor":16,"turns":3},{"damage":41,"enemies":"Chosen","floor":18,"turns":9},{"damage":24,"enemies":"Spheric Guardian","floor":19,"turns":4}],"seed_played":"7659518458035138900","potions_obtained":[{"floor":1,"key":"FearPotion"},{"floor":13,"key":"DuplicationPotion"},{"floor":14,"key":"Weak Potion"},{"floor":18,"key":"SteroidPotion"}],"is_trial":false,"path_per_floor":["M","?","?","?","?","R","M","M","T","?","E","R","M","M","R","B",null,"M","M"],"character_chosen":"THE_SILENT","items_purchased":[],"campfire_rested":0,"item_purchase_floors":[],"current_hp_per_floor":[59,59,48,41,46,46,46,37,37,37,20,20,20,16,16,46,60,19,0,0],"gold":412,"neow_bonus":"RANDOM_COMMON_RELIC","is_daily":false,"chose_seed":false,"campfire_upgraded":3,"win_rate":0.0,"timestamp":1609926241,"path_taken":["M","?","?","?","?","R","?","M","T","?","E","R","M","M","R","BOSS","M","M"],"items_purchased_type":[],"build_version":"2020-12-22","purchased_purges":0,"victory":false,"max_hp_per_floor":[66,60,60,60,65,65,65,65,65,65,65,65,65,65,65,65,65,65,65,65],"relic_stats":{"counters":[9,44],"Golden Idol":45,"Pantograph":25,"obtain_stats":[{"SlaversCollar":17,"Anchor":0,"Matryoshka":3,"Golden Idol":2,"Pantograph":11,"Vajra":9,"Toy Ornithopter":9,"Ring of the Snake":0},{"SlaversCollar":7,"Anchor":0,"Matryoshka":1,"Golden Idol":1,"Pantograph":4,"Vajra":3,"Toy Ornithopter":3,"Ring of the Snake":0},{"SlaversCollar":31,"Anchor":0,"Matryoshka":6,"Golden Idol":6,"Pantograph":19,"Vajra":15,"Toy Ornithopter":15,"Ring of the Snake":0}],"Toy Ornithopter":10,"Ring of the Snake":[18]},"card_choices":[{"not_picked":["Caltrops","Deflect"],"picked":"Poisoned Stab","floor":1},{"not_picked":["Slice","Prepared"],"picked":"Night Terror","floor":7},{"not_picked":["Distraction","Blade Dance"],"picked":"Catalyst","floor":8},{"not_picked":["Grand Finale","Outmaneuver","Cloak And Dagger"],"picked":"SKIP","floor":11},{"not_picked":["Reflex","Bane","Distraction"],"picked":"SKIP","floor":13},{"not_picked":["Choke","Endless Agony"],"picked":"Escape Plan","floor":14},{"not_picked":["Doppelganger","Corpse Explosion"],"picked":"Adrenaline","floor":16},{"not_picked":["Flying Knee","Dagger Throw"],"picked":"Accuracy","floor":18}],"player_experience":738896,"relics_obtained":[{"floor":9,"key":"Vajra"},{"floor":9,"key":"Toy Ornithopter"},{"floor":11,"key":"Pantograph"}],"event_choices":[{"damage_healed":0,"gold_gain":0,"player_choice":"Lose Max HP","damage_taken":0,"relics_obtained":["Golden Idol"],"max_hp_gain":0,"max_hp_loss":6,"event_name":"Golden Idol","floor":2,"gold_loss":0},{"damage_healed":0,"gold_gain":0,"player_choice":"Success","damage_taken":11,"relics_obtained":["Matryoshka"],"max_hp_gain":0,"max_hp_loss":0,"event_name":"Scrap Ooze","floor":3,"gold_loss":0},{"cards_removed":["Strike_G"],"damage_healed":0,"gold_gain":0,"player_choice":"Card Removal","damage_taken":7,"max_hp_gain":0,"max_hp_loss":0,"event_name":"Golden Wing","floor":4,"gold_loss":0},{"damage_healed":0,"gold_gain":0,"player_choice":"Donut","damage_taken":0,"max_hp_gain":5,"max_hp_loss":0,"event_name":"Big Fish","floor":5,"gold_loss":0},{"damage_healed":0,"gold_gain":50,"player_choice":"Pray","damage_taken":0,"max_hp_gain":0,"max_hp_loss":0,"event_name":"Golden Shrine","floor":10,"gold_loss":0}],"is_beta":false,"boss_relics":[{"not_picked":["Pandora\u0027s Box","Ectoplasm"],"picked":"SlaversCollar"}],"items_purged_floors":[],"is_endless":false,"potions_floor_spawned":[1,13,14,18],"killed_by":"Spheric Guardian","ascension_level":16}}