{"host":"alk2ftu785mujiir","time":1609958205,"event":{"mods":["BaseMod","Colored Map","Downfall","Minty Spire (QoL Compilation)","StSLib"],"gold_per_floor":[99,114,114,125,0,0,68,88,104,116,216,249,260,4,23,128,128,128,128,128,128,128,128,128,128,128,128,128,128,128,128,128,128,128,128,128,128,128,128,128,128,128,128,128,128,128,128,128,128,128],"floor_reached":51,"playtime":3237,"items_purged":["Pain"],"score":801,"play_id":"01fae706-e62b-40d4-a0f1-efed81b6bbac","local_time":"20210106133645","is_ascension_mode":false,"campfire_choices":[{"floor":1,"key":"RECALL"},{"data":"hexamod:EmpoweredFlame","floor":6,"key":"SMITH"},{"data":"Blind","floor":18,"key":"SMITH"},{"floor":28,"key":"REST"},{"floor":30,"key":"REST"},{"data":"1","floor":35,"key":"LIFT"},{"data":"2","floor":40,"key":"LIFT"},{"floor":47,"key":"REST"}],"circlet_count":0,"master_deck":["hexamod:Strike","hexamod:Strike","hexamod:Strike","hexamod:Strike","hexamod:Defend","hexamod:Defend","hexamod:Defend","hexamod:Defend","hexamod:Sear","hexamod:Float+1","hexamod:SuperheatedStrike","hexamod:EmpoweredFlame+1","hexamod:Incineration","hexamod:FastForward+1","hexamod:GhostOfSpireFuture","hexamod:NightmareGuise+1","hexamod:HeatShield","hexamod:SearingWound","hexamod:GhostShield","Blind+1","hexamod:GhostflameInferno","hexamod:SoulSteal+1","hexamod:BurningTouch+1","hexamod:FastForward","hexamod:Again+1","hexamod:VolcanoVisage","hexamod:ThermalTransfer","Parasite","hexamod:GhostOfSpireFuture+1","hexamod:DynamicBlow+1","hexamod:GhostflameBarrier+1"],"relics":["hexamod:SpiritBrand","WarpedTongs","White Beast Statue","Potion Belt","Meat on the Bone","hexamod:MatchstickCase","downfall:Hecktoplasm","downfall:HeartBlessingRed","War Paint","downfall:HeartBlessingGreen","downfall:HeartBlessingBlue","Girya","Strawberry","expansioncontent:StudyCardRelic","Gremlin Horn","Omamori"],"acts_visited":["Exordium","TheCity","TheBeyond"],"potions_floor_usage":[10,16,27,27,29,38,45,46,48,50],"damage_taken":[{"damage":0,"enemies":"Small Slimes","floor":2,"turns":3},{"damage":3,"enemies":"Cultist","floor":4,"turns":3},{"damage":6,"enemies":"downfall:FleeingMerchant","floor":5,"turns":4},{"damage":1,"enemies":"Jaw Worm","floor":8,"turns":4},{"damage":11,"enemies":"Lots of Slimes","floor":9,"turns":4},{"damage":28,"enemies":"Gremlin Gang","floor":10,"turns":4},{"damage":19,"enemies":"downfall:LadyInBlue","floor":11,"turns":10},{"damage":0,"enemies":"Gremlin Nob","floor":12,"turns":4},{"damage":2,"enemies":"Blue Slaver","floor":13,"turns":4},{"damage":2,"enemies":"downfall:FleeingMerchant","floor":14,"turns":4},{"damage":0,"enemies":"Exordium Wildlife","floor":15,"turns":3},{"damage":1,"enemies":"downfall:Watcher","floor":16,"turns":7},{"damage":1,"enemies":"Shell Parasite","floor":19,"turns":4},{"damage":0,"enemies":"3 Byrds","floor":20,"turns":4},{"damage":0,"enemies":"3 Cultists","floor":21,"turns":3},{"damage":20,"enemies":"Snecko","floor":22,"turns":6},{"damage":5,"enemies":"Sentry and Sphere","floor":23,"turns":3},{"damage":0,"enemies":"Centurion and Healer","floor":25,"turns":6},{"damage":23,"enemies":"Snake Plant","floor":26,"turns":3},{"damage":15,"enemies":"Slavers","floor":27,"turns":5},{"damage":7,"enemies":"Book of Stabbing","floor":29,"turns":5},{"damage":0,"enemies":"Gremlin Leader","floor":31,"turns":5},{"damage":1,"enemies":"3 Cultists","floor":32,"turns":3},{"damage":7,"enemies":"downfall:Defect","floor":33,"turns":9},{"damage":0,"enemies":"3 Darklings","floor":36,"turns":4},{"damage":0,"enemies":"Orb Walker","floor":37,"turns":3},{"damage":12,"enemies":"Writhing Mass","floor":38,"turns":4},{"damage":1,"enemies":"3 Darklings","floor":42,"turns":4},{"damage":30,"enemies":"Spire Growth","floor":43,"turns":6},{"damage":20,"enemies":"Reptomancer","floor":45,"turns":4},{"damage":0,"enemies":"Writhing Mass","floor":46,"turns":4},{"damage":6,"enemies":"Jaw Worm Horde","floor":48,"turns":4},{"damage":0,"enemies":"Maw","floor":49,"turns":6},{"damage":48,"enemies":"downfall:Silent","floor":50,"turns":10}],"seed_played":"-2376387998960027380","potions_obtained":[{"floor":2,"key":"DuplicationPotion"},{"floor":8,"key":"FairyPotion"},{"floor":9,"key":"Dexterity Potion"},{"floor":10,"key":"LiquidBronze"},{"floor":11,"key":"hexamod:InfernoChargePotion"},{"floor":11,"key":"hexamod:DoubleChargePotion"},{"floor":11,"key":"PowerPotion"},{"floor":13,"key":"PowerPotion"},{"floor":16,"key":"Fire Potion"},{"floor":27,"key":"Dexterity Potion"},{"floor":29,"key":"SpeedPotion"},{"floor":31,"key":"Dexterity Potion"},{"floor":32,"key":"hexamod:DoubleChargePotion"},{"floor":38,"key":"FearPotion"},{"floor":45,"key":"champ:CounterPotion"},{"floor":46,"key":"Explosive Potion"},{"floor":48,"key":"SmokeBomb"}],"is_trial":false,"path_per_floor":["R","M","?","M","$","R","T","M","M","M","?","E","M","$","M","B",null,"R","M","M","M","M","M","T","M","M","E","R","E","R","E","M","B",null,"R","M","M","M","?","R","T","M","M","?","E","M","R","M","M","B",null],"character_chosen":"THE_SPIRIT","items_purchased":["hexamod:Incineration","hexamod:MatchstickCase","Blind"],"campfire_rested":3,"item_purchase_floors":[5,14,14],"current_hp_per_floor":[70,70,70,67,61,61,61,60,49,21,2,2,33,43,43,42,70,70,69,69,69,49,44,44,44,33,30,64,57,80,87,86,79,87,87,87,87,75,75,75,75,74,44,44,36,48,74,68,68,32],"gold":128,"neow_bonus":"UPGRADE_CARD","is_daily":false,"chose_seed":false,"campfire_upgraded":2,"win_rate":0.0,"timestamp":1609958205,"path_taken":["R","M","?","M","$","R","T","M","M","?","?","E","M","$","M","BOSS","R","M","M","?","?","M","T","?","M","E","R","E","R","E","M","BOSS","R","M","M","M","?","R","T","M","?","?","E","M","R","M","M","BOSS"],"items_purchased_type":["Card","Relic","Card"],"build_version":"2020-12-22","purchased_purges":1,"victory":true,"max_hp_per_floor":[70,70,70,70,70,70,70,70,70,70,70,70,70,70,70,70,70,70,70,70,70,70,70,70,70,70,70,80,80,80,87,87,87,87,87,87,87,87,87,87,87,87,87,87,87,87,87,87,87,87],"card_choices":[{"not_picked":["hexamod:BacktrackSmack","hexamod:SpectralAdrenaline"],"picked":"hexamod:SuperheatedStrike","floor":2},{"not_picked":["hexamod:PowerFromBeyond","hexamod:GhostLash","hexamod:NecessarySacrifice"],"picked":"SKIP","floor":4},{"not_picked":["hexamod:ExtraCrispy","hexamod:StepThrough"],"picked":"hexamod:EmpoweredFlame","floor":5},{"not_picked":["hexamod:GhostOfSpireFuture","hexamod:Firestarter"],"picked":"hexamod:FastForward","floor":8},{"not_picked":["hexamod:HeatMetal","hexamod:ShieldOfDarkness"],"picked":"hexamod:GhostOfSpireFuture","floor":9},{"not_picked":["hexamod:NightmareStrike","hexamod:HeatMetal"],"picked":"hexamod:NightmareGuise","floor":10},{"not_picked":["hexamod:RainOfEmbers","hexamod:HeatMetal"],"picked":"hexamod:HeatShield","floor":11},{"not_picked":["hexamod:PowerFromBeyond","hexamod:NightmareGuise"],"picked":"hexamod:SearingWound","floor":12},{"not_picked":["hexamod:BacktrackSmack","hexamod:HeatCrush","hexamod:SwordOfDarkness"],"picked":"SKIP","floor":13},{"not_picked":["hexamod:NightmareGuise","hexamod:HeatMetal"],"picked":"hexamod:GhostShield","floor":14},{"not_picked":["hexamod:GhostShield","hexamod:NightmareStrike","hexamod:SwordOfDarkness"],"picked":"SKIP","floor":15},{"not_picked":["hexamod:TimeWarp","hexamod:UnlimitedPower"],"picked":"hexamod:GhostflameInferno","floor":16},{"not_picked":["hexamod:Firestarter","hexamod:ShieldOfDarkness","hexamod:HeatShield"],"picked":"SKIP","floor":19},{"not_picked":["hexamod:CatchUp","hexamod:InspiringFlames+1"],"picked":"hexamod:SoulSteal+1","floor":20},{"not_picked":["hexamod:InspiringFlames","hexamod:BacktrackSmack","hexamod:GhostLash"],"picked":"SKIP","floor":21},{"not_picked":["hexamod:NightmareStrike","hexamod:EtherealExpedition"],"picked":"hexamod:BurningTouch+1","floor":22},{"not_picked":["hexamod:RainOfEmbers","hexamod:ShieldOfDarkness"],"picked":"hexamod:FastForward","floor":23},{"not_picked":["hexamod:BacktrackSmack","hexamod:CrushingStance"],"picked":"hexamod:Again+1","floor":25},{"not_picked":["hexamod:EtherealExpedition","hexamod:SwordOfDarkness","hexamod:FastForward"],"picked":"SKIP","floor":26},{"not_picked":["hexamod:ShieldOfDarkness","hexamod:GhostLash","hexamod:FastForward"],"picked":"SKIP","floor":27},{"not_picked":["hexamod:EtherealExpedition","hexamod:AdvancingGuard","hexamod:BurningTouch"],"picked":"SKIP","floor":29},{"not_picked":["hexamod:FastForward","hexamod:ShieldOfDarkness","hexamod:HeatMetal"],"picked":"SKIP","floor":31},{"not_picked":["hexamod:Haunt","hexamod:SwordOfDarkness","hexamod:ShieldOfDarkness+1"],"picked":"SKIP","floor":32},{"not_picked":["hexamod:TimeWarp","hexamod:UnleashSpirits"],"picked":"hexamod:VolcanoVisage","floor":33},{"not_picked":["hexamod:GhostShield","hexamod:BacktrackSmack","hexamod:ThermalTransfer"],"picked":"SKIP","floor":36},{"not_picked":["hexamod:GhostShield","hexamod:BacktrackSmack"],"picked":"hexamod:ThermalTransfer","floor":36},{"not_picked":["hexamod:GhostOfSpirePresent+1","hexamod:GhostShield","hexamod:SwordOfDarkness+1"],"picked":"SKIP","floor":37},{"not_picked":["hexamod:Firestarter+1","hexamod:HauntingEcho"],"picked":"hexamod:GhostOfSpireFuture+1","floor":38},{"not_picked":["hexamod:RainOfEmbers+1","hexamod:BacktrackSmack+1"],"picked":"hexamod:DynamicBlow+1","floor":42},{"not_picked":["hexamod:SpectralAdrenaline+1","hexamod:GhostOfSpireFuture+1","hexamod:Incineration"],"picked":"SKIP","floor":43},{"not_picked":["hexamod:SuperheatedStrike","hexamod:BurningTouch"],"picked":"hexamod:GhostflameBarrier+1","floor":45},{"not_picked":["hexamod:Rewind+1","hexamod:ThirdSeal","hexamod:GhostOfSpirePast+1"],"picked":"SKIP","floor":46},{"not_picked":["hexamod:SwordOfDarkness+1","hexamod:Firestarter","hexamod:GhostflameInferno"],"picked":"SKIP","floor":48},{"not_picked":["hexamod:ShieldOfDarkness","hexamod:GhostOfSpirePresent+1","hexamod:NightmareGuise"],"picked":"SKIP","floor":49}],"player_experience":1737823,"relics_obtained":[{"floor":7,"key":"White Beast Statue"},{"floor":11,"key":"Potion Belt"},{"floor":12,"key":"Meat on the Bone"},{"floor":27,"key":"War Paint"},{"floor":29,"key":"Girya"},{"floor":31,"key":"Strawberry"},{"floor":41,"key":"Gremlin Horn"},{"floor":45,"key":"Omamori"}],"event_choices":[{"damage_healed":0,"gold_gain":0,"player_choice":"Rummage","damage_taken":0,"relics_obtained":["WarpedTongs"],"max_hp_gain":0,"max_hp_loss":0,"event_name":"Accursed Blacksmith","floor":3,"gold_loss":0,"cards_obtained":["Pain"]}],"is_beta":false,"boss_relics":[{"not_picked":["SlaversCollar","Tiny House"],"picked":"downfall:Hecktoplasm"},{"not_picked":["Pandora\u0027s Box","Velvet Choker"],"picked":"expansioncontent:StudyCardRelic"}],"items_purged_floors":[5],"is_endless":false,"potions_floor_spawned":[2,8,9,10,11,12,13,14,15,16,19,20,21,22,23,25,26,27,29,31,32,33,36,37,38,42,43,45,46,48,49],"ascension_level":0}}