{"host":"8i4doyxqctgl5qb0","time":1609899811,"event":{"mods":["AchievementEnabler","BaseMod","Block Reminder","Colored Powertips","Downfall","Marisa£®ÏF”Í°°ƒß¿Ì…≥£©","Minty Spire (QoL Compilation)","Permanent Neow","Potion Indicator Mod","Rare Cards Sparkle","StSLib","SuperFastMode"],"gold_per_floor":[114,114,131,144,164,164,6,6,6,23,23,56,56,81,81,184,184,197,197,197,197,209,209,235,235,235,250,250,268,99,110,110,206,206,225,238,86,136,147,147,147,147],"floor_reached":41,"playtime":1839,"items_purged":["Strike_R+1"],"score":559,"play_id":"314b7e8c-c411-4711-b1ff-d2138a896279","local_time":"20210106102331","is_ascension_mode":true,"campfire_choices":[{"data":"Flex","floor":6.0,"key":"SMITH"},{"floor":11.0,"key":"REST"},{"floor":13.0,"key":"REST"},{"floor":15.0,"key":"REST"},{"floor":23.0,"key":"REST"},{"floor":25.0,"key":"REST"},{"data":"expansioncontent:DecasProtection","floor":32.0,"key":"SMITH"},{"floor":40.0,"key":"REST"}],"circlet_count":0,"master_deck":["Strike_R+1","Strike_R+1","Strike_R+1","Defend_R+1","Defend_R+1","Defend_R+1","Defend_R+1","Bash","Seeing Red","Flex+1","Seeing Red","Entrench","Barricade","Shrug It Off","Metallicize","Armaments","Impervious","Shrug It Off+1","Rampage","Flex","Whirlwind+1","Rage","expansioncontent:DecasProtection+1","Pommel Strike+1","Juggernaut","Battle Trance+1","Rampage+1","Power Through"],"relics":["Burning Blood","MealTicket","Sundial","Odd Mushroom","Black Star","Enchiridion","Boot","Molten Egg 2","Darkstone Periapt","Busted Crown","Bronze Scales","Shovel"],"acts_visited":["Exordium","TheCity","TheBeyond"],"potions_floor_usage":[],"damage_taken":[{"damage":8.0,"enemies":"Jaw Worm","floor":1.0,"turns":4.0},{"damage":6.0,"enemies":"Cultist","floor":3.0,"turns":3.0},{"damage":5.0,"enemies":"Small Slimes","floor":4.0,"turns":3.0},{"damage":34.0,"enemies":"Gremlin Gang","floor":5.0,"turns":6.0},{"damage":14.0,"enemies":"Blue Slaver","floor":10.0,"turns":5.0},{"damage":49.0,"enemies":"3 Sentries","floor":12.0,"turns":17.0},{"damage":32.0,"enemies":"The Mushroom Lair","floor":14.0,"turns":6.0},{"damage":13.0,"enemies":"Hexaghost","floor":16.0,"turns":34.0},{"damage":51.0,"enemies":"Spheric Guardian","floor":18.0,"turns":12.0},{"damage":3.0,"enemies":"Shell Parasite","floor":22.0,"turns":14.0},{"damage":30.0,"enemies":"Book of Stabbing","floor":24.0,"turns":8.0},{"damage":24.0,"enemies":"Snake Plant","floor":27.0,"turns":6.0},{"damage":18.0,"enemies":"Snecko","floor":29.0,"turns":6.0},{"damage":12.0,"enemies":"Sentry and Sphere","floor":31.0,"turns":14.0},{"damage":59.0,"enemies":"Collector","floor":33.0,"turns":9.0},{"damage":37.0,"enemies":"3 Darklings","floor":35.0,"turns":7.0},{"damage":53.0,"enemies":"Orb Walker","floor":36.0,"turns":6.0},{"damage":0.0,"enemies":"Mind Bloom Boss Battle","floor":38.0,"turns":8.0},{"damage":34.0,"enemies":"Spire Growth","floor":39.0,"turns":6.0},{"damage":50,"enemies":"Reptomancer","floor":41,"turns":4}],"seed_played":"7726225871820009772","potions_obtained":[{"floor":1.0,"key":"Dexterity Potion"},{"floor":2.0,"key":"champ:CounterPotion"},{"floor":2.0,"key":"Block Potion"},{"floor":10.0,"key":"SkillPotion"},{"floor":14.0,"key":"DuplicationPotion"},{"floor":29.0,"key":"Strength Potion"},{"floor":31.0,"key":"GamblersBrew"},{"floor":33.0,"key":"BloodPotion"},{"floor":35.0,"key":"LiquidBronze"}],"is_trial":false,"path_per_floor":["M","?","M","M","M","R","$","?","T","M","R","E","R","?","R","B",null,"M","?","?","$","M","R","E","R","T","M","?","M","$","M","R","B",null,"M","M","$","?","M","R","E"],"character_chosen":"IRONCLAD","items_purchased":["Barricade","Shrug It Off","expansioncontent:DecasProtection","Bronze Scales"],"campfire_rested":6,"item_purchase_floors":[7,7,30,37],"current_hp_per_floor":[78,78,78,79,51,51,51,51,51,43,69,26,52,26,52,45,77,32,32,16,31,34,60,36,62,62,44,98,86,98,92,92,39,83,71,24,39,45,17,46,0,0],"gold":147,"neow_bonus":"TEN_PERCENT_HP_BONUS","is_daily":false,"chose_seed":false,"campfire_upgraded":2,"win_rate":0.0,"timestamp":1609899811,"path_taken":["M","?","M","M","?","R","?","?","T","?","R","E","R","?","R","BOSS","M","?","?","?","?","R","E","R","T","M","?","M","$","M","R","BOSS","M","?","$","?","M","R","E"],"items_purchased_type":["Card","Card","Card","Relic"],"build_version":"2020-12-22","purchased_purges":1,"victory":false,"max_hp_per_floor":[88,88,88,88,88,88,88,88,88,88,88,88,88,88,88,88,88,88,88,88,88,88,88,88,88,88,88,98,98,98,98,98,98,98,98,98,98,98,98,98,98,98],"card_choices":[{"not_picked":["Fire Breathing","Dark Embrace"],"picked":"Seeing Red","floor":1.0},{"not_picked":["Thunderclap","Perfected Strike"],"picked":"Flex","floor":3.0},{"not_picked":["Wild Strike","Pummel"],"picked":"Seeing Red","floor":4.0},{"not_picked":["Thunderclap","Combust"],"picked":"Entrench","floor":5.0},{"not_picked":["Feel No Pain","Sword Boomerang"],"picked":"Metallicize","floor":10.0},{"not_picked":["Clash","Infernal Blade"],"picked":"Fiend Fire","floor":12.0},{"not_picked":["Bloodletting","Warcry"],"picked":"Armaments","floor":14.0},{"not_picked":["Double Tap","Exhume"],"picked":"Impervious","floor":16.0},{"not_picked":["Uppercut","Rupture"],"picked":"Shrug It Off+1","floor":18.0},{"not_picked":["Havoc","Hemokinesis+1"],"picked":"Rampage","floor":22.0},{"not_picked":["Power Through","Rupture"],"picked":"Flex","floor":24.0},{"not_picked":["Anger+1","Combust+1"],"picked":"Whirlwind+1","floor":27.0},{"not_picked":["Sentinel","Carnage+1"],"picked":"Rage","floor":29.0},{"not_picked":["Reaper+1","Carnage+1"],"picked":"Pommel Strike+1","floor":31.0},{"not_picked":["Double Tap","Brutality"],"picked":"Juggernaut","floor":33.0},{"not_picked":[],"picked":"Battle Trance+1","floor":35.0},{"not_picked":[],"picked":"Rampage+1","floor":36.0},{"not_picked":[],"picked":"Power Through","floor":39.0}],"player_experience":101218,"relics_obtained":[{"floor":9.0,"key":"MealTicket"},{"floor":12.0,"key":"Sundial"},{"floor":14.0,"key":"Odd Mushroom"},{"floor":20.0,"key":"Enchiridion"},{"floor":24.0,"key":"Boot"},{"floor":24.0,"key":"Molten Egg 2"},{"floor":26.0,"key":"Darkstone Periapt"},{"floor":38.0,"key":"Shovel"}],"event_choices":[{"damage_healed":0.0,"max_hp_gain":0.0,"max_hp_loss":0.0,"gold_gain":0.0,"event_name":"Lab","player_choice":"Got Potions","floor":2.0,"gold_loss":0.0,"damage_taken":0.0},{"cards_removed":["Strike_R"],"damage_healed":0.0,"max_hp_gain":0.0,"max_hp_loss":0.0,"gold_gain":0.0,"event_name":"Purifier","player_choice":"Purged","floor":8.0,"gold_loss":0.0,"damage_taken":0.0},{"damage_healed":0.0,"max_hp_gain":0.0,"max_hp_loss":0.0,"gold_gain":0.0,"event_name":"Mushrooms","player_choice":"Fought Mushrooms","floor":14.0,"gold_loss":0.0,"damage_taken":0.0},{"damage_healed":0.0,"max_hp_gain":0.0,"max_hp_loss":0.0,"gold_gain":0.0,"event_name":"Back to Basics","player_choice":"Simplicity","floor":19.0,"gold_loss":0.0,"damage_taken":0.0,"cards_upgraded":["Strike_R","Strike_R","Strike_R","Strike_R","Defend_R","Defend_R","Defend_R","Defend_R"]},{"damage_healed":0.0,"max_hp_gain":0.0,"max_hp_loss":0.0,"gold_gain":0.0,"event_name":"Cursed Tome","player_choice":"Obtained Book","floor":20.0,"gold_loss":0.0,"damage_taken":16.0},{"cards_removed":["Fiend Fire"],"damage_healed":44.0,"max_hp_gain":10.0,"max_hp_loss":0.0,"gold_gain":0.0,"event_name":"Bonfire Elementals","player_choice":"Offered Rare","floor":28.0,"gold_loss":0.0,"damage_taken":0.0},{"damage_healed":0.0,"max_hp_gain":0.0,"max_hp_loss":0.0,"gold_gain":0.0,"event_name":"MindBloom","player_choice":"Fight","floor":38.0,"gold_loss":0.0,"damage_taken":0.0}],"is_beta":false,"boss_relics":[{"not_picked":["Tiny House","Coffee Dripper"],"picked":"Black Star"},{"not_picked":["Runic Dome","Runic Pyramid"],"picked":"Busted Crown"}],"items_purged_floors":[30],"is_endless":false,"potions_floor_spawned":[1,10,14,29,31,33,35,36],"killed_by":"Reptomancer","ascension_level":6}}