{"host":"ylxam20yo7j5dy26","time":1609918818,"event":{"mods":["ATMod(°¢èªMod)","Act Like it!","BaseMod","Conspire","Defuse TimeMaze Blight","Downfall","Gensokyo","Hallownest","Hubris","Infinite Spire","Lobotomy","Minty Spire (QoL Compilation)","Quick Restart","Replay The Spire","Spicy Shops","StSLib","The Cursed","UnlockEverythingMod","vexMod","¡¾ÒÅÎï¿¨ÅÆ¡¿REMEMod"],"gold_per_floor":[99,112,112,126,138,138,138,138],"floor_reached":6,"playtime":466,"items_purged":[],"score":36,"play_id":"774a55c9-8431-4d26-8439-813abe0af9ea","local_time":"20210106154018","is_ascension_mode":false,"campfire_choices":[{"floor":1.0,"key":"DIG"}],"circlet_count":0,"master_deck":["Slimebound:Strike_Slimebound","Slimebound:Strike_Slimebound","Slimebound:Strike_Slimebound","Slimebound:Tackle","Slimebound:Defend_Slimebound","Slimebound:Defend_Slimebound","Slimebound:Defend_Slimebound","Slimebound:Defend_Slimebound","Slimebound:Split","Slimebound:CorrosiveSpit","AT_RobotInSpace","Slimebound:SplitLeeching","Slimebound:SlimeSpikes","Slimebound:SpikyOuterGoop","Slimebound:Schlurp","Slimebound:SamplingLick","Slimebound:SamplingLick"],"relics":["Slimebound:AbsorbEndCombat","AT_ATBox","REME_ComplimentaryCards","Boot","Prayer Wheel","Gremlin Horn"],"acts_visited":["Exordium"],"potions_floor_usage":[6],"damage_taken":[{"damage":25.0,"enemies":"Cultist","floor":2.0,"turns":5.0},{"damage":8,"enemies":"Small Slimes","floor":4,"turns":4},{"damage":10,"enemies":"2 Louse","floor":5,"turns":3},{"damage":71,"enemies":"Gremlin Nob","floor":6,"turns":5}],"seed_played":"-2759332468438607644","potions_obtained":[{"floor":5,"key":"LifebloodPotion"}],"is_trial":false,"path_per_floor":["R","M","T","M","M","E"],"character_chosen":"SLIMEBOUND","items_purchased":[],"campfire_rested":0,"item_purchase_floors":[],"current_hp_per_floor":[66,49,49,49,51,0,0,0],"gold":138,"neow_bonus":"TEN_PERCENT_HP_BONUS","is_daily":false,"chose_seed":false,"campfire_upgraded":0,"win_rate":0.0,"timestamp":1609918818,"path_taken":["R","M","?","M","M","E"],"items_purchased_type":[],"build_version":"2020-12-22","purchased_purges":0,"victory":false,"max_hp_per_floor":[66,66,66,66,66,66,66,66],"card_choices":[{"not_picked":["Slimebound:Dissolve","Slimebound:AcidTongue"],"picked":"Slimebound:SplitLeeching","floor":2.0},{"not_picked":["Slimebound:SplitBruiser","Slimebound:Schlurp"],"picked":"Slimebound:SlimeSpikes","floor":2.0},{"not_picked":["Slimebound:FormOfPuddle","Slimebound:AcidTongue"],"picked":"Slimebound:SpikyOuterGoop","floor":4},{"not_picked":["Slimebound:SplitBruiser","Slimebound:SplitAcid"],"picked":"Slimebound:Schlurp","floor":4},{"not_picked":["Slimebound:SplitAcid","Slimebound:SpikyOuterGoop"],"picked":"Slimebound:SamplingLick","floor":5},{"not_picked":["Slimebound:ItLooksTasty","Slimebound:SplitAcid"],"picked":"Slimebound:SamplingLick","floor":5}],"player_experience":75197,"relics_obtained":[{"floor":1.0,"key":"Boot"},{"floor":3.0,"key":"Gremlin Horn"}],"event_choices":[],"is_beta":false,"boss_relics":[],"items_purged_floors":[],"is_endless":false,"potions_floor_spawned":[5],"killed_by":"Gremlin Nob","ascension_level":0}}