{"host":"d8hh7rr4yzitjeuj","time":1609899906,"event":{"mods":["2.2 Compatiblity","AchievementEnabler","Act Like it!","BaseMod","Colored Map","Colored Powertips","Highlight Path","Keyboard Shortcuts","Minty Spire (QoL Compilation)","Permanent Neow","Quick Restart","StSLib","SuperFastMode"],"gold_per_floor":[112,112,128,143,159,184,200,200,200,200,216,53,70,70,70,141,141,156,167,186,200,212,212,230,230,285,312,324,324,324,324,324],"floor_reached":31,"playtime":962,"items_purged":["Strike_R"],"score":551,"play_id":"c976223d-d92a-4f25-9170-1ea13ac5df23","local_time":"20210106112506","is_ascension_mode":true,"campfire_choices":[{"data":"Hemokinesis","floor":8.0,"key":"SMITH"},{"floor":10.0,"key":"REST"},{"data":"Blood for Blood","floor":15.0,"key":"SMITH"},{"data":"Rupture","floor":23.0,"key":"SMITH"},{"floor":25.0,"key":"REST"},{"floor":29,"key":"REST"}],"circlet_count":0,"master_deck":["AscendersBane","Strike_R","Strike_R","Strike_R","Strike_R","Defend_R","Defend_R","Defend_R","Defend_R","Bash","Juggernaut","Thunderclap","Hemokinesis+1","Clothesline","Iron Wave","Blood for Blood+1","Battle Trance","Shrug It Off","Fire Breathing","Flame Barrier","Reaper","Rupture+1","Rupture","Metallicize+1","Rupture+1","Heavy Blade","Limit Break","Decay"],"relics":["Burning Blood","FaceOfCleric","Pen Nib","Bottled Flame","Snecko Eye","Tiny Chest","Self Forming Clay"],"acts_visited":["Exordium","TheCity"],"potions_floor_usage":[],"damage_taken":[{"damage":4.0,"enemies":"Jaw Worm","floor":1.0,"turns":5.0},{"damage":12.0,"enemies":"Cultist","floor":3.0,"turns":4.0},{"damage":13.0,"enemies":"2 Louse","floor":4.0,"turns":3.0},{"damage":12.0,"enemies":"Blue Slaver","floor":5.0,"turns":5.0},{"damage":44.0,"enemies":"3 Sentries","floor":6.0,"turns":9.0},{"damage":11.0,"enemies":"2 Fungi Beasts","floor":7.0,"turns":4.0},{"damage":3.0,"enemies":"Exordium Thugs","floor":11.0,"turns":3.0},{"damage":5.0,"enemies":"Looter","floor":13.0,"turns":2.0},{"damage":26.0,"enemies":"Slime Boss","floor":16.0,"turns":8.0},{"damage":2.0,"enemies":"Chosen","floor":18.0,"turns":2.0},{"damage":22.0,"enemies":"Shell Parasite","floor":19.0,"turns":4.0},{"damage":20.0,"enemies":"Centurion and Healer","floor":20.0,"turns":8.0},{"damage":36.0,"enemies":"Snake Plant","floor":21.0,"turns":5.0},{"damage":1.0,"enemies":"Cultist and Chosen","floor":22.0,"turns":5.0},{"damage":17.0,"enemies":"Centurion and Healer","floor":24.0,"turns":7.0},{"damage":62.0,"enemies":"Slavers","floor":27.0,"turns":7.0},{"damage":25,"enemies":"Chosen and Byrds","floor":28,"turns":5},{"damage":38,"enemies":"Cultist and Chosen","floor":31,"turns":5}],"seed_played":"4107926583990845111","potions_obtained":[{"floor":1.0,"key":"Fruit Juice"},{"floor":4.0,"key":"Swift Potion"},{"floor":7.0,"key":"PowerPotion"},{"floor":27.0,"key":"BlessingOfTheForge"}],"is_trial":false,"path_per_floor":["M","?","M","M","M","E","M","R","T","R","M","$","M","?","R","B",null,"M","M","M","M","M","R","M","R","T","E","M","R","?","M"],"character_chosen":"IRONCLAD","items_purchased":["Fire Breathing"],"campfire_rested":3,"item_purchase_floors":[12],"current_hp_per_floor":[70,70,65,59,54,22,18,18,18,43,47,47,49,49,49,30,74,79,64,57,28,37,37,27,55,55,18,8,36,36,0,0],"gold":324,"neow_bonus":"ONE_RANDOM_RARE_CARD","is_daily":false,"chose_seed":false,"campfire_upgraded":3,"win_rate":0.0,"timestamp":1609899906,"path_taken":["M","?","M","M","?","E","?","R","T","R","M","$","M","?","R","BOSS","M","M","M","M","M","R","M","R","T","E","M","R","?","M"],"items_purchased_type":["Card"],"build_version":"2020-12-22","purchased_purges":1,"victory":false,"max_hp_per_floor":[75,75,76,77,78,84,85,85,85,85,86,86,87,87,87,88,88,89,90,91,92,93,93,94,94,94,95,96,96,96,96,96],"card_choices":[{"not_picked":["Inflame","True Grit"],"picked":"Thunderclap","floor":1.0},{"not_picked":["Iron Wave","Thunderclap"],"picked":"Hemokinesis","floor":3.0},{"not_picked":["Searing Blow","Warcry"],"picked":"Clothesline","floor":4.0},{"not_picked":["Ghostly Armor","Pummel"],"picked":"Iron Wave","floor":5.0},{"not_picked":["Dark Embrace","Evolve"],"picked":"Blood for Blood","floor":6.0},{"not_picked":["Clothesline","Sword Boomerang"],"picked":"Battle Trance","floor":7.0},{"not_picked":["Berserk","Warcry"],"picked":"Shrug It Off","floor":11.0},{"not_picked":["Pommel Strike","Metallicize"],"picked":"Flame Barrier","floor":13.0},{"not_picked":["Limit Break","Juggernaut"],"picked":"Reaper","floor":16.0},{"not_picked":["Havoc","Ghostly Armor","Iron Wave"],"picked":"SKIP","floor":18.0},{"not_picked":["Headbutt+1","Twin Strike"],"picked":"Rupture","floor":19.0},{"not_picked":["Perfected Strike","Shockwave+1"],"picked":"Rupture","floor":20.0},{"not_picked":["Reckless Charge","Bloodletting"],"picked":"Metallicize+1","floor":21.0},{"not_picked":["Disarm","Flex","Entrench"],"picked":"SKIP","floor":22.0},{"not_picked":["Rampage","Combust"],"picked":"Rupture+1","floor":24.0},{"not_picked":["Entrench","Havoc"],"picked":"Heavy Blade","floor":27.0},{"not_picked":["Reckless Charge","Rupture"],"picked":"Limit Break","floor":28}],"player_experience":1410257,"relics_obtained":[{"floor":6.0,"key":"Pen Nib"},{"floor":9.0,"key":"Bottled Flame"},{"floor":26.0,"key":"Tiny Chest"},{"floor":27.0,"key":"Self Forming Clay"}],"event_choices":[{"damage_healed":0.0,"max_hp_gain":0.0,"max_hp_loss":0.0,"gold_gain":0.0,"event_name":"FaceTrader","player_choice":"Trade","floor":2.0,"gold_loss":0.0,"damage_taken":0.0,"relics_obtained":["FaceOfCleric"]},{"damage_healed":0.0,"max_hp_gain":0.0,"max_hp_loss":0.0,"gold_gain":0.0,"event_name":"Liars Game","player_choice":"Ignored","floor":14.0,"gold_loss":0.0,"damage_taken":0.0},{"damage_healed":0,"gold_gain":0,"player_choice":"Smashed Altar","damage_taken":0,"max_hp_gain":0,"max_hp_loss":0,"event_name":"Forgotten Altar","floor":30,"gold_loss":0,"cards_obtained":["Decay"]}],"is_beta":false,"boss_relics":[{"not_picked":["SlaversCollar","Fusion Hammer"],"picked":"Snecko Eye"}],"items_purged_floors":[12],"is_endless":false,"potions_floor_spawned":[1,4,7,11,13,18,20,27],"killed_by":"Cultist and Chosen","ascension_level":20}}