{"host":"napd5wt8xvfa1l9f","time":1609945734,"event":{"mods":["BaseMod","Colored Powertips","Googly Eyes","Hermit","Marisa????????","Minty Spire (QoL Compilation)","Quick Restart","StSLib","The Blackbeard","The Bug Knight","The Cursed","The Gatherer","The Hayseed"],"gold_per_floor":[114,127,147,166,58,88,88,88,140,140,154,154,167,179,179,279,279,298,298,316,329,10,10,43,59,59,59,59,74,74,124,124,124,124],"floor_reached":33,"playtime":2511,"items_purged":[],"score":269,"play_id":"34a1e055-77a3-41a9-84b3-196b5d62d38e","local_time":"20210106200854","is_ascension_mode":false,"campfire_choices":[{"data":"TheCursedMod:CursedWand","floor":8,"key":"SMITH"},{"data":"TheCursedMod:HellfireBreathing","floor":10,"key":"SMITH"},{"data":"TheCursedMod:AbyssShockwave","floor":15,"key":"SMITH"},{"data":"TheCursedMod:CleanUpWorkshop","floor":23,"key":"SMITH"},{"data":"TheCursedMod:DoubleShield","floor":32,"key":"SMITH"}],"circlet_count":0,"master_deck":["TheCursedMod:Strike_TheCursed","TheCursedMod:Strike_TheCursed","TheCursedMod:Strike_TheCursed","TheCursedMod:Strike_TheCursed","TheCursedMod:Defend_TheCursed","TheCursedMod:Defend_TheCursed","TheCursedMod:Defend_TheCursed","TheCursedMod:Defend_TheCursed","TheCursedMod:CursedWand+1","TheCursedMod:CleanUpWorkshop+1","TheCursedMod:CursedSpellbook","TheCursedMod:CircleOfWindfury","TheCursedMod:CursedAmulet","TheCursedMod:Stigma","TheCursedMod:SpitefulStrike+1","TheCursedMod:HellfireBreathing+1","TheCursedMod:TroublousMinions","TheCursedMod:CircleOfBlood","TheCursedMod:SoulReap","TheCursedMod:AbyssShockwave+1","TheCursedMod:CollectTribute+1","TheCursedMod:CursedBlade","TheCursedMod:Torture+1","TheCursedMod:SpitefulPlan+1","TheCursedMod:ReleasedKnowledge","TheCursedMod:DoubleShield+1","Decay"],"relics":["TheCursedMod:BlackMagic101","Frozen Egg 2","Lantern","Cursed Key","Pen Nib","Dead Branch","Question Card","HollowMod:LifeEnderRelic"],"acts_visited":["Exordium","TheCity"],"potions_floor_usage":[21,21],"damage_taken":[{"damage":1,"enemies":"Jaw Worm","floor":1,"turns":5},{"damage":5,"enemies":"Small Slimes","floor":2,"turns":5},{"damage":0,"enemies":"2 Louse","floor":3,"turns":4},{"damage":15,"enemies":"Exordium Wildlife","floor":4,"turns":9},{"damage":18,"enemies":"HollowMod:MossKnight","floor":6,"turns":8},{"damage":0,"enemies":"2 Fungi Beasts","floor":11,"turns":3},{"damage":0,"enemies":"3 Louse","floor":13,"turns":2},{"damage":0,"enemies":"Large Slime","floor":14,"turns":4},{"damage":44,"enemies":"Hexaghost","floor":16,"turns":10},{"damage":12,"enemies":"Shell Parasite","floor":18,"turns":4},{"damage":8,"enemies":"Spheric Guardian","floor":20,"turns":4},{"damage":14,"enemies":"Snake Plant","floor":21,"turns":4},{"damage":24,"enemies":"HollowMod:Nosk","floor":24,"turns":6},{"damage":13,"enemies":"3 Cultists","floor":25,"turns":4},{"damage":10,"enemies":"Snecko","floor":29,"turns":4},{"damage":87,"enemies":"Champ","floor":33,"turns":9}],"seed_played":"4084927865266931355","potions_obtained":[{"floor":1,"key":"SkillPotion"},{"floor":13,"key":"FearPotion"},{"floor":16,"key":"EssenceOfSteel"},{"floor":18,"key":"Weak Potion"},{"floor":24,"key":"BlessingOfTheForge"},{"floor":29,"key":"DuplicationPotion"}],"is_trial":false,"path_per_floor":["M","M","M","M","$","E","?","R","T","R","M","?","M","M","R","B",null,"M","?","M","M","$","R","E","M","T","?","?","M","?","?","R","B"],"character_chosen":"THE_CURSED","items_purchased":["TheCursedMod:SpitefulStrike","TheCursedMod:HellfireBreathing","TheCursedMod:SpitefulPlan+1","Dead Branch"],"campfire_rested":0,"item_purchase_floors":[5,5,22,22],"current_hp_per_floor":[81,76,76,61,61,43,43,43,43,43,43,43,45,58,58,23,82,74,74,75,68,68,68,53,53,53,80,80,72,72,72,72,0,0],"gold":124,"neow_bonus":"TEN_PERCENT_HP_BONUS","is_daily":false,"chose_seed":false,"campfire_upgraded":5,"win_rate":0.0,"timestamp":1609945734,"path_taken":["M","M","M","M","$","E","?","R","T","R","M","?","M","M","R","BOSS","M","?","M","M","$","R","E","M","T","?","?","?","?","?","R","BOSS"],"items_purchased_type":["Card","Card","Card","Relic"],"build_version":"2020-12-22","purchased_purges":0,"victory":false,"max_hp_per_floor":[82,82,82,82,82,82,82,82,82,82,82,82,82,82,82,82,82,82,82,82,82,82,82,82,82,82,82,82,82,82,82,82,82,82],"card_choices":[{"not_picked":["TheCursedMod:ReleasedStrength","TheCursedMod:VitalStrike"],"picked":"TheCursedMod:CursedSpellbook","floor":1},{"not_picked":["TheCursedMod:SpitefulPray","TheCursedMod:RavingStaff"],"picked":"TheCursedMod:CircleOfWindfury","floor":2},{"not_picked":["TheCursedMod:SmokeScreen","TheCursedMod:BloodBarrier"],"picked":"TheCursedMod:CursedAmulet","floor":3},{"not_picked":["TheCursedMod:Wield","TheCursedMod:ParallelWorld"],"picked":"TheCursedMod:Stigma","floor":4},{"not_picked":["TheCursedMod:Obscuration","TheCursedMod:CircleOfCorruption"],"picked":"TheCursedMod:TroublousMinions","floor":6},{"not_picked":["TheCursedMod:Stigma","TheCursedMod:CursedAmulet"],"picked":"TheCursedMod:CircleOfBlood","floor":11},{"not_picked":["TheCursedMod:CursedBlade","TheCursedMod:Wield"],"picked":"TheCursedMod:SoulReap","floor":13},{"not_picked":["TheCursedMod:DoubleShield","TheCursedMod:CursedBlade"],"picked":"TheCursedMod:AbyssShockwave","floor":14},{"not_picked":["TheCursedMod:AntiAging","TheCursedMod:StunningStrike"],"picked":"TheCursedMod:CollectTribute+1","floor":16},{"not_picked":["TheCursedMod:CursedAmulet","TheCursedMod:CircleOfFlame","TheCursedMod:SpitefulStrike"],"picked":"SKIP","floor":18},{"not_picked":["TheCursedMod:DoubleShield+1","TheCursedMod:CursedMace"],"picked":"TheCursedMod:CursedBlade","floor":20},{"not_picked":["TheCursedMod:VitalStrike+1","TheCursedMod:CursedBlade"],"picked":"TheCursedMod:Torture+1","floor":21},{"not_picked":["TheCursedMod:Mangle","TheCursedMod:Stretching","TheCursedMod:Torture"],"picked":"SKIP","floor":24},{"not_picked":["TheCursedMod:DoubleShield","TheCursedMod:CursedMace","TheCursedMod:Stretching"],"picked":"TheCursedMod:ReleasedKnowledge","floor":25},{"not_picked":["TheCursedMod:CursedMace+1","TheCursedMod:CircleOfFocus","TheCursedMod:CursedRelics"],"picked":"TheCursedMod:DoubleShield","floor":29}],"player_experience":792879,"relics_obtained":[{"floor":6,"key":"Frozen Egg 2"},{"floor":9,"key":"Lantern"},{"floor":24,"key":"Question Card"},{"floor":26,"key":"HollowMod:LifeEnderRelic"}],"event_choices":[{"damage_healed":0,"gold_gain":0,"player_choice":"Ignored","damage_taken":0,"max_hp_gain":0,"max_hp_loss":0,"event_name":"Shining Light","floor":7,"gold_loss":0},{"damage_healed":0,"gold_gain":0,"player_choice":"Grow","damage_taken":0,"max_hp_gain":0,"max_hp_loss":0,"event_name":"Living Wall","floor":12,"gold_loss":0,"cards_upgraded":["TheCursedMod:SpitefulStrike"]},{"damage_healed":0,"gold_gain":0,"player_choice":"Stole Relic","damage_taken":0,"relics_obtained":["Pen Nib"],"max_hp_gain":0,"max_hp_loss":0,"event_name":"Addict","floor":19,"gold_loss":0,"cards_obtained":["Shame"]},{"damage_healed":27,"gold_gain":0,"player_choice":"Heal","damage_taken":0,"max_hp_gain":0,"max_hp_loss":0,"event_name":"The Library","floor":27,"gold_loss":0},{"cards_removed":["Shame","Shame","TheCursedMod:Dregs"],"damage_healed":0,"gold_gain":0,"player_choice":"Removed Curses","damage_taken":0,"max_hp_gain":0,"max_hp_loss":0,"event_name":"Fountain of Cleansing","floor":28,"gold_loss":0},{"damage_healed":0,"gold_gain":0,"player_choice":"Smashed Altar","damage_taken":0,"max_hp_gain":0,"max_hp_loss":0,"event_name":"Forgotten Altar","floor":30,"gold_loss":0,"cards_obtained":["Decay"]},{"damage_healed":0,"gold_gain":100,"player_choice":"Bet on Murderer","damage_taken":0,"max_hp_gain":0,"max_hp_loss":0,"event_name":"The Joust","floor":31,"gold_loss":50}],"is_beta":false,"boss_relics":[{"not_picked":["Snecko Eye","Calling Bell"],"picked":"Cursed Key"}],"items_purged_floors":[],"is_endless":false,"potions_floor_spawned":[1,13,16,18,24,29],"killed_by":"Champ","ascension_level":0}}