{"host":"95i1gxnztdrdyvhi","time":1609910496,"event":{"mods":["100% Spire Juice","AchievementEnabler","Act Like it!","BaseMod","Minty Spire (QoL Compilation)","Quick Restart","StSLib"],"gold_per_floor":[116,131,178,190,190,190,205,205,205,219,4,14,14,49,49,144,24,29,44,62,17,17,47,47,47,70,70,70],"floor_reached":27,"playtime":1462,"items_purged":[],"score":243,"play_id":"2d682161-0d23-43d6-b088-58a71e3dfb49","local_time":"20210106052136","is_ascension_mode":false,"campfire_choices":[{"data":"Moonworks:Ambush","floor":6.0,"key":"SMITH"},{"data":"Moonworks:EvilSpyWorkPreparation","floor":8.0,"key":"SMITH"},{"data":"Moonworks:NicePresent","floor":15.0,"key":"SMITH"},{"data":"Moonworks:CompletionReward","floor":24,"key":"SMITH"}],"circlet_count":0,"master_deck":["Moonworks:Strike","Moonworks:Strike","Moonworks:Strike","Moonworks:Strike","Moonworks:Defend","Moonworks:Defend","Moonworks:Defend+1","Moonworks:Defend","Moonworks:Ambush+1","Moonworks:LongDistanceShot+1","Moonworks:NicePresent+1","Moonworks:EvilSpyWorkPreparation+1","Moonworks:SakisCookie","Moonworks:SakisCookie","Moonworks:SinkOrSwim","Moonworks:SubspaceTunnel","Moonworks:CompletionReward+1","Moonworks:EvilSpyWorkPreparation"],"relics":["Moonworks:BrokenBomb","Moonworks:Homemark","NeowsBlessing","Juzu Bracelet","Kunai","Bottled Lightning","Omamori","Black Star","Torii","Nunchaku","Art of War"],"acts_visited":["Exordium","TheCity"],"potions_floor_usage":[],"damage_taken":[{"damage":0.0,"enemies":"Cultist","floor":1.0,"turns":1.0},{"damage":0.0,"enemies":"Jaw Worm","floor":2.0,"turns":1.0},{"damage":0.0,"enemies":"2 Louse","floor":4.0,"turns":1.0},{"damage":6.0,"enemies":"Large Slime","floor":7.0,"turns":6.0},{"damage":13.0,"enemies":"Exordium Thugs","floor":10.0,"turns":4.0},{"damage":13.0,"enemies":"Gremlin Nob","floor":11.0,"turns":3.0},{"damage":7.0,"enemies":"Exordium Wildlife","floor":12.0,"turns":4.0},{"damage":6.0,"enemies":"Lagavulin","floor":14.0,"turns":5.0},{"damage":8.0,"enemies":"Slime Boss","floor":16.0,"turns":6.0},{"damage":14.0,"enemies":"2 Thieves","floor":18.0,"turns":4.0},{"damage":5.0,"enemies":"Chosen","floor":19.0,"turns":4.0},{"damage":5.0,"enemies":"Sentry and Sphere","floor":20.0,"turns":4.0},{"damage":36,"enemies":"Gremlin Leader","floor":23,"turns":6},{"damage":0,"enemies":"Centurion and Healer","floor":27,"turns":4}],"seed_played":"1340115213542835773","potions_obtained":[{"floor":2.0,"key":"AttackPotion"},{"floor":10.0,"key":"GamblersBrew"},{"floor":11.0,"key":"Dexterity Potion"},{"floor":16.0,"key":"SkillPotion"},{"floor":19.0,"key":"SteroidPotion"},{"floor":23,"key":"Regen Potion"}],"is_trial":false,"path_per_floor":["M","M","T","M","T","R","M","R","T","M","E","M","?","E","R","B",null,"M","M","M","?","$","E","R","?","T","M"],"character_chosen":"THE_STARBREAKER","items_purchased":[],"campfire_rested":0,"item_purchase_floors":[],"current_hp_per_floor":[60,60,60,60,60,60,54,54,54,43,30,27,15,17,17,17,60,49,48,51,45,45,17,17,7,7,15,15],"gold":70,"neow_bonus":"THREE_ENEMY_KILL","is_daily":false,"chose_seed":false,"campfire_upgraded":4,"win_rate":0.0,"timestamp":1609910496,"path_taken":["M","M","?","M","?","R","M","R","T","M","E","M","?","E","R","BOSS","M","M","M","?","?","E","R","?","T","M"],"items_purchased_type":[],"build_version":"2020-12-22","purchased_purges":0,"victory":false,"max_hp_per_floor":[60,60,60,60,60,60,60,60,60,60,60,60,60,60,60,60,60,60,60,60,60,60,60,60,65,65,65,65],"card_choices":[{"not_picked":["Moonworks:CloudOfSeagulls","Moonworks:LulusLuckyEgg"],"picked":"Moonworks:NicePresent","floor":1.0},{"not_picked":["Moonworks:CloudOfSeagulls","Moonworks:IndiscriminateFireSupport"],"picked":"Moonworks:EvilSpyWorkPreparation","floor":2.0},{"not_picked":["Moonworks:Assault","Moonworks:DeployBits","Moonworks:CloudOfSeagulls"],"picked":"SKIP","floor":4.0},{"not_picked":["Moonworks:NicePresent","Moonworks:WindyEnchantment"],"picked":"Moonworks:SakisCookie","floor":7.0},{"not_picked":["Moonworks:JonathanRush","Moonworks:MiracleRedBeanIceCream","Moonworks:WindyEnchantment"],"picked":"SKIP","floor":10.0},{"not_picked":["Moonworks:LuckyCharm","Moonworks:AngelHand","Moonworks:ExtendedPhotonRifle"],"picked":"SKIP","floor":11.0},{"not_picked":["Moonworks:TacticalRetreat","Moonworks:WindyEnchantment"],"picked":"Moonworks:SakisCookie","floor":12.0},{"not_picked":["Moonworks:LuckyCharm","Moonworks:NicePresent"],"picked":"Moonworks:SinkOrSwim","floor":14.0},{"not_picked":["Moonworks:OutOfAmmo","Moonworks:Gamble"],"picked":"Moonworks:SubspaceTunnel","floor":16.0},{"not_picked":["Moonworks:WindyEnchantment","Moonworks:JonathanRush"],"picked":"Moonworks:CompletionReward","floor":18.0},{"not_picked":["Moonworks:IndiscriminateFireSupport+1","Moonworks:LulusLuckyEgg"],"picked":"Moonworks:EvilSpyWorkPreparation","floor":19.0},{"not_picked":["Moonworks:BigMagnum","Moonworks:BindingChains+1","Moonworks:EvilSpyWorkPreparation"],"picked":"SKIP","floor":20},{"not_picked":["Moonworks:NicePresent","Moonworks:JonathanRush+1","Moonworks:IndiscriminateFireSupport+1"],"picked":"SKIP","floor":23}],"player_experience":624708,"relics_obtained":[{"floor":3.0,"key":"Juzu Bracelet"},{"floor":5.0,"key":"Kunai"},{"floor":11.0,"key":"Bottled Lightning"},{"floor":14.0,"key":"Omamori"},{"floor":23,"key":"Torii"},{"floor":23,"key":"Nunchaku"},{"floor":26,"key":"Art of War"}],"event_choices":[{"damage_healed":0.0,"max_hp_gain":0.0,"max_hp_loss":0.0,"gold_gain":0.0,"event_name":"Shining Light","player_choice":"Entered Light","floor":13.0,"gold_loss":0.0,"damage_taken":12.0,"cards_upgraded":["Moonworks:LongDistanceShot","Moonworks:Defend"]},{"damage_healed":0,"gold_gain":75,"player_choice":"Touch","damage_taken":6,"max_hp_gain":0,"max_hp_loss":0,"event_name":"FaceTrader","floor":21,"gold_loss":0},{"damage_healed":0,"gold_gain":0,"player_choice":"Shed Blood","damage_taken":15,"max_hp_gain":5,"max_hp_loss":0,"event_name":"Forgotten Altar","floor":25,"gold_loss":0}],"is_beta":false,"boss_relics":[{"not_picked":["Sozu","Philosopher\u0027s Stone"],"picked":"Black Star"}],"items_purged_floors":[],"is_endless":false,"potions_floor_spawned":[2,10,11,16,19,23],"killed_by":"Centurion and Healer","ascension_level":0}}