{"host":"9qgbal69wq5palas","time":1609896440,"event":{"mods":["2.2 Compatiblity","Abigail Mod","AchievementEnabler","Act Like it!","Aspiration","Astrologer","Bartender","BaseMod","Better Altar","Better Note","Better Skull","Better Third Choice","Colored Powertips","Hallownest","Hermit","Highlight Path","Hubris","Infinite Spire","Jorbs\u0027s Wanderer Trilogy","Koishi","Lobotomy","Minty Spire (QoL Compilation)","Potionbrewer","Quick Restart","Random Character Button","Replay The Spire","Shade Mod","Shop Mod","Spicy Shops","StSLib","The Animator","The Bug Knight","The Cursed","The Disciple","The Exalted","The Hierophant","The Necromancer","The Servant 0.9.4","Wandering Minibosses"],"gold_per_floor":[118,134,134,184,200,243,307,352,352,352,395,436,436,477,477,625,625,643,663,663,683,683],"floor_reached":21,"playtime":1615,"items_purged":["hubris:Lust"],"score":267,"play_id":"66c93495-58b3-47db-a6d5-a8be441cce4e","local_time":"20210106022720","is_ascension_mode":true,"campfire_choices":[],"circlet_count":0,"master_deck":["SpecialBullet","SpecialBullet","SpecialBullet","SpecialBullet","SpecialBullet","SpecialBullet","SpecialBullet","InformationCode","SecurityCode","DisciplinaryCode","WallGazer","Gaze","OldLady","Lantern","Hallownest:curseDreamersLament","PunishingBird","CENSORED","Horn","Lamp","Scorched","RapturousDream","Clumsy","Soda","BlackArmy","Hallownest:curseDreamersLament","Adoration","RedEyes","Freischutz","Mimicry"],"relics":["CogitoBucket","RabbitCall","ReplayTheSpireMod:Ring of Collecting","Ring of Greed","Replay:Wax Seal","infinitespire:Midas Blood","Toy Ornithopter","potionbrewer:Torch","hubris:MobiusCoin","ReplayTheSpireMod:Ring of Exchange","White_Cape","MealTicket","AdjustmentMirror","Boot","hubris:Backtick","Du-Vu Doll","Sundial"],"acts_visited":["Exordium","TheCity"],"potions_floor_usage":[7],"damage_taken":[{"damage":6,"enemies":"Cultist","floor":1,"turns":3},{"damage":10,"enemies":"Small Slimes","floor":2,"turns":3},{"damage":6,"enemies":"Jaw Worm","floor":5,"turns":2},{"damage":42,"enemies":"Gremlin Nob","floor":6,"turns":4},{"damage":42,"enemies":"Lagavulin Event","floor":7,"turns":4},{"damage":65,"enemies":"3 Sentries","floor":8,"turns":7},{"damage":26,"enemies":"Replay:BlueRogue","floor":11,"turns":5},{"damage":81,"enemies":"2 Fungi Beasts","floor":12,"turns":12},{"damage":49,"enemies":"Gremlin Nob","floor":14,"turns":4},{"damage":122,"enemies":"Hexaghost","floor":16,"turns":11},{"damage":22,"enemies":"Chosen","floor":18,"turns":3},{"damage":58,"enemies":"Shell Parasite","floor":19,"turns":5},{"damage":97,"enemies":"Chosen and Byrds","floor":21,"turns":3}],"seed_played":"5890134996644192997","potions_obtained":[{"floor":1,"key":"potionbrewer:ToxicPotion"},{"floor":19,"key":"SpeedPotion"}],"is_trial":false,"path_per_floor":["M","M","?","?","M","E","?","E","T","?","E","M","R","E","R","B",null,"M","M","AVR","M"],"character_chosen":"Angela","items_purchased":[],"campfire_rested":0,"item_purchase_floors":[],"current_hp_per_floor":[65,63,63,63,68,42,53,45,45,53,59,77,77,69,69,47,84,84,73,73,0,0],"gold":683,"neow_bonus":"TWENTY_PERCENT_HP_BONUS","is_daily":false,"chose_seed":false,"campfire_upgraded":0,"win_rate":0.0,"timestamp":1609896440,"path_taken":["M","M","?","?","?","E","?","E","T","?","E","M","R","E","R","BOSS","M","M","AVR","M"],"items_purchased_type":[],"build_version":"2020-12-22","purchased_purges":1,"victory":false,"max_hp_per_floor":[84,84,84,84,84,84,84,84,84,84,84,84,84,84,84,84,84,84,84,84,84,84],"card_choices":[{"not_picked":["ShyLook","VoidDream"],"picked":"WallGazer","floor":1},{"not_picked":["CUTE"],"picked":"Gaze","floor":1},{"not_picked":["ShyLook","Murderer"],"picked":"OldLady","floor":2},{"not_picked":["Beak"],"picked":"Lantern","floor":2},{"not_picked":["FairyFestival","SingingMachine"],"picked":"PunishingBird","floor":5},{"not_picked":["Lantern","Tough"],"picked":"SKIP","floor":5},{"not_picked":["CherryBlossoms","SpiderBud"],"picked":"CENSORED","floor":6},{"not_picked":["Regret_ego"],"picked":"Horn","floor":6},{"not_picked":["RedEyes"],"picked":"Lamp","floor":7},{"not_picked":["MeatLantern","SpiderBud"],"picked":"Scorched","floor":8},{"not_picked":["TodaysExpression"],"picked":"RapturousDream","floor":8},{"not_picked":["Lantern","CUTE"],"picked":"SKIP","floor":11},{"not_picked":["Logging"],"picked":"Soda","floor":12},{"not_picked":["Lantern","LifeForTheDareDevil"],"picked":"SKIP","floor":14},{"not_picked":["LittlePrince","SpiderBud"],"picked":"BlackArmy","floor":16},{"not_picked":["TheSmile"],"picked":"Adoration","floor":16},{"not_picked":["Lantern"],"picked":"RedEyes","floor":18},{"not_picked":["VoidDream","Rudolta"],"picked":"Freischutz","floor":19},{"not_picked":["CherryBlossom"],"picked":"Mimicry","floor":19}],"player_experience":2697040,"relics_obtained":[{"floor":4,"key":"ReplayTheSpireMod:Ring of Collecting"},{"floor":4,"key":"Ring of Greed"},{"floor":4,"key":"Replay:Wax Seal"},{"floor":4,"key":"infinitespire:Midas Blood"},{"floor":6,"key":"Toy Ornithopter"},{"floor":7,"key":"potionbrewer:Torch"},{"floor":8,"key":"hubris:MobiusCoin"},{"floor":9,"key":"ReplayTheSpireMod:Ring of Exchange"},{"floor":9,"key":"White_Cape"},{"floor":11,"key":"MealTicket"},{"floor":14,"key":"Boot"}],"event_choices":[{"damage_healed":0,"gold_gain":0,"player_choice":"Searched \u00272\u0027 times","damage_taken":0,"max_hp_gain":0,"max_hp_loss":0,"event_name":"Dead Adventurer","floor":7,"gold_loss":0}],"is_beta":false,"boss_relics":[{"not_picked":["Chemical X","Sling"],"picked":"hubris:Backtick"}],"items_purged_floors":[20],"is_endless":false,"potions_floor_spawned":[1,19],"killed_by":"Chosen and Byrds","ascension_level":3}}