{"host":"armnliea5o2aqs4b","time":1609901617,"event":{"mods":["BaseMod","Hermit","Hubris","Infinite Spire","Minty Spire (QoL Compilation)","Quick Restart","StSLib","The Runesmith"],"gold_per_floor":[115,115,129,147,122,152,152,152,152,152,176,219,219,244,244,373,373,387,477,490,490,490],"floor_reached":21,"playtime":843,"items_purged":[],"score":189,"play_id":"b23bd66f-faea-44f4-b883-7f63f9b79020","local_time":"20210106135337","is_ascension_mode":false,"campfire_choices":[{"data":"hermit:Determination","floor":7,"key":"SMITH"},{"floor":10,"key":"REST"},{"floor":15,"key":"REST"}],"circlet_count":0,"master_deck":["hermit:Strike_Hermit","hermit:Strike_Hermit","hermit:Strike_Hermit","hermit:Strike_Hermit","hermit:Defend_Hermit","hermit:Defend_Hermit","hermit:Defend_Hermit","hermit:Defend_Hermit","hermit:Snapshot","hermit:Covet","hermit:Determination+1","hermit:Midnight","hermit:Roulette","hermit:Coalescence","hermit:Purgatory","hermit:Vantage","hermit:TakeAim","hermit:BlackWind","hermit:EternalForm","hermit:FullyLoaded"],"relics":["hermit:Momento","NeowsBlessing","hubris:GlazedTorus","Golden Idol","Pantograph","Bag of Marbles","hermit:CharredGlove","Sozu"],"acts_visited":["Exordium","TheCity"],"potions_floor_usage":[12,16],"damage_taken":[{"damage":0,"enemies":"Small Slimes","floor":1,"turns":1},{"damage":0,"enemies":"Cultist","floor":3,"turns":1},{"damage":0,"enemies":"Jaw Worm","floor":4,"turns":1},{"damage":19,"enemies":"3 Sentries","floor":6,"turns":5},{"damage":13,"enemies":"Looter","floor":11,"turns":3},{"damage":26,"enemies":"Lagavulin","floor":12,"turns":6},{"damage":5,"enemies":"Exordium Wildlife","floor":14,"turns":4},{"damage":52,"enemies":"Hexaghost","floor":16,"turns":10},{"damage":23,"enemies":"Spheric Guardian","floor":18,"turns":4},{"damage":20,"enemies":"3 Byrds","floor":20,"turns":7},{"damage":29,"enemies":"Cultist and Chosen","floor":21,"turns":6}],"seed_played":"1040943645884089815","potions_obtained":[{"floor":1,"key":"hermit:BlackBile"},{"floor":2,"key":"Energy Potion"},{"floor":2,"key":"SteroidPotion"},{"floor":12,"key":"ColorlessPotion"}],"is_trial":false,"path_per_floor":["M","?","M","M","$","E","R","?","T","R","M","E","T","M","R","B",null,"M","?","M","M"],"character_chosen":"HERMIT","items_purchased":["hermit:Coalescence"],"campfire_rested":2,"item_purchase_floors":[5],"current_hp_per_floor":[75,75,75,75,75,56,56,38,38,60,47,21,21,16,38,11,75,52,40,20,0,0],"gold":490,"neow_bonus":"THREE_ENEMY_KILL","is_daily":false,"chose_seed":false,"campfire_upgraded":1,"win_rate":0.0,"timestamp":1609901617,"path_taken":["M","?","?","M","?","E","R","?","T","R","M","E","?","M","R","BOSS","M","?","M","?"],"items_purchased_type":["Card"],"build_version":"2020-12-22","purchased_purges":0,"victory":false,"max_hp_per_floor":[75,75,75,75,75,75,75,75,75,75,75,75,75,75,75,75,75,75,75,75,75,75],"card_choices":[{"not_picked":["hermit:Maintenance","hermit:HoleUp"],"picked":"hermit:Determination","floor":1},{"not_picked":["hermit:CursedWeapon","hermit:Misfire"],"picked":"hermit:Midnight","floor":3},{"not_picked":["hermit:Feint","hermit:Coalescence"],"picked":"hermit:Roulette","floor":4},{"not_picked":["hermit:Misfire","hermit:Desperado"],"picked":"hermit:Purgatory","floor":6},{"not_picked":["hermit:HoleUp","hermit:Coalescence"],"picked":"hermit:Vantage","floor":11},{"not_picked":["hermit:CalledShot","hermit:Coalescence"],"picked":"hermit:TakeAim","floor":12},{"not_picked":["hermit:TrackingShot","hermit:SprayPray"],"picked":"hermit:BlackWind","floor":14},{"not_picked":["hermit:OverwhelmingPower","hermit:DeadOrAlive"],"picked":"hermit:EternalForm","floor":16},{"not_picked":["hermit:Dive","hermit:HighCaliber"],"picked":"hermit:FullyLoaded","floor":18},{"not_picked":["hermit:Quickdraw","hermit:Vantage","hermit:LoneWolf"],"picked":"SKIP","floor":20}],"player_experience":171972,"relics_obtained":[{"floor":6,"key":"hubris:GlazedTorus"},{"floor":9,"key":"Pantograph"},{"floor":12,"key":"Bag of Marbles"},{"floor":13,"key":"hermit:CharredGlove"}],"event_choices":[{"damage_healed":0,"gold_gain":0,"player_choice":"Got Potions","damage_taken":0,"max_hp_gain":0,"max_hp_loss":0,"event_name":"Lab","floor":2,"gold_loss":0},{"damage_healed":0,"gold_gain":0,"player_choice":"Take Damage","damage_taken":18,"relics_obtained":["Golden Idol"],"max_hp_gain":0,"max_hp_loss":0,"event_name":"Golden Idol","floor":8,"gold_loss":0},{"damage_healed":0,"gold_gain":90,"player_choice":"GOLD ","damage_taken":12,"max_hp_gain":0,"max_hp_loss":0,"event_name":"Knowing Skull","floor":19,"potions_obtained":[],"gold_loss":0,"cards_obtained":[]}],"is_beta":false,"boss_relics":[{"not_picked":["Runesmith:UraniumAnvil","Fusion Hammer"],"picked":"Sozu"}],"items_purged_floors":[],"is_endless":false,"potions_floor_spawned":[1,12,14,18],"killed_by":"Cultist and Chosen","ascension_level":0}}