{"host":"gx7yyrn1gkym3qpb","time":1609923350,"event":{"mods":["AchievementEnabler","BaseMod","Better Altar","Better Match","Better Note","Better Sensory Stone","Better Skull","Better Third Choice","Highlight Path","Minty Spire (QoL Compilation)","Permanent Neow","Quick Restart","StSLib","Unceasing Turn Reminder"],"gold_per_floor":[111,122,140,150,161,161,194,194,217,284,284,284],"floor_reached":11,"playtime":341,"items_purged":[],"score":139,"play_id":"ac0734fe-b0b0-444d-862e-c23d2a8230c0","local_time":"20210106035550","is_ascension_mode":true,"campfire_choices":[{"data":"Carnage","floor":6,"key":"SMITH"},{"data":"True Grit","floor":8,"key":"SMITH"}],"circlet_count":0,"master_deck":["AscendersBane","Strike_R","Strike_R","Strike_R","Strike_R+1","Strike_R","Defend_R","Defend_R","Defend_R","Defend_R","Bash+1","Sword Boomerang+1","Second Wind","Carnage+1","True Grit+1"],"relics":["Burning Blood","Bag of Marbles","Whetstone"],"acts_visited":["Exordium"],"potions_floor_usage":[5],"damage_taken":[{"damage":7.0,"enemies":"Jaw Worm","floor":1.0,"turns":3.0},{"damage":1.0,"enemies":"2 Louse","floor":2.0,"turns":4.0},{"damage":15.0,"enemies":"Small Slimes","floor":3.0,"turns":3.0},{"damage":15,"enemies":"Exordium Wildlife","floor":4,"turns":4},{"damage":29,"enemies":"Exordium Thugs","floor":5,"turns":6},{"damage":25,"enemies":"3 Sentries","floor":7,"turns":8},{"damage":15,"enemies":"Lagavulin","floor":11,"turns":2}],"seed_played":"4825623292884934613","potions_obtained":[{"floor":3.0,"key":"ElixirPotion"},{"floor":4,"key":"Block Potion"}],"is_trial":false,"path_per_floor":["M","M","M","M","M","R","E","R","T","?","E"],"character_chosen":"IRONCLAD","items_purchased":[],"campfire_rested":0,"item_purchase_floors":[],"current_hp_per_floor":[67,72,63,54,31,31,12,12,12,12,0,0],"gold":284,"neow_bonus":"UPGRADE_CARD","is_daily":false,"chose_seed":false,"campfire_upgraded":2,"win_rate":0.0,"timestamp":1609923350,"path_taken":["M","M","M","M","M","R","E","R","T","?","E"],"items_purchased_type":[],"build_version":"2020-12-22","purchased_purges":0,"victory":false,"max_hp_per_floor":[75,75,75,75,75,75,75,75,75,75,75,75],"card_choices":[{"not_picked":["Perfected Strike","Pummel"],"picked":"Sword Boomerang","floor":1.0},{"not_picked":["Heavy Blade","Sentinel","Searing Blow"],"picked":"SKIP","floor":2.0},{"not_picked":["Dropkick","Intimidate","Wild Strike"],"picked":"SKIP","floor":3.0},{"not_picked":["Power Through","Twin Strike"],"picked":"Second Wind","floor":4},{"not_picked":["Uppercut","Body Slam"],"picked":"Carnage","floor":5},{"not_picked":["Flex","Clothesline"],"picked":"True Grit","floor":7}],"player_experience":398801,"relics_obtained":[{"floor":7,"key":"Bag of Marbles"},{"floor":9,"key":"Whetstone"}],"event_choices":[{"damage_healed":0,"gold_gain":67,"player_choice":"Gained Gold","damage_taken":0,"max_hp_gain":0,"max_hp_loss":0,"event_name":"Golden Wing","floor":10,"gold_loss":0}],"is_beta":false,"boss_relics":[],"items_purged_floors":[],"is_endless":false,"potions_floor_spawned":[3,4],"killed_by":"Lagavulin","ascension_level":17}}