{"host":"69rply1jf2d1wbmp","time":1609947232,"event":{"mods":["BaseMod","Minty Spire (QoL Compilation)","Quick Restart"],"gold_per_floor":[118,43,56,69,85,115,130,130,130,145,7,24,59,73,73,174,174,174],"floor_reached":17,"playtime":564,"items_purged":["Parasite","Strike_R"],"score":171,"play_id":"ac3f8193-9385-40d5-a973-5b34dd2f5fad","local_time":"20210106103352","is_ascension_mode":false,"campfire_choices":[{"floor":8,"key":"REST"},{"data":"Strike_R","floor":15,"key":"PURGE"}],"circlet_count":0,"master_deck":["Strike_R","Strike_R","Defend_R","Defend_R","Defend_R","Bash","Impervious","Pommel Strike","Twin Strike","Cleave","Anger","Armaments","Metallicize","Shrug It Off","Limit Break"],"relics":["Burning Blood","Orichalcum","Peace Pipe","Letter Opener","SlaversCollar"],"acts_visited":["Exordium","TheCity"],"potions_floor_usage":[],"damage_taken":[{"damage":6,"enemies":"Cultist","floor":1,"turns":5},{"damage":7,"enemies":"Small Slimes","floor":3,"turns":3},{"damage":1,"enemies":"2 Louse","floor":4,"turns":2},{"damage":11,"enemies":"Red Slaver","floor":5,"turns":3},{"damage":29,"enemies":"3 Sentries","floor":6,"turns":7},{"damage":1,"enemies":"3 Louse","floor":7,"turns":3},{"damage":14,"enemies":"Exordium Thugs","floor":10,"turns":4},{"damage":6,"enemies":"Blue Slaver","floor":12,"turns":4},{"damage":17,"enemies":"Lagavulin","floor":13,"turns":5},{"damage":7,"enemies":"3 Louse","floor":14,"turns":3},{"damage":49,"enemies":"The Guardian","floor":16,"turns":11}],"seed_played":"-6462034551238093064","potions_obtained":[{"floor":5,"key":"GamblersBrew"},{"floor":6,"key":"Swift Potion"},{"floor":10,"key":"LiquidBronze"},{"floor":14,"key":"Explosive Potion"}],"is_trial":false,"path_per_floor":["M","$","M","M","M","E","M","R","T","M","$","M","E","M","R","B",null],"character_chosen":"IRONCLAD","items_purchased":["Metallicize"],"campfire_rested":1,"item_purchase_floors":[11],"current_hp_per_floor":[80,77,76,77,72,49,54,77,77,69,69,69,58,57,57,14,77,77],"gold":174,"neow_bonus":"TRANSFORM_TWO_CARDS","is_daily":false,"chose_seed":false,"campfire_upgraded":0,"win_rate":0.0,"timestamp":1609947232,"path_taken":["M","$","M","M","M","E","M","R","T","M","?","M","E","M","R","BOSS"],"items_purchased_type":["Card"],"build_version":"2020-12-22","purchased_purges":2,"victory":false,"max_hp_per_floor":[80,77,77,77,77,77,77,77,77,77,77,77,77,77,77,77,77,77],"card_choices":[{"not_picked":["True Grit","Pummel"],"picked":"Twin Strike","floor":1},{"not_picked":["Iron Wave","Sword Boomerang"],"picked":"Cleave","floor":3},{"not_picked":["Feel No Pain","Iron Wave"],"picked":"Anger","floor":4},{"not_picked":["Clash","Pommel Strike","Heavy Blade"],"picked":"SKIP","floor":5},{"not_picked":["Twin Strike","Feel No Pain","Brutality"],"picked":"SKIP","floor":6},{"not_picked":["Sword Boomerang","Warcry","Anger"],"picked":"SKIP","floor":7},{"not_picked":["Heavy Blade","Warcry"],"picked":"Armaments","floor":10},{"not_picked":["Disarm","Body Slam","Intimidate"],"picked":"SKIP","floor":12},{"not_picked":["Havoc","Immolate","Sword Boomerang"],"picked":"SKIP","floor":13},{"not_picked":["Power Through","Infernal Blade"],"picked":"Shrug It Off","floor":14},{"not_picked":["Berserk","Immolate"],"picked":"Limit Break","floor":16}],"player_experience":421717,"relics_obtained":[{"floor":6,"key":"Orichalcum"},{"floor":9,"key":"Peace Pipe"},{"floor":13,"key":"Letter Opener"}],"event_choices":[],"is_beta":false,"boss_relics":[{"not_picked":["Snecko Eye","Coffee Dripper"],"picked":"SlaversCollar"}],"items_purged_floors":[2,11],"is_endless":false,"potions_floor_spawned":[5,6,7,10,14],"ascension_level":0}}