{"host":"a0paspe0zwqgzttz","time":1609948359,"event":{"mods":["AchievementEnabler","Act Like it!","BaseMod","BetterRewards","Colored Powertips","Conspire","Downfall","GifTheSpireLib","Hermit","Highlight Path","Lobotomy","Mad Scientist","Marisa????????","Minty Spire (QoL Compilation)","Quick Restart","Replay The Spire","Robot Space Explorer","Shop Mod","StSLib","SuperFastMode","The Bug Knight","The Construct","The Cursed","The Hierophant","The Jungle","The Mystic","The Necromancer","The Runesmith","The Senshi","The Servant 0.9.4"],"gold_per_floor":[99,99,99,99,99,116,168,268,282,282,300,319,319,349,367,367,367],"floor_reached":16,"playtime":697,"items_purged":[],"score":100,"play_id":"aef53eeb-ba71-47b5-856c-5bbb8c75a738","local_time":"20210106105239","is_ascension_mode":false,"campfire_choices":[{"data":"Slimebound:FirmFortitude","floor":13,"key":"SMITH"}],"circlet_count":0,"master_deck":["Slimebound:Strike_Slimebound","Slimebound:Strike_Slimebound","Slimebound:Strike_Slimebound","Slimebound:Tackle","Slimebound:Defend_Slimebound","Slimebound:Defend_Slimebound","Slimebound:Defend_Slimebound","Slimebound:Defend_Slimebound","Slimebound:Split","Slimebound:CorrosiveSpit","Slimebound:HauntingLick","Slimebound:Gluttony","Slimebound:AcidTongue","Slimebound:GrowthPunch","Slimebound:MegaLick","Slimebound:FirmFortitude+1","Slimebound:SplitMire","Slimebound:GrowthPunch","Slimebound:Prepare"],"relics":["Slimebound:AbsorbEndCombat","downfall:HeartsMalice","HollowMod:LifeEnderRelic","Omamori","The Courier","Slimebound:AggressiveSlimeRelic"],"acts_visited":["Exordium"],"potions_floor_usage":[1,16],"damage_taken":[{"damage":0,"enemies":"Cultist","floor":2,"turns":1},{"damage":0,"enemies":"Small Slimes","floor":4,"turns":1},{"damage":0,"enemies":"Jaw Worm","floor":5,"turns":1},{"damage":16,"enemies":"Blue Slaver","floor":6,"turns":4},{"damage":12,"enemies":"3 Louse","floor":9,"turns":4},{"damage":20,"enemies":"Large Slime","floor":11,"turns":6},{"damage":27,"enemies":"Exordium Thugs","floor":12,"turns":5},{"damage":18,"enemies":"Lagavulin","floor":14,"turns":5},{"damage":15,"enemies":"2 Fungi Beasts","floor":15,"turns":2},{"damage":65,"enemies":"downfall:Defect","floor":16,"turns":5}],"seed_played":"875754488427824980","potions_obtained":[{"floor":1,"key":"CultistPotion"},{"floor":1,"key":"Fruit Juice"},{"floor":6,"key":"Elixir"},{"floor":9,"key":"BlessingOfTheForge"},{"floor":11,"key":"Adrenaline Potion"},{"floor":15,"key":"champ:CounterPotion"}],"is_trial":false,"path_per_floor":["R","M","T","M","M","M","T","?","M","T","M","M","R","E","M","B"],"character_chosen":"SLIMEBOUND","items_purchased":[],"campfire_rested":0,"item_purchase_floors":[],"current_hp_per_floor":[65,65,65,65,65,64,64,64,65,65,57,53,53,55,56,0,0],"gold":367,"neow_bonus":"THREE_ENEMY_KILL","is_daily":false,"chose_seed":false,"campfire_upgraded":1,"win_rate":0.0,"timestamp":1609948359,"path_taken":["R","M","?","M","M","M","T","?","M","?","M","M","R","E","M","BOSS"],"items_purchased_type":[],"build_version":"2020-12-22","purchased_purges":0,"victory":false,"max_hp_per_floor":[65,65,65,65,65,65,65,65,65,65,65,65,65,65,65,65,65],"card_choices":[{"not_picked":["Slimebound:SplitLeeching","Slimebound:Dissolve"],"picked":"Slimebound:HauntingLick","floor":2},{"not_picked":["Slimebound:PressTheAttack","Slimebound:Nibble"],"picked":"Slimebound:Gluttony","floor":4},{"not_picked":["Slimebound:PressTheAttack","Slimebound:FinishingTackle"],"picked":"Slimebound:AcidTongue","floor":5},{"not_picked":["Slimebound:RainOfGoop","Slimebound:SplitBruiser"],"picked":"Slimebound:GrowthPunch","floor":6},{"not_picked":["Slimebound:SplitMire","Slimebound:LeechingTouch"],"picked":"Slimebound:MegaLick","floor":9},{"not_picked":["Slimebound:LeechingTouch","Slimebound:RejuvenatingLick"],"picked":"Slimebound:FirmFortitude","floor":11},{"not_picked":["Slimebound:Schlurp","Slimebound:Replication"],"picked":"Slimebound:SplitMire","floor":12},{"not_picked":["Slimebound:SamplingLick","Slimebound:SplitLeeching"],"picked":"Slimebound:GrowthPunch","floor":14},{"not_picked":["Slimebound:SplitAcid","Slimebound:LeechingTouch"],"picked":"Slimebound:Prepare","floor":15}],"player_experience":423486,"relics_obtained":[{"floor":3,"key":"HollowMod:LifeEnderRelic"},{"floor":7,"key":"Omamori"},{"floor":10,"key":"The Courier"},{"floor":14,"key":"Slimebound:AggressiveSlimeRelic"}],"event_choices":[],"is_beta":false,"boss_relics":[],"items_purged_floors":[],"is_endless":false,"potions_floor_spawned":[6,9,11,15],"killed_by":"downfall:Defect","ascension_level":0}}