{"host":"ueaobptuyu87ouwy","time":1609939286,"event":{"mods":["Aspiration","Bard","BaseMod","Better Altar","Better Match","Better Note","Better Sensory Stone","Better Skull","Better Third Choice","BetterRewards","CCEM","Colored Map","Conspire","Downfall","GifTheSpireLib","Googly Eyes","Halation","Hermit","Highlight Path","Hubris","Infinite Spire","Jedi Mod","Jorbs\u0027s Wanderer Trilogy","Marisa????????","Mimic Mod","Minty Spire (QoL Compilation)","Permanent Neow","Replay The Spire","StSLib","Stuff the Spire","The Runesmith","Unceasing Turn Reminder","everything is the same but u backflip on backflip","slay the spire mod where everything is the same but ironclad has a cowboy hat"],"gold_per_floor":[113,133,133,145,145,179,199,249,305,337,349,390,421,453,465,589,601,643,680,692,742,780,792,850,862,932,993,1005,188,215,243,243,346,346,377,407,517,443,482,534,561,561,605,605,170,201,221,265,265,279],"floor_reached":51,"playtime":3646,"items_purged":["Decay","Spreading Infection","infinitespire:Pacifist"],"score":1257,"play_id":"c224fe7c-9707-4640-ba0e-402175fc6899","local_time":"20210106212126","is_ascension_mode":false,"campfire_choices":[{"data":"Noxious Fumes","floor":11,"key":"SMITH"},{"floor":15,"key":"REST"},{"data":"PiercingWail","floor":23,"key":"SMITH"},{"data":"Noxious Fumes+1","floor":28,"key":"SMITH"},{"data":"jedi:collectorvenom","floor":32,"key":"SMITH"},{"data":"PiercingWail+1","floor":42,"key":"SMITH"},{"data":"Replay:Bag of Tricks","floor":42,"key":"SMITH"},{"data":"Replay:SS_hec_2+1","floor":49,"key":"SMITH"},{"data":"Replay:SS_hec_2+2","floor":49,"key":"SMITH"}],"circlet_count":0,"master_deck":["Strike_G","Strike_G","Strike_G","Strike_G","Strike_G","Defend_G","Defend_G","Defend_G","Defend_G","Defend_G","Survivor","Neutralize","Deadly Poison+1","Noxious Fumes+2","PiercingWail+2","jedi:collectorvenom+1","Replay:Bag of Tricks+1","Deadly Poison","Bouncing Flask","Outmaneuver","Flechettes","Clumsy","Terror","Slice","Draining Mist+1","stsjorbsmod:PollutedStrike","jedi:pocketpoison+1","Regret","jedi:pocketpoison","Specialist","ReplayUltimateDefense","hubris:Gluttony","infinitespire:Collect","Backstab+1","conspire:NecroticWound","Secret Technique+1","jedi:thedog","Hallucinations","infinitespire:UltimateForm","Poison Darts","Bane","Regret","Replay:SS_hec_2+3","Panacea+1"],"relics":["Ring of the Snake","aspiration:SecretTechniqueScroll","Centennial Puzzle","CultistMask","Du-Vu Doll","Ring of Misfortune","Ring of Greed","MawBank","Replay:Bandana","infinitespire:Bottled Soul","Coffee Dripper","PreservedInsect","Black Star","hubris:Potato","conspire:InfiniteJournal","aspiration:Stabinomicon","conspire:Flyswatter","Quantum Egg","infinitespire:Satchel","halation:PenCase","CCEMRelics:FestiveHat","Bottled Flame","CCEMRelics:DerglesHeadphones","Strange Spoon","jedi:cryingmask","halation:PromiseList"],"acts_visited":["Exordium","TheCity","TheBeyond"],"potions_floor_usage":[12,24,37,41,46],"damage_taken":[{"damage":0,"enemies":"Small Slimes","floor":1,"turns":3},{"damage":0,"enemies":"Cultist","floor":2,"turns":3},{"damage":0,"enemies":"Jaw Worm","floor":4,"turns":3},{"damage":28,"enemies":"3 Sentries","floor":6,"turns":7},{"damage":0,"enemies":"2 Fungi Beasts","floor":7,"turns":3},{"damage":0,"enemies":"Lots of Slimes","floor":9,"turns":6},{"damage":8,"enemies":"Lots of Slimes","floor":10,"turns":4},{"damage":0,"enemies":"Large Slime","floor":12,"turns":4},{"damage":0,"enemies":"Looter","floor":13,"turns":3},{"damage":2,"enemies":"Exordium Wildlife","floor":14,"turns":4},{"damage":0,"enemies":"Slime Boss","floor":16,"turns":9},{"damage":0,"enemies":"Shell Parasite","floor":18,"turns":4},{"damage":1,"enemies":"Chosen","floor":19,"turns":3},{"damage":11,"enemies":"Centurion and Healer","floor":21,"turns":4},{"damage":0,"enemies":"Cultist and Chosen","floor":22,"turns":4},{"damage":16,"enemies":"Slavers","floor":24,"turns":5},{"damage":0,"enemies":"3 Cultists","floor":26,"turns":5},{"damage":6,"enemies":"Book of Stabbing","floor":27,"turns":3},{"damage":0,"enemies":"3 Cultists","floor":30,"turns":4},{"damage":0,"enemies":"Snake Plant","floor":31,"turns":2},{"damage":0,"enemies":"conspire:MysteriousRune","floor":33,"turns":6},{"damage":4,"enemies":"3 Shapes","floor":35,"turns":3},{"damage":18,"enemies":"3 Darklings","floor":36,"turns":5},{"damage":11,"enemies":"infinitespire:Three Voidlings","floor":37,"turns":5},{"damage":0,"enemies":"Nightmare_Alpha","floor":37,"turns":1},{"damage":5,"enemies":"4 Shapes","floor":38,"turns":3},{"damage":0,"enemies":"Maw","floor":39,"turns":4},{"damage":0,"enemies":"R_Hoarder","floor":40,"turns":4},{"damage":3,"enemies":"3 Darklings","floor":41,"turns":3},{"damage":0,"enemies":"Jaw Worm Horde","floor":43,"turns":4},{"damage":0,"enemies":"Jaw Worm Horde","floor":46,"turns":3},{"damage":0,"enemies":"Sphere and 2 Shapes","floor":47,"turns":2},{"damage":0,"enemies":"Reptomancer","floor":48,"turns":5},{"damage":15,"enemies":"infinitespire:MassOfShapes","floor":50,"turns":5}],"seed_played":"-2976675989276001006","potions_obtained":[{"floor":1,"key":"Milkshake"},{"floor":2,"key":"SpeedPotion"},{"floor":6,"key":"Fire Potion"},{"floor":12,"key":"Regen Potion"},{"floor":13,"key":"LiquidBronze"},{"floor":27,"key":"Dexterity Potion"},{"floor":31,"key":"Swift Potion"},{"floor":37,"key":"AttackPotion"},{"floor":38,"key":"Swift Potion"},{"floor":46,"key":"jedi:wingpotion"},{"floor":47,"key":"jedi:holywater"}],"is_trial":false,"path_per_floor":["M","M","?","M","?","E","M","?","MIM","M","R","M","M","M","R","B",null,"M","M","$","M","M","R","E","AVR","MIM","E","R","$","M","M","R","B",null,"M","M","?","M","M","E","M","R","MIM","?","$","M","M","E","R","B",null],"character_chosen":"THE_SILENT","items_purchased":["Deadly Poison+1","Noxious Fumes","Quantum Egg","infinitespire:Satchel","jedi:pocketpoison","Specialist","ReplayUltimateDefense","Strength Potion","Strange Spoon","Poison Darts","Bane"],"campfire_rested":1,"item_purchase_floors":[0,0,29,29,29,29,29,29,45,45,45],"current_hp_per_floor":[56,56,56,56,56,28,28,28,28,20,20,20,20,18,39,39,70,70,69,69,58,58,58,56,56,56,50,50,50,50,50,50,50,70,66,48,44,39,39,39,36,36,36,36,36,36,36,36,60,45],"gold":279,"neow_bonus":"","is_daily":false,"chose_seed":false,"campfire_upgraded":8,"win_rate":0.0,"timestamp":1609939286,"path_taken":["M","M","?","?","?","E","?","?","MIM","M","R","M","M","M","R","BOSS","M","M","?","M","?","R","E","AVR","MIM","E","R","$","M","M","R","BOSS","M","M","?","M","M","E","M","R","MIM","?","$","M","M","E","R","BOSS"],"items_purchased_type":["Card","Card","Relic","Relic","Card","Card","Card","Potion","Relic","Card","Card"],"build_version":"2020-12-13","purchased_purges":3,"victory":true,"max_hp_per_floor":[70,70,70,70,70,70,70,70,70,70,70,70,70,70,70,70,70,70,70,70,70,70,70,70,70,70,70,70,70,70,70,70,70,70,70,70,70,70,70,70,70,70,70,70,70,70,70,70,70,70],"card_choices":[{"not_picked":["Expertise","ReplayTheSpireMod:Shiv Toss","StuffTheSpire:BumpUp"],"picked":"SKIP","floor":1},{"not_picked":["Underhanded Strike","StuffTheSpire:Injection"],"picked":"PiercingWail","floor":2},{"not_picked":["Prepared","StuffTheSpire:ClusterCrunch"],"picked":"jedi:collectorvenom","floor":4},{"not_picked":["Dagger Spray","hubris:SlightOfHand"],"picked":"Replay:Bag of Tricks","floor":6},{"not_picked":["Underhanded Strike","Dagger Spray"],"picked":"Deadly Poison","floor":7},{"not_picked":["Fluid Movement","Flying Knee"],"picked":"Bouncing Flask","floor":9},{"not_picked":["Deadly Poison","ReplayTheSpireMod:The Works"],"picked":"jedi:collectorvenom","floor":10},{"not_picked":["StuffTheSpire:BumpUp","Dagger Spray"],"picked":"jedi:collectorvenom","floor":12},{"not_picked":["Blade Dance","Masterful Stab"],"picked":"Outmaneuver","floor":13},{"not_picked":["Quick Slash","Prepared"],"picked":"Flechettes","floor":14},{"not_picked":["Doppelganger","After Image"],"picked":"jedi:collectorvenom","floor":16},{"not_picked":["jedi:pocketpoison","StuffTheSpire:Python"],"picked":"jedi:collectorvenom","floor":18},{"not_picked":["StuffTheSpire:Injection","ReplayTheSpireMod:Shiv Toss"],"picked":"Terror","floor":19},{"not_picked":["Finisher+1","Outmaneuver+1"],"picked":"Slice","floor":21},{"not_picked":["jedi:collectorvenom","Poisoned Stab+1"],"picked":"Draining Mist+1","floor":22},{"not_picked":["Caltrops+1","Crippling Poison+1"],"picked":"jedi:pocketpoison+1","floor":24},{"not_picked":["Hidden Blade","Blur"],"picked":"jedi:collectorvenom","floor":26},{"not_picked":["StuffTheSpire:DoubleShiv","Phantasmal Killer"],"picked":"jedi:collectorvenom","floor":27},{"not_picked":["Deadly Poison","StuffTheSpire:ClusterCrunch"],"picked":"jedi:collectorvenom","floor":30},{"not_picked":["Blade Dance","Poisoned Stab"],"picked":"jedi:collectorvenom","floor":31},{"not_picked":["Adrenaline","Unload"],"picked":"jedi:collectorvenom+1","floor":33},{"not_picked":["Flying Knee","StuffTheSpire:Sprint"],"picked":"jedi:collectorvenom+1","floor":35},{"not_picked":["Hidden Blade","Poisoned Stab"],"picked":"jedi:collectorvenom+1","floor":36},{"not_picked":["infinitespire:FinalStrike","hubris:InfiniteBlow"],"picked":"infinitespire:Collect","floor":37},{"not_picked":["Prepared","Acrobatics+1"],"picked":"jedi:collectorvenom+1","floor":37},{"not_picked":["jedi:collectorvenom+1","Flying Knee+1"],"picked":"Backstab+1","floor":38},{"not_picked":["Outmaneuver","Blade Dance+1"],"picked":"jedi:collectorvenom+1","floor":39},{"not_picked":["PiercingWail+1","Deflect+1"],"picked":"jedi:collectorvenom+1","floor":40},{"not_picked":["expansioncontent:SuperHexaguard+1","Purity+1"],"picked":"Secret Technique+1","floor":41},{"not_picked":["Tactician+1","Acrobatics+1"],"picked":"jedi:collectorvenom+1","floor":41},{"not_picked":["StuffTheSpire:ClusterCrunch+1","Blade Dance+1"],"picked":"jedi:collectorvenom+1","floor":43},{"not_picked":["infinitespire:NeuralNetwork","ReplayTheSpireMod:Chaos Vortex"],"picked":"infinitespire:UltimateForm","floor":44},{"not_picked":["Replay:SS_fish_3+1","expansioncontent:PolyBeam+1"],"picked":"Replay:SS_hec_2+1","floor":46},{"not_picked":["StuffTheSpire:Sprint+1","StuffTheSpire:Incantation"],"picked":"jedi:collectorvenom+1","floor":46},{"not_picked":["expansioncontent:BronzeBeam+1","HandOfGreed+1"],"picked":"Panacea+1","floor":47},{"not_picked":["Dagger Throw","Blur+1"],"picked":"jedi:collectorvenom+1","floor":47},{"not_picked":["conspire:DoublingDagger","jedi:rejectivetoxin"],"picked":"jedi:collectorvenom+1","floor":48}],"player_experience":36190,"relics_obtained":[{"floor":6,"key":"Du-Vu Doll"},{"floor":8,"key":"Ring of Misfortune"},{"floor":8,"key":"Ring of Greed"},{"floor":8,"key":"MawBank"},{"floor":8,"key":"Replay:Bandana"},{"floor":9,"key":"infinitespire:Bottled Soul"},{"floor":24,"key":"PreservedInsect"},{"floor":26,"key":"conspire:InfiniteJournal"},{"floor":27,"key":"aspiration:Stabinomicon"},{"floor":27,"key":"conspire:Flyswatter"},{"floor":37,"key":"halation:PenCase"},{"floor":40,"key":"CCEMRelics:FestiveHat"},{"floor":40,"key":"Bottled Flame"},{"floor":43,"key":"CCEMRelics:DerglesHeadphones"},{"floor":48,"key":"jedi:cryingmask"},{"floor":48,"key":"halation:PromiseList"}],"event_choices":[{"damage_healed":0,"gold_gain":0,"player_choice":"Gave Potion","damage_taken":0,"relics_obtained":["Centennial Puzzle"],"max_hp_gain":0,"max_hp_loss":0,"event_name":"WeMeetAgain","floor":3,"gold_loss":0},{"damage_healed":0,"gold_gain":0,"player_choice":"Trade","damage_taken":0,"relics_obtained":["CultistMask"],"max_hp_gain":0,"max_hp_loss":0,"event_name":"FaceTrader","floor":5,"gold_loss":0}],"is_beta":false,"boss_relics":[{"not_picked":["halation:Yufonium","CCEMRelics:GreenEgg"],"picked":"Coffee Dripper"},{"not_picked":["halation:PinkAlligatorPlush","Abe\u0027s Treasure","Fusion Hammer"]}],"items_purged_floors":[25,29,45],"is_endless":false,"potions_floor_spawned":[1,2,6,12,13,14,18,27,30,31,36,37,38,39,40,46,47],"ascension_level":0}}