{"host":"w5vfr18i2ft1pzo2","time":1609958646,"event":{"mods":["Act Like it!","Aspiration","BaseMod","Better Third Choice","BetterRewards","Colored Map","Colored Powertips","Conspire","Curses Come First","DNKmod","Defuse TimeMaze Blight","Dota2Spire","Elementarium","Energized Spire","Evolution","Force Act Four","Friendly Minions","Gensokyo","GifTheSpireLib","Gold Saver","GungeonMod","Halation","Hallownest","Hubris","Hyrulean Relics","Infinite Spire","Jedi Mod","Marisa????????","Minty Spire (QoL Compilation)","MostiFishMod","Prisma Mod","Remilia??????","Replay The Spire","SacredBarkPlus","Small Relic Pack","Spicy Shops","Spikes Relics","StSLib","Stuff the Spire","SuperFastMode","Synergy Search","The Blue Laboratory","The Servant 0.9.4","TheWitcher","Trackpad","Treasure Hunter","Uncapped","Wandering Minibosses","Yakumo Yukari mod","noobMod","vexMod","??????REMEMod"],"gold_per_floor":[1274,1234,1249,1249,1267,1267,1301,1319,1345,1361,1391,1402,1429,1444,1444,1547,1547,1559,1559,1570,1570,1581,1615,1628,1664,1664,1694,1723,1723,1742,1793,1793,1899,1899,1919,1935,1950,1970,1991,2018,2018,2052,2098,2098,2098,2124,1792,1812,1812,1812,1812,1812,1812,1842,1852],"floor_reached":56,"playtime":3632,"items_purged":["Defend_P","MostiFishMod:FantasySummer","Strike_P"],"score":1765,"play_id":"11672ac2-9b18-45a2-9a4a-8abf285806fc","local_time":"20210107024406","is_ascension_mode":true,"campfire_choices":[{"floor":6,"key":"RECALL"},{"floor":15,"key":"DIG"},{"data":"1","floor":29,"key":"LIFT"},{"data":"2","floor":32,"key":"LIFT"},{"data":"3","floor":41,"key":"LIFT"},{"data":"MostiFishMod:SephirahHod","floor":44,"key":"SMITH"},{"data":"ReplayTheSpireMod:Echoes of Time","floor":49,"key":"SMITH"},{"data":"REME_CRH","floor":52,"key":"SMITH"}],"circlet_count":0,"master_deck":["AscendersBane","Strike_P","Defend_P","Eruption","Vigilance","FlyingSleeves","MostiFishMod:LegendTransform","TH:DeckOfManyThings","LikeWater","CutThroughFate","TH:CursedSword","MostiFishMod:Speedup","TH:DeckOfManyThings","TalkToTheHand","Wireheading","TH:BikiniMail","EmptyMind","TH:CursedSword","MostiFishMod:DisColor","MostiFishMod:Neptune","MostiFishMod:TheEndOfMoonlight","MostiFishMod:SparklingWater","MostiFishMod:NightSea","Tantrum","hubris:Fate","FlurryOfBlows+1","MostiFishMod:Nomercy","TH:TreasureMap","jedi:pocketpoison+1","Distraction","TH:CursedSword","Backflip","TH:DeckOfManyThings","MasterReality","TH:CopperCoins","ForeignInfluence","InnerPeace","infinitespire:Collect","TH:CursedSword","Footwork","TH:DeckOfManyThings","Scrawl","MostiFishMod:SephirahHod+1","Acrobatics","MostiFishMod:PathToVictory+1","Skewer+1","jedi:pocketpoison+1","TH:DeckOfManyThings","TH:DeckOfManyThings","SashWhip","TH:DeckOfManyThings","TH:DeckOfManyThings","ReplayTheSpireMod:Echoes of Time+1","TH:CursedSword","Brilliance","CutThroughFate+1","Crescendo","REME_CRH+1","TH:CursedSword","FlurryOfBlows+1"],"relics":["PureWater","EVO:Axolotl","DaveBox","ice","REME_ComplimentaryCards","SynthV:TestCard","halation:PinkSoulGem","Replay:Wax Seal","Blue Doll","Girya","Shuriken","MoonlightInvasionPlan","wanderingMiniBosses:OtherGremlinHorn","aspiration:SilentSkillbook","ReplayTheSpireMod:Ninjato","Replay:PocketPolymizer","aspiration:SeaSaltIceCream","wanderingMiniBosses:CarrionFlame","Chameleon Ring","DemoMod:ChaffGrenade","halation:BottledLove","MostiFishMod:Hod","DemoMod:GlassGuonStoneRelic","halation:PromiseList","PreservedInsect","Potion Belt","hubris:TenFootPole","SynthV","hubris:MysteriousPyramids"],"acts_visited":["Hallownest:Greenpath","Hallownest:CityofTears","Hallownest:KingdomsEdge","TheEnding"],"potions_floor_usage":[18,18,18,18,18,31,31,48],"damage_taken":[{"damage":0,"enemies":"Hallownest:monsterHuskWarrior","floor":1,"turns":2},{"damage":10,"enemies":"Hallownest:2_Baldur","floor":3,"turns":3},{"damage":5,"enemies":"Hallownest:2_Tiktiks_and_1_Crawlid","floor":5,"turns":2},{"damage":21,"enemies":"Hallownest:eliteCrystalGuardian","floor":7,"turns":6},{"damage":18,"enemies":"Hallownest:Wandering_and_Horned","floor":8,"turns":6},{"damage":1,"enemies":"Hallownest:MossCreep_and_Mosskin","floor":10,"turns":5},{"damage":14,"enemies":"Hallownest:eliteVengeflyKing","floor":11,"turns":2},{"damage":0,"enemies":"Hallownest:monsterMossCharger","floor":12,"turns":2},{"damage":27,"enemies":"Hallownest:eliteMossKnight","floor":13,"turns":5},{"damage":20,"enemies":"Hallownest:2_Tiktiks_1_Baldur_1_Crawlid","floor":14,"turns":5},{"damage":0,"enemies":"Hallownest:BossFalseKnight","floor":16,"turns":6},{"damage":38,"enemies":"Hallownest:3_Youths","floor":18,"turns":8},{"damage":0,"enemies":"Hallownest:Guard_and_Sentry","floor":20,"turns":3},{"damage":0,"enemies":"Hallownest:Warrior_and_Youth","floor":22,"turns":3},{"damage":0,"enemies":"Hallownest:eliteSoulWarrior","floor":23,"turns":2},{"damage":0,"enemies":"Hallownest:2_Husk_Sentries","floor":24,"turns":3},{"damage":7,"enemies":"Hallownest:eliteWatcherKnight","floor":25,"turns":7},{"damage":0,"enemies":"Hallownest:Glutton_and_Coward","floor":27,"turns":1},{"damage":6,"enemies":"Hallownest:eliteSoulWarrior","floor":28,"turns":2},{"damage":13,"enemies":"Hallownest:monsterShrumalOgre","floor":30,"turns":2},{"damage":0,"enemies":"Nightmare","floor":31,"turns":7},{"damage":17,"enemies":"Hallownest:BossGrimm","floor":33,"turns":3},{"damage":0,"enemies":"Hallownest:3_Siblings","floor":35,"turns":2},{"damage":0,"enemies":"Hallownest:2_Littles","floor":36,"turns":2},{"damage":0,"enemies":"Hallownest:Slobbering_and_Violent","floor":37,"turns":1},{"damage":0,"enemies":"Hallownest:2_Great","floor":38,"turns":1},{"damage":0,"enemies":"Hallownest:2_Wing_and_1_Kings","floor":39,"turns":1},{"damage":0,"enemies":"Hallownest:eliteHiveKnight","floor":40,"turns":1},{"damage":0,"enemies":"Hallownest:StalkingDevout","floor":42,"turns":1},{"damage":0,"enemies":"Nightmare","floor":46,"turns":1},{"damage":4,"enemies":"Hallownest:2_Soldiers_and_1_Guardian","floor":48,"turns":3},{"damage":0,"enemies":"Hallownest:Radiance","floor":50,"turns":1},{"damage":0,"enemies":"Shield and Spear","floor":54,"turns":1},{"damage":10,"enemies":"The Heart","floor":55,"turns":2}],"seed_played":"-3962759946825531009","potions_obtained":[{"floor":1,"key":"FearPotion"},{"floor":8,"key":"Explosive Potion"},{"floor":10,"key":"SteroidPotion"},{"floor":13,"key":"SkillPotion"},{"floor":16,"key":"Ancient Potion"},{"floor":23,"key":"LiquidBronze"},{"floor":24,"key":"ColorlessPotion"},{"floor":27,"key":"blueLaboratory:Moonshine"},{"floor":28,"key":"Explosive Potion"},{"floor":36,"key":"Reflective Coating"},{"floor":37,"key":"DemoMod:LeadSkinPotion"},{"floor":42,"key":"Block Potion"},{"floor":46,"key":"SpeedPotion"},{"floor":48,"key":"Venom Potion"}],"is_trial":false,"path_per_floor":["M","?","M","?","M","R","E","M","T","M","E","M","E","M","R_BF","B",null,"M","AVR","M","?","M","E","M","E","T","M","E","R","M","NM","R","B",null,"M","M","M","M","M","E","R","E","T","R","?","NM","$","M","R","B",null,"R","$","E","B",null],"character_chosen":"WATCHER","items_purchased":["SynthV"],"campfire_rested":0,"item_purchase_floors":[47],"current_hp_per_floor":[65,68,58,58,53,53,32,72,72,71,57,57,30,10,10,10,76,38,38,38,38,38,38,38,31,31,31,25,25,12,12,12,133,153,153,153,153,153,153,158,158,158,158,158,158,158,158,154,154,154,167,167,167,167,157],"gold":1852,"neow_bonus":"REMOVE_CARD","is_daily":false,"chose_seed":false,"campfire_upgraded":3,"win_rate":0.0,"timestamp":1609958646,"path_taken":["M","?","M","?","M","R","E","?","T","M","E","M","E","M","R_BF","BOSS","M","AVR","M","?","M","E","M","E","T","M","E","R","M","NM","R","BOSS","M","M","M","M","M","E","R","E","T","R","?","NM","$","M","R","BOSS","R","$","E","BOSS"],"items_purchased_type":["Relic"],"build_version":"2020-12-22","purchased_purges":3,"victory":true,"max_hp_per_floor":[72,72,72,72,72,72,72,72,72,75,76,76,83,94,94,98,98,112,112,116,116,117,118,120,122,122,122,123,123,125,131,131,160,160,160,163,163,163,165,165,165,165,165,165,165,165,165,171,171,171,171,171,171,171,252],"card_choices":[{"not_picked":["CrushJoints","REME_Repentance"],"picked":"FlyingSleeves","floor":1},{"not_picked":["SashWhip","Replay:Hum","Indignation","ThirdEye","CrushJoints"],"picked":"SKIP","floor":3},{"not_picked":["CrushJoints","CutThroughFate","ThirdEye","MostiFishMod:Disappear"],"picked":"MostiFishMod:LegendTransform","floor":5},{"not_picked":["TH:BikiniMail","TH:ArmorSpikes","TH:CopperCoins"],"picked":"TH:DeckOfManyThings","floor":7},{"not_picked":["Brilliance","Replay:DivineShield","EmptyBody","SandsOfTime"],"picked":"LikeWater","floor":7},{"not_picked":["MostiFishMod:LegendTransform","SandsOfTime","Consecrate","BowlingBash"],"picked":"CutThroughFate","floor":8},{"not_picked":["TH:EnergyPotion","TH:Mimic","TH:PixieDust"],"picked":"TH:CursedSword","floor":9},{"not_picked":["JustLucky","Replay:BluntJabs","CutThroughFate","WaveOfTheHand"],"picked":"MostiFishMod:Speedup","floor":10},{"not_picked":["TH:CursedSword","TH:ArmorSpikes","TH:TreasureMap"],"picked":"TH:DeckOfManyThings","floor":11},{"not_picked":["Halt","CarveReality","CutThroughFate","Protect"],"picked":"TalkToTheHand","floor":11},{"not_picked":["EmptyBody","Conclude","MostiFishMod:Clarity","Replay:Vibes"],"picked":"Wireheading","floor":12},{"not_picked":["TH:Mimic","TH:ArmorSpikes","TH:PixieDust"],"picked":"TH:BikiniMail","floor":13},{"not_picked":["Adaptation","Indignation","BowlingBash","TalkToTheHand"],"picked":"EmptyMind","floor":13},{"not_picked":["Evaluate","Replay:AtTheReady","ClearTheMind","MostiFishMod:LegendTransform","Vengeance"],"picked":"SKIP","floor":14},{"not_picked":["TH:ElvenBoots","TH:Mimic","TH:DeckOfManyThings"],"picked":"TH:CursedSword","floor":16},{"not_picked":["MostiFishMod:StarWish","MostiFishMod:StarHerder","MostiFishMod:Dust","Vault"],"picked":"MostiFishMod:DisColor","floor":16},{"not_picked":["Perseverance+1","REME_Repentance","BowlingBash+1","Replay:ManipulateFuture"],"picked":"Tantrum","floor":18},{"not_picked":["CrushJoints","hubris:Counter","REME_Repentance","Slice","Study+1"],"picked":"FlurryOfBlows+1","floor":20},{"not_picked":["Prostrate+1","EmptyFist","InfectiousVector","Pray+1","Dash+1"],"picked":"MostiFishMod:Nomercy","floor":22},{"not_picked":["TH:BikiniMail","TH:ArmorSpikes","TH:CopperCoins","TH:CursedSword"],"picked":"TH:TreasureMap","floor":23},{"not_picked":["FearNoEvil","Crippling Poison","Dagger Throw","jedi:poisonivy","MostiFishMod:Listen"],"picked":"jedi:pocketpoison+1","floor":23},{"not_picked":["BowlingBash","Leg Sweep+1","Bane","Consecrate","Replay:Vibes"],"picked":"Distraction","floor":24},{"not_picked":["TH:BikiniMail","TH:TreasureMap","TH:Mimic","TH:PixieDust"],"picked":"TH:CursedSword","floor":25},{"not_picked":["Draining Mist","Wraith Form v2","Sucker Punch","Brilliance","jedi:acidrain"],"picked":"Backflip","floor":25},{"not_picked":["TH:EnergyPotion","TH:ArmorSpikes","TH:TreasureMap","TH:Mimic"],"picked":"TH:DeckOfManyThings","floor":26},{"not_picked":["Underhanded Strike","CutThroughFate","Protect","SashWhip","Replay:AtTheReady"],"picked":"MasterReality","floor":27},{"not_picked":["TH:ElvenBoots","TH:Mimic","TH:PixieDust","TH:EnergyPotion"],"picked":"TH:CopperCoins","floor":28},{"not_picked":["Prostrate","Sucker Punch","Backflip","StuffTheSpire:Python","MostiFishMod:Disappear"],"picked":"ForeignInfluence","floor":28},{"not_picked":["Flying Knee+1","Outmaneuver","WreathOfFlame","ReplayTheSpireMod:Speed Training","Tactician"],"picked":"InnerPeace","floor":30},{"not_picked":["infinitespire:Punishment","infinitespire:Oblivion"],"picked":"infinitespire:Collect","floor":31},{"not_picked":["TH:TreasureMap","TH:CopperCoins","TH:ArmorSpikes","TH:PixieDust"],"picked":"TH:CursedSword","floor":31},{"not_picked":["MostiFishMod:PreservedThorns","Underhanded Strike","Weave","WheelKick","StuffTheSpire:BumpUp"],"picked":"Footwork","floor":31},{"not_picked":["TH:CursedSword","TH:CopperCoins","TH:PixieDust","TH:Mimic"],"picked":"TH:DeckOfManyThings","floor":33},{"not_picked":["Devotion","MostiFishMod:WinterMarkForm","Alpha","jedi:brewingpoison","MostiFishMod:ShivMaster"],"picked":"Scrawl","floor":33},{"not_picked":["StuffTheSpire:Python","Predator","Sucker Punch+1","ShadowRift","StuffTheSpire:MirrorStance+1"],"picked":"Acrobatics","floor":35},{"not_picked":["Replay:Bag of Tricks","Bane+1","PiercingWail","ThirdEye","jedi:poisonivy","SignatureMove+1"],"picked":"SKIP","floor":36},{"not_picked":["conspire:DoublingDagger","Deadly Poison","Slice+1","Crescendo+1","InnerPeace+1"],"picked":"MostiFishMod:PathToVictory+1","floor":37},{"not_picked":["StuffTheSpire:Injection","Replay:Anticipation+1","Hidden Blade","Flying Knee+1","Underhanded Strike+1"],"picked":"Skewer+1","floor":38},{"not_picked":["Sucker Punch+1","Hidden Blade","REME_GreenPollution","Masterful Stab","Protect"],"picked":"jedi:pocketpoison+1","floor":39},{"not_picked":["TH:CursedSword","TH:EnergyPotion","TH:BikiniMail","TH:TreasureMap"],"picked":"TH:DeckOfManyThings","floor":40},{"not_picked":["Bane","Crescendo","JustLucky+1","Catalyst","BowlingBash+1"],"picked":"MostiFishMod:FullyArmed","floor":40},{"not_picked":["TH:CopperCoins","TH:ArmorSpikes","TH:CursedSword","TH:TreasureMap"],"picked":"TH:DeckOfManyThings","floor":42},{"not_picked":["Underhanded Strike","Setup+1","Poisoned Stab","SashWhip+1","StuffTheSpire:Injection"],"picked":"Omniscience","floor":42},{"not_picked":["TH:EnergyPotion","TH:CopperCoins","TH:BikiniMail","TH:PixieDust"],"picked":"TH:DeckOfManyThings","floor":43},{"not_picked":["infinitespire:DeathsTouch","ReplayTheSpireMod:Black Plague"],"picked":"ReplayTheSpireMod:Echoes of Time","floor":46},{"not_picked":["TH:Mimic","TH:BikiniMail","TH:CopperCoins","TH:PixieDust"],"picked":"TH:CursedSword","floor":46},{"not_picked":["REME_GreenPollution","ThirdEye+1","Replay:BluntJabs+1","jedi:unstablefumes","StuffTheSpire:Injection"],"picked":"Brilliance","floor":46},{"not_picked":["Dash","MostiFishMod:AdrenalineArouse","Blur+1","Riddle With Holes+1","FlurryOfBlows+1"],"picked":"CutThroughFate+1","floor":48},{"not_picked":["TH:PixieDust","TH:TreasureMap","TH:BikiniMail","TH:ArmorSpikes"],"picked":"TH:CursedSword","floor":54},{"not_picked":["StuffTheSpire:ReptileScales+1","Sucker Punch+1","Cloak And Dagger","Terror","BowlingBash"],"picked":"FlurryOfBlows+1","floor":54}],"player_experience":236140,"relics_obtained":[{"floor":1,"key":"SynthV:TestCard"},{"floor":7,"key":"Replay:Wax Seal"},{"floor":11,"key":"Blue Doll"},{"floor":13,"key":"Girya"},{"floor":15,"key":"Shuriken"},{"floor":18,"key":"wanderingMiniBosses:OtherGremlinHorn"},{"floor":23,"key":"Replay:PocketPolymizer"},{"floor":25,"key":"aspiration:SeaSaltIceCream"},{"floor":26,"key":"Chameleon Ring"},{"floor":28,"key":"DemoMod:ChaffGrenade"},{"floor":31,"key":"halation:BottledLove"},{"floor":40,"key":"halation:PromiseList"},{"floor":42,"key":"PreservedInsect"},{"floor":43,"key":"Potion Belt"},{"floor":46,"key":"hubris:TenFootPole"},{"floor":54,"key":"hubris:MysteriousPyramids"}],"event_choices":[],"is_beta":false,"boss_relics":[{"not_picked":["GreenFoldingFan","JellyFishMachine"],"picked":"MoonlightInvasionPlan"},{"not_picked":["Runic Dome","Coffee Dripper"],"picked":"MostiFishMod:Hod"}],"items_purged_floors":[19,47,47],"is_endless":false,"potions_floor_spawned":[1,8,10,13,16,23,24,27,28,36,37,42,46,48],"ascension_level":10}}