{"host":"kdt6w7ix8lwe69i9","time":1609905853,"event":{"mods":["100% Spire Juice","Bartender","BaseMod","ChefMod","Downfall","Fiend Mod","Jorbs\u0027s Wanderer Trilogy","Minty Spire (QoL Compilation)","Reimu（博丽灵梦）","Robot Space Explorer","StSLib","The Caster","The Cursed","The Disciple","The Dragon Tamer","The Druid","The Elementalist","The Forsaken","The Gatherer","The Marked","TheBandit"],"gold_per_floor":[117,10,24,88,104,104,55,80,80,80,80,80,96,117,117,246,6,29,50,10,29,52,52,71,71,97,97,97,118,97,131,131,255,255,279,279,15,30,30,61,61,61],"floor_reached":41,"playtime":3039,"items_purged":[],"score":433,"play_id":"1543faa8-09f0-43d1-9924-9c1a99872f57","local_time":"20210105230413","is_ascension_mode":false,"campfire_choices":[{"data":"1","floor":10,"key":"LIFT"},{"data":"2","floor":12,"key":"LIFT"},{"data":"3","floor":15,"key":"LIFT"},{"floor":23,"key":"RECALL"},{"data":"Moonworks:MetallicMonocoque","floor":25,"key":"SMITH"},{"data":"Moonworks:EvilSpyWorkPreparation","floor":27,"key":"SMITH"},{"data":"Moonworks:Dinner","floor":32,"key":"SMITH"}],"circlet_count":0,"master_deck":["Moonworks:Ambush","Moonworks:LongDistanceShot","Moonworks:x16BigRocket","Moonworks:ForcedRevival","Moonworks:BigBangBell","Moonworks:EvilSpyWorkPreparation","Moonworks:DeployBits","Moonworks:EvilSpyWorkPreparation+1","Moonworks:Flamethrower","Moonworks:Wanted","Moonworks:MetallicMonocoque+1","Moonworks:AwakeningOfTalent+1","Moonworks:CompletionReward+1","Moonworks:DevilHand+1","Moonworks:UnluckyCharm+1","Moonworks:ExtendedPhotonRifle+1","Moonworks:Dinner+1","Moonworks:Accelerator","Moonworks:CloudOfSeagulls+1","Moonworks:PlushieMaster","Moonworks:WeAreWaruda","Moonworks:MiracleRedBeanIceCream","Moonworks:ImOnFire","Moonworks:SelfDestruct+1","Moonworks:ReproductionOfRecords","Moonworks:LuckyCharm","Moonworks:SakisCookie","Bandage Up","Sadistic Nature","expansioncontent:Flail+1","Moonworks:JonathanRush+1","Moonworks:RagingMadness","Moonworks:Flamethrower","Moonworks:RagingMadness+1"],"relics":["Moonworks:SBBomb","Moonworks:Homemark","War Paint","Golden Idol","Molten Egg 2","Girya","ZunR:ReiMu","Boot","PureWhite:ReiMu","Pandora\u0027s Box","Dream Catcher","Lizard Tail","Potion Belt"],"acts_visited":["Exordium","TheCity","TheBeyond"],"potions_floor_usage":[5,7,7,8,16,29,31,41],"damage_taken":[{"damage":0,"enemies":"2 Louse","floor":1,"turns":2},{"damage":0,"enemies":"Jaw Worm","floor":2,"turns":4},{"damage":9,"enemies":"Cultist","floor":3,"turns":4},{"damage":18,"enemies":"Gremlin Gang","floor":5,"turns":3},{"damage":3,"enemies":"3 Sentries","floor":7,"turns":6},{"damage":2,"enemies":"2 Fungi Beasts","floor":8,"turns":3},{"damage":2,"enemies":"Exordium Wildlife","floor":13,"turns":3},{"damage":0,"enemies":"Large Slime","floor":14,"turns":2},{"damage":55,"enemies":"The Guardian","floor":16,"turns":9},{"damage":11,"enemies":"Shell Parasite","floor":18,"turns":4},{"damage":16,"enemies":"2 Thieves","floor":19,"turns":4},{"damage":0,"enemies":"Centurion and Healer","floor":21,"turns":3},{"damage":0,"enemies":"3 Cultists","floor":24,"turns":4},{"damage":0,"enemies":"Sentry and Sphere","floor":29,"turns":3},{"damage":16,"enemies":"Gremlin Leader","floor":31,"turns":5},{"damage":41,"enemies":"Champ","floor":33,"turns":9},{"damage":11,"enemies":"Orb Walker","floor":35,"turns":3},{"damage":37,"enemies":"3 Darklings","floor":38,"turns":4},{"damage":70,"enemies":"Nemesis","floor":40,"turns":5},{"damage":16,"enemies":"4 Shapes","floor":41,"turns":2}],"seed_played":"4101402110843703439","potions_obtained":[{"floor":1,"key":"GrandPatriotsElixir:ReiMu"},{"floor":2,"key":"Slimebound:ThreeZeroPotion"},{"floor":5,"key":"champ:CounterPotion"},{"floor":7,"key":"Explosive Potion"},{"floor":13,"key":"ColorlessPotion"},{"floor":21,"key":"LiquidMemories"},{"floor":24,"key":"AttackPotion"},{"floor":38,"key":"Weak Potion"},{"floor":40,"key":"Explosive Potion"}],"is_trial":false,"path_per_floor":["M","M","M","?","M","?","?","M","T","R","?","R","M","M","R","B",null,"M","M","?","M","T","R","M","R","T","R","$","M","?","E","R","B",null,"M","?","$","M","?","E","M"],"character_chosen":"THE_STARBREAKER","items_purchased":["Dream Catcher","Moonworks:JonathanRush+1","Moonworks:RagingMadness"],"campfire_rested":0,"item_purchase_floors":[37,37,37],"current_hp_per_floor":[60,60,51,51,38,38,54,57,57,57,57,57,55,60,60,5,60,54,43,43,48,48,48,53,53,53,53,53,58,58,47,47,16,60,49,39,39,10,10,12,0,0],"gold":61,"neow_bonus":"RANDOM_COMMON_RELIC","is_daily":false,"chose_seed":false,"campfire_upgraded":3,"win_rate":0.0,"timestamp":1609905853,"path_taken":["M","M","M","?","M","?","?","M","T","R","?","R","?","M","R","BOSS","M","?","?","M","?","R","M","R","T","R","$","M","?","E","R","BOSS","M","?","$","M","?","E","?"],"items_purchased_type":["Relic","Card","Card"],"build_version":"2020-12-22","purchased_purges":0,"victory":false,"max_hp_per_floor":[60,60,60,60,60,60,60,60,60,60,60,60,60,60,60,60,60,60,60,60,60,60,60,60,60,60,60,60,60,60,60,60,60,60,60,60,60,60,60,60,60,60],"card_choices":[{"not_picked":["Moonworks:ForcedRevival","Moonworks:ImOnFire"],"picked":"Moonworks:x16BigRocket","floor":1},{"not_picked":["Moonworks:AngelHand","Moonworks:ScrambledEve"],"picked":"Moonworks:ForcedRevival","floor":2},{"not_picked":["Moonworks:CloudOfSeagulls","Moonworks:SealedMemories"],"picked":"Moonworks:BigBangBell","floor":3},{"not_picked":["Moonworks:DevilHand","Moonworks:AccelHyper"],"picked":"Moonworks:EvilSpyWorkPreparation","floor":5},{"not_picked":["Moonworks:WindyEnchantment","Moonworks:LulusLuckyEgg"],"picked":"Moonworks:DeployBits","floor":7},{"not_picked":["Moonworks:DeployBits","Moonworks:ImmovableObject"],"picked":"Moonworks:EvilSpyWorkPreparation","floor":8},{"not_picked":["Moonworks:CloudOfSeagulls+1","Moonworks:BigMagnum"],"picked":"Moonworks:Flamethrower","floor":13},{"not_picked":["Moonworks:NicePresent","Moonworks:BeyondHell"],"picked":"Moonworks:Wanted","floor":14},{"not_picked":["Moonworks:PlushieMaster","Moonworks:AccelHyper"],"picked":"Moonworks:MetallicMonocoque","floor":16},{"not_picked":["Moonworks:ImOnFire","Moonworks:DeployBits"],"picked":"Moonworks:AwakeningOfTalent+1","floor":18},{"not_picked":["Moonworks:BackdoorTrade","Moonworks:NicePresent"],"picked":"Moonworks:CompletionReward+1","floor":19},{"not_picked":["Moonworks:ForcedRevival","Moonworks:MixPhenomenon"],"picked":"Moonworks:DevilHand+1","floor":21},{"not_picked":["Moonworks:ImOnFire","Moonworks:Assault+1"],"picked":"Moonworks:UnluckyCharm+1","floor":24},{"not_picked":["Moonworks:SakisCookie","Moonworks:Bloodlust"],"picked":"Moonworks:ExtendedPhotonRifle+1","floor":29},{"not_picked":["Moonworks:Heat300Percent","Moonworks:HolyNight"],"picked":"Moonworks:Dinner","floor":31},{"not_picked":["Moonworks:Wanted","Moonworks:AccelHyper"],"picked":"Moonworks:Accelerator","floor":33},{"not_picked":["Moonworks:Dash+1","Moonworks:TacticalRetreat"],"picked":"Moonworks:SakisCookie","floor":35},{"not_picked":["Trip","expansioncontent:HyperBeam+1"],"picked":"Bandage Up","floor":36},{"not_picked":["Discovery","expansioncontent:Chronoboost"],"picked":"Sadistic Nature","floor":36},{"not_picked":["expansioncontent:Torchfire+1","expansioncontent:PrepareCrush"],"picked":"expansioncontent:Flail+1","floor":36},{"not_picked":["Moonworks:NicePresent","Moonworks:Assault+1"],"picked":"Moonworks:Flamethrower","floor":38},{"not_picked":["Moonworks:AngelHand+1","Moonworks:WindyEnchantment+1"],"picked":"Moonworks:RagingMadness+1","floor":40}],"player_experience":1688259,"relics_obtained":[{"floor":7,"key":"Molten Egg 2"},{"floor":9,"key":"Girya"},{"floor":22,"key":"Boot"},{"floor":31,"key":"PureWhite:ReiMu"},{"floor":40,"key":"Potion Belt"}],"event_choices":[{"damage_healed":0,"gold_gain":64,"player_choice":"Gained Gold","damage_taken":0,"max_hp_gain":0,"max_hp_loss":0,"event_name":"Golden Wing","floor":4,"gold_loss":0},{"damage_healed":0,"gold_gain":0,"player_choice":"Take Wound","damage_taken":0,"relics_obtained":["Golden Idol"],"max_hp_gain":0,"max_hp_loss":0,"event_name":"Golden Idol","floor":6,"gold_loss":0,"cards_obtained":["Injury"]},{"damage_healed":0,"gold_gain":30,"player_choice":"Searched \u00272\u0027 times","damage_taken":0,"max_hp_gain":0,"max_hp_loss":0,"event_name":"Dead Adventurer","floor":7,"gold_loss":0},{"cards_removed":["Injury"],"damage_healed":0,"gold_gain":0,"player_choice":"Purged","damage_taken":0,"max_hp_gain":0,"max_hp_loss":0,"event_name":"Purifier","floor":11,"gold_loss":0},{"damage_healed":0,"gold_gain":0,"player_choice":"Keep O-miki","damage_taken":0,"relics_obtained":["ZunR:ReiMu"],"max_hp_gain":0,"max_hp_loss":0,"event_name":"ZunEvent","floor":20,"gold_loss":40},{"damage_healed":0,"gold_gain":99,"player_choice":"Stole From Cult","damage_taken":0,"max_hp_gain":0,"max_hp_loss":0,"event_name":"Nest","floor":30,"gold_loss":0},{"damage_healed":0,"gold_gain":0,"player_choice":"Memory 3","damage_taken":10,"max_hp_gain":0,"max_hp_loss":0,"event_name":"SensoryStone","floor":36,"gold_loss":0},{"damage_healed":0,"gold_gain":0,"player_choice":"Gave Potion","damage_taken":0,"relics_obtained":["Lizard Tail"],"max_hp_gain":0,"max_hp_loss":0,"event_name":"WeMeetAgain","floor":39,"gold_loss":0}],"is_beta":false,"boss_relics":[{"not_picked":["Cursed Key","Coffee Dripper"],"picked":"Moonworks:SBBomb"},{"not_picked":["Philosopher\u0027s Stone","RedLine:ReiMu"],"picked":"Pandora\u0027s Box"}],"items_purged_floors":[],"is_endless":false,"potions_floor_spawned":[1,2,5,7,13,21,24,38,40],"killed_by":"4 Shapes","ascension_level":0}}