{"host":"28p8ce41sjwa6lzf","time":1609945198,"event":{"mods":["BaseMod","Colored Map","Colored Powertips","Highlight Path","Minty Spire (QoL Compilation)","Permanent Neow","Quick Restart","Random Character Button","Rare Cards Sparkle","Relic Stats","StSLib","Unceasing Turn Reminder"],"gold_per_floor":[19,31,47,61,77,106,106,126,126,126,153,169,169,169,169,246,246,266,45,77,92,92,92,127,127,150,185,203,203,219,229,229,301,301,312,363,388,408,427,454,472,488,514,514,541,541,541,575,575,575,575,575,575,41,70,70,70],"floor_reached":56,"playtime":4998,"items_purged":["Dualcast"],"score":2028,"play_id":"748a0fa1-938b-416c-85a3-0e2a30095776","local_time":"20210106085958","is_ascension_mode":true,"campfire_choices":[{"floor":7.0,"key":"REST"},{"data":"Metamorphosis","floor":10.0,"key":"SMITH"},{"floor":15.0,"key":"REST"},{"data":"Hologram","floor":23.0,"key":"SMITH"},{"data":"Coolheaded","floor":25.0,"key":"SMITH"},{"data":"Coolheaded","floor":32,"key":"SMITH"},{"data":"Turbo","floor":44,"key":"SMITH"},{"floor":49,"key":"RECALL"},{"data":"Metamorphosis","floor":53,"key":"SMITH"}],"circlet_count":0,"master_deck":["AscendersBane","Metamorphosis+1","Conserve Battery","FTL","Capacitor","Coolheaded+1","Ball Lightning","Conserve Battery","All For One","Steam","Hologram+1","Self Repair+1","Turbo+1","Coolheaded+1","Buffer","Hologram","Seek","Double Energy","Hologram+1","Gash+1","Purity","Metamorphosis+1","Reprogram+1","White Noise"],"relics":["Cracked Core","Bottled Lightning","HornCleat","Torii","Pandora\u0027s Box","Lee\u0027s Waffle","Red Mask","MutagenicStrength","Boot","PreservedInsect","StrikeDummy","Runic Pyramid","Bird Faced Urn","Unceasing Top","InkBottle","MealTicket","Pantograph","OrangePellets","Bag of Preparation","Blood Vial"],"acts_visited":["Exordium","TheCity","TheBeyond","TheEnding"],"potions_floor_usage":[41,56],"damage_taken":[{"damage":3.0,"enemies":"2 Louse","floor":1.0,"turns":4.0},{"damage":0.0,"enemies":"Small Slimes","floor":2.0,"turns":3.0},{"damage":0.0,"enemies":"Jaw Worm","floor":3.0,"turns":4.0},{"damage":10.0,"enemies":"Large Slime","floor":4.0,"turns":4.0},{"damage":6.0,"enemies":"Exordium Wildlife","floor":5.0,"turns":3.0},{"damage":18.0,"enemies":"Lagavulin","floor":6.0,"turns":6.0},{"damage":7.0,"enemies":"Looter","floor":8.0,"turns":4.0},{"damage":3.0,"enemies":"3 Sentries","floor":11.0,"turns":5.0},{"damage":8.0,"enemies":"3 Louse","floor":12.0,"turns":3.0},{"damage":38.0,"enemies":"The Guardian","floor":16.0,"turns":10.0},{"damage":12.0,"enemies":"2 Thieves","floor":18.0,"turns":2.0},{"damage":1.0,"enemies":"Masked Bandits","floor":20.0,"turns":2.0},{"damage":0.0,"enemies":"Spheric Guardian","floor":21.0,"turns":3.0},{"damage":47.0,"enemies":"Book of Stabbing","floor":24.0,"turns":5.0},{"damage":1.0,"enemies":"Gremlin Leader","floor":27.0,"turns":3.0},{"damage":0.0,"enemies":"Centurion and Healer","floor":28.0,"turns":4.0},{"damage":7.0,"enemies":"Snake Plant","floor":30.0,"turns":2.0},{"damage":19,"enemies":"Shelled Parasite and Fungi","floor":31,"turns":4},{"damage":1,"enemies":"Champ","floor":33,"turns":3},{"damage":0,"enemies":"Orb Walker","floor":35,"turns":2},{"damage":26,"enemies":"2 Orb Walkers","floor":36,"turns":4},{"damage":1,"enemies":"Mind Bloom Boss Battle","floor":37,"turns":6},{"damage":1,"enemies":"3 Shapes","floor":38,"turns":3},{"damage":0,"enemies":"Maw","floor":39,"turns":6},{"damage":8,"enemies":"Nemesis","floor":40,"turns":4},{"damage":0,"enemies":"Transient","floor":41,"turns":6},{"damage":1,"enemies":"4 Shapes","floor":42,"turns":7},{"damage":0,"enemies":"Giant Head","floor":45,"turns":5},{"damage":2,"enemies":"Nemesis","floor":48,"turns":3},{"damage":39,"enemies":"Time Eater","floor":50,"turns":9},{"damage":25,"enemies":"Awakened One","floor":51,"turns":6},{"damage":41,"enemies":"Shield and Spear","floor":55,"turns":5},{"damage":86,"enemies":"The Heart","floor":56,"turns":5}],"seed_played":"-5569307375831406367","potions_obtained":[{"floor":1.0,"key":"ColorlessPotion"},{"floor":5.0,"key":"LiquidBronze"},{"floor":6.0,"key":"CultistPotion"},{"floor":24.0,"key":"AttackPotion"},{"floor":27.0,"key":"DistilledChaos"},{"floor":28.0,"key":"LiquidBronze"},{"floor":37,"key":"ColorlessPotion"},{"floor":38,"key":"DistilledChaos"},{"floor":39,"key":"DuplicationPotion"},{"floor":41,"key":"BlessingOfTheForge"}],"is_trial":false,"path_per_floor":["M","M","M","M","M","E","R","M","T","R","E","M","?","?","R","B",null,"M","$","?","M","?","R","E","R","T","E","M","?","M","M","R","B",null,"M","?","?","M","M","E","M","M","T","R","E","?","?","E","R","B","B",null,"R","$","E","B"],"character_chosen":"DEFECT","items_purchased":["Hologram","Lee\u0027s Waffle","OrangePellets","Bag of Preparation","Energy Potion","White Noise"],"campfire_rested":2,"item_purchase_floors":[19,19,54,54,54,54],"current_hp_per_floor":[61,61,61,51,45,27,48,41,41,41,38,30,30,23,44,6,55,43,78,77,77,77,77,40,40,40,49,59,59,62,53,53,62,74,78,62,77,78,78,78,78,78,78,78,78,78,68,78,78,53,69,76,76,78,53,0,0],"gold":70,"neow_bonus":"RANDOM_COLORLESS_2","is_daily":false,"chose_seed":false,"campfire_upgraded":6,"win_rate":0.0,"timestamp":1609945198,"path_taken":["M","M","M","M","M","E","R","M","T","R","E","M","?","?","R","BOSS","M","$","?","M","?","R","E","R","T","E","M","?","M","?","R","BOSS","M","?","?","?","M","E","M","M","T","R","E","?","?","E","R","BOSS","BOSS","R","$","E","BOSS"],"items_purchased_type":["Card","Relic","Relic","Relic","Potion","Card"],"build_version":"2020-12-22","purchased_purges":1,"victory":false,"max_hp_per_floor":[71,71,71,71,71,71,71,71,71,71,71,71,71,71,71,71,71,71,78,78,78,78,78,78,78,78,78,78,78,78,78,78,78,78,78,78,78,78,78,78,78,78,78,78,78,78,78,78,78,78,78,78,78,78,78,78,78],"relic_stats":{"Lee\u0027s Waffle":35,"Torii":108,"counters":[33,145],"PreservedInsect":356,"Bag of Preparation":[4],"Boot":[159],"Blood Vial":2,"OrangePellets":[7],"Bird Faced Urn":[38],"Pantograph":48,"Pandora\u0027s Box":["Hello World","Darkness","Hologram","Chaos","Hello World","Leap","Meteor Strike"],"MealTicket":2,"obtain_stats":[{"Lee\u0027s Waffle":19,"Torii":11,"PreservedInsect":26,"Bag of Preparation":54,"Boot":24,"Blood Vial":55,"OrangePellets":54,"HornCleat":9,"MutagenicStrength":22,"Bird Faced Urn":36,"Pantograph":48,"Pandora\u0027s Box":17,"MealTicket":45,"Red Mask":20,"Bottled Lightning":6,"Cracked Core":0,"StrikeDummy":27,"Unceasing Top":37,"InkBottle":40,"Runic Pyramid":34},{"Lee\u0027s Waffle":11,"Torii":8,"PreservedInsect":14,"Bag of Preparation":31,"Boot":14,"Blood Vial":32,"OrangePellets":31,"HornCleat":7,"MutagenicStrength":13,"Bird Faced Urn":21,"Pantograph":29,"Pandora\u0027s Box":10,"MealTicket":28,"Red Mask":12,"Bottled Lightning":6,"Cracked Core":0,"StrikeDummy":15,"Unceasing Top":22,"InkBottle":25,"Runic Pyramid":19},{"Lee\u0027s Waffle":48,"Torii":33,"PreservedInsect":58,"Bag of Preparation":135,"Boot":58,"Blood Vial":140,"OrangePellets":135,"HornCleat":28,"MutagenicStrength":53,"Bird Faced Urn":80,"Pantograph":120,"Pandora\u0027s Box":46,"MealTicket":117,"Red Mask":50,"Bottled Lightning":24,"Cracked Core":0,"StrikeDummy":61,"Unceasing Top":86,"InkBottle":99,"Runic Pyramid":74}],"Unceasing Top":[7],"InkBottle":[44]},"card_choices":[{"not_picked":["Sadistic Nature","Secret Weapon"],"picked":"Metamorphosis","floor":0.0},{"not_picked":["Redo","Force Field"],"picked":"Conserve Battery","floor":1.0},{"not_picked":["Force Field","Go for the Eyes"],"picked":"FTL","floor":2.0},{"not_picked":["Lockon","Melter"],"picked":"Capacitor","floor":3.0},{"not_picked":["Static Discharge","FTL","Redo"],"picked":"SKIP","floor":4.0},{"not_picked":["Gash","Rebound","Go for the Eyes"],"picked":"SKIP","floor":5.0},{"not_picked":["Chaos","Steam"],"picked":"Coolheaded","floor":6.0},{"not_picked":["Sunder","Redo"],"picked":"Ball Lightning","floor":8.0},{"not_picked":["Go for the Eyes","Meteor Strike"],"picked":"Conserve Battery","floor":11.0},{"not_picked":["Leap","Barrage","Fusion"],"picked":"SKIP","floor":12.0},{"not_picked":["Reboot","Rainbow"],"picked":"All For One","floor":16.0},{"not_picked":["Streamline","Hello World"],"picked":"Steam","floor":18.0},{"not_picked":["Gash","Redo"],"picked":"Self Repair+1","floor":21.0},{"not_picked":["Darkness","Rip and Tear"],"picked":"Turbo","floor":24.0},{"not_picked":["Barrage","Self Repair","Ball Lightning"],"picked":"SKIP","floor":27.0},{"not_picked":["Self Repair","Genetic Algorithm"],"picked":"Coolheaded","floor":28.0},{"not_picked":["Tempest","Steam","Turbo"],"picked":"SKIP","floor":30.0},{"not_picked":["Go for the Eyes","Hello World","Leap"],"picked":"SKIP","floor":31},{"not_picked":["Biased Cognition","Meteor Strike"],"picked":"Buffer","floor":33},{"not_picked":["Sweeping Beam","Go for the Eyes","Chaos"],"picked":"SKIP","floor":35},{"not_picked":["Sunder","Sweeping Beam"],"picked":"Hologram","floor":37},{"not_picked":["Hologram","Barrage"],"picked":"Seek","floor":38},{"not_picked":["Sweeping Beam","Static Discharge","Ball Lightning+1"],"picked":"SKIP","floor":39},{"not_picked":["Doom and Gloom","Rainbow"],"picked":"Double Energy","floor":40},{"not_picked":["Loop+1","Turbo"],"picked":"Hologram+1","floor":41},{"not_picked":["Gash","FTL","Steam"],"picked":"SKIP","floor":42},{"not_picked":["Beam Cell","Turbo"],"picked":"Gash+1","floor":45},{"not_picked":["Blind","Jack Of All Trades"],"picked":"Purity","floor":47},{"not_picked":["Jack Of All Trades","Bandage Up"],"picked":"Metamorphosis","floor":47},{"not_picked":["Ball Lightning","Streamline"],"picked":"Reprogram+1","floor":48},{"not_picked":["Beam Cell","Coolheaded","Darkness"],"picked":"SKIP","floor":55}],"player_experience":1089935,"relics_obtained":[{"floor":6.0,"key":"Bottled Lightning"},{"floor":9.0,"key":"HornCleat"},{"floor":11.0,"key":"Torii"},{"floor":20.0,"key":"Red Mask"},{"floor":24.0,"key":"Boot"},{"floor":26.0,"key":"PreservedInsect"},{"floor":27.0,"key":"StrikeDummy"},{"floor":36,"key":"Bird Faced Urn"},{"floor":37,"key":"Unceasing Top"},{"floor":40,"key":"InkBottle"},{"floor":45,"key":"MealTicket"},{"floor":48,"key":"Pantograph"},{"floor":55,"key":"Blood Vial"}],"event_choices":[{"damage_healed":0.0,"max_hp_gain":0.0,"max_hp_loss":0.0,"gold_gain":0.0,"event_name":"Liars Game","player_choice":"Ignored","floor":13.0,"gold_loss":0.0,"damage_taken":0.0},{"cards_removed":["Strike_B"],"damage_healed":0.0,"max_hp_gain":0.0,"max_hp_loss":0.0,"gold_gain":0.0,"event_name":"Golden Wing","player_choice":"Card Removal","floor":14.0,"gold_loss":0.0,"damage_taken":7.0},{"damage_healed":0.0,"max_hp_gain":0.0,"max_hp_loss":0.0,"gold_gain":0.0,"event_name":"Masked Bandits","player_choice":"Fought Bandits","floor":20.0,"gold_loss":0.0,"damage_taken":0.0},{"damage_healed":0.0,"max_hp_gain":0.0,"max_hp_loss":0.0,"gold_gain":0.0,"event_name":"Drug Dealer","player_choice":"Inject Mutagens","floor":22.0,"gold_loss":0.0,"damage_taken":0.0,"relics_obtained":["MutagenicStrength"]},{"damage_healed":0.0,"max_hp_gain":0.0,"max_hp_loss":0.0,"gold_gain":0.0,"event_name":"Vampires","player_choice":"Ignored","floor":29.0,"gold_loss":0.0,"damage_taken":0.0},{"damage_healed":0,"gold_gain":0,"player_choice":"Fight","damage_taken":0,"max_hp_gain":0,"max_hp_loss":0,"event_name":"Mysterious Sphere","floor":36,"gold_loss":0},{"damage_healed":0,"gold_gain":0,"player_choice":"Fight","damage_taken":0,"max_hp_gain":0,"max_hp_loss":0,"event_name":"MindBloom","floor":37,"gold_loss":0},{"cards_removed":["Zap"],"damage_healed":0,"gold_gain":0,"player_choice":"Removed Skill","damage_taken":0,"max_hp_gain":0,"max_hp_loss":0,"event_name":"Falling","floor":46,"gold_loss":0},{"damage_healed":0,"gold_gain":0,"player_choice":"Memory 3","damage_taken":10,"max_hp_gain":0,"max_hp_loss":0,"event_name":"SensoryStone","floor":47,"gold_loss":0}],"is_beta":false,"boss_relics":[{"not_picked":["Black Star","SlaversCollar"],"picked":"Pandora\u0027s Box"},{"not_picked":["Sozu","Coffee Dripper"],"picked":"Runic Pyramid"}],"items_purged_floors":[54],"is_endless":false,"potions_floor_spawned":[1,5,6,16,24,27,28,37,38,39,41],"killed_by":"The Heart","ascension_level":20}}