{"host":"raaimkojny05jekw","time":1609902460,"event":{"mods":["AchievementEnabler","BaseMod","Colored Map","Colored Powertips","DeckTracker","Minty Spire (QoL Compilation)","Quick Restart","Rare Cards Sparkle","everything is the same but u backflip on backflip"],"gold_per_floor":[16,16,26,37,57,57,93,93,120,120,129,154,79,79,79,79,79],"floor_reached":16,"playtime":538,"items_purged":["Defend_G"],"score":200,"play_id":"3c8cd364-7fbd-49bf-8b45-5a26acb852c2","local_time":"20210106120740","is_ascension_mode":true,"campfire_choices":[{"data":"Neutralize","floor":6,"key":"SMITH"},{"floor":8,"key":"REST"},{"floor":11,"key":"REST"},{"data":"Envenom","floor":15,"key":"SMITH"}],"circlet_count":0,"master_deck":["AscendersBane","Strike_G","Strike_G","Strike_G","Strike_G","Defend_G","Defend_G","Defend_G","Defend_G","Survivor","Neutralize+1","Transmutation+1","Bouncing Flask","Poisoned Stab","Dodge and Roll","Cloak And Dagger","Envenom+1","Leg Sweep","PiercingWail"],"relics":["Ring of the Snake","CeramicFish","Dream Catcher"],"acts_visited":["Exordium"],"potions_floor_usage":[3,7],"damage_taken":[{"damage":9,"enemies":"Cultist","floor":1,"turns":5},{"damage":1,"enemies":"Small Slimes","floor":3,"turns":3},{"damage":9,"enemies":"Jaw Worm","floor":4,"turns":4},{"damage":20,"enemies":"Large Slime","floor":5,"turns":6},{"damage":16,"enemies":"Lagavulin","floor":7,"turns":5},{"damage":11,"enemies":"3 Louse","floor":12,"turns":4},{"damage":27,"enemies":"The Guardian","floor":16,"turns":2}],"seed_played":"-99920570610836395","potions_obtained":[{"floor":1,"key":"SkillPotion"},{"floor":4,"key":"CunningPotion"}],"is_trial":false,"path_per_floor":["M","?","M","M","M","R","E","R","T","?","R","M","$","$","R","B"],"character_chosen":"THE_SILENT","items_purchased":[],"campfire_rested":2,"item_purchase_floors":[],"current_hp_per_floor":[50,50,49,40,20,20,4,23,23,16,35,24,24,24,24,0,0],"gold":79,"neow_bonus":"RANDOM_COLORLESS_2","is_daily":false,"chose_seed":false,"campfire_upgraded":2,"win_rate":0.0,"timestamp":1609902460,"path_taken":["M","?","M","M","M","R","E","R","T","?","R","M","?","$","R","BOSS"],"items_purchased_type":[],"build_version":"2020-12-22","purchased_purges":1,"victory":false,"max_hp_per_floor":[66,66,66,66,66,66,66,66,66,66,66,66,66,66,66,66,66],"card_choices":[{"not_picked":["HandOfGreed","Chrysalis"],"picked":"Transmutation","floor":0},{"not_picked":["Dagger Throw","Sucker Punch"],"picked":"Bouncing Flask","floor":1},{"not_picked":["Acrobatics","Underhanded Strike"],"picked":"Poisoned Stab","floor":3},{"not_picked":["Sucker Punch","A Thousand Cuts"],"picked":"Dodge and Roll","floor":4},{"not_picked":["Poisoned Stab","Flying Knee"],"picked":"Cloak And Dagger","floor":5},{"not_picked":["PiercingWail","Expertise"],"picked":"Envenom","floor":7},{"not_picked":["Flying Knee","Infinite Blades"],"picked":"Leg Sweep","floor":11},{"not_picked":["PiercingWail","Accuracy","Riddle With Holes"],"picked":"SKIP","floor":12},{"not_picked":["Accuracy","Riddle With Holes"],"picked":"PiercingWail","floor":12}],"player_experience":716629,"relics_obtained":[{"floor":7,"key":"CeramicFish"},{"floor":9,"key":"Dream Catcher"}],"event_choices":[{"damage_healed":0,"gold_gain":0,"player_choice":"Grow","damage_taken":0,"max_hp_gain":0,"max_hp_loss":0,"event_name":"Living Wall","floor":2,"gold_loss":0,"cards_upgraded":["Transmutation"]},{"cards_removed":["Strike_G"],"damage_healed":0,"gold_gain":0,"player_choice":"Card Removal","damage_taken":7,"max_hp_gain":0,"max_hp_loss":0,"event_name":"Golden Wing","floor":10,"gold_loss":0}],"is_beta":false,"boss_relics":[],"items_purged_floors":[13],"is_endless":false,"potions_floor_spawned":[1,4],"killed_by":"The Guardian","ascension_level":20}}