{"host":"3498uni0c31c9bdm","time":1609925274,"event":{"mods":["BaseMod","Better Third Choice","Minty Spire (QoL Compilation)","Replay The Spire","StSLib"],"gold_per_floor":[109,109,127,16,36,36,76,76,158,258,277,277,0,0,0,126,126,140,140,201,216,234,234,234,234,234,40,64,80,101,124,124,124,124],"floor_reached":33,"playtime":1158,"items_purged":["Regret"],"score":333,"play_id":"6d82d7f4-6ca6-4886-83ac-75a1bd4c5cef","local_time":"20210106202754","is_ascension_mode":true,"campfire_choices":[{"floor":6.0,"key":"REST"},{"floor":8.0,"key":"RECALL"},{"floor":12.0,"key":"REST"},{"data":"Demonic Infusion","floor":15.0,"key":"SMITH"},{"floor":23.0,"key":"REST"},{"data":"Enlightenment","floor":25.0,"key":"SMITH"},{"floor":32,"key":"REST"}],"circlet_count":0,"master_deck":["Strike_R+1","Strike_R+1","Strike_R+1","Strike_R+1","Strike_R+1","Defend_R+1","Defend_R+1","Defend_R+1","Defend_R+1","Bash","Clothesline","Injury","Flex","Sword Boomerang+1","Thunderclap","Demonic Infusion+1","Rampage","Enlightenment+1","Barricade","Heavy Blade","ReplayTheSpireMod:Splinters","Warcry","Body Slam+1","Carnage","ReplayTheSpireMod:Limb From Limb","Metallicize","Twin Strike+1","Cleave"],"relics":["Burning Blood","Bronze Scales","Golden Idol","Darkstone Periapt","Nunchaku","Ooze Armor","StrikeDummy","Mirror","Replay:Wax Seal","Strange Spoon"],"acts_visited":["Exordium","TheCity"],"potions_floor_usage":[31],"damage_taken":[{"damage":19.0,"enemies":"Cultist","floor":1.0,"turns":3.0},{"damage":10.0,"enemies":"Jaw Worm","floor":3.0,"turns":3.0},{"damage":5.0,"enemies":"2 Louse","floor":5.0,"turns":3.0},{"damage":44.0,"enemies":"Gremlin Nob","floor":7.0,"turns":5.0},{"damage":10.0,"enemies":"2 Fungi Beasts","floor":11.0,"turns":3.0},{"damage":58.0,"enemies":"Slime Boss","floor":16.0,"turns":10.0},{"damage":25.0,"enemies":"Chosen","floor":18.0,"turns":6.0},{"damage":4.0,"enemies":"Spheric Guardian","floor":21.0,"turns":3.0},{"damage":20.0,"enemies":"Snecko","floor":22.0,"turns":4.0},{"damage":18.0,"enemies":"3 Cultists","floor":28.0,"turns":4.0},{"damage":23.0,"enemies":"Shelled Parasite and Fungi","floor":29.0,"turns":5.0},{"damage":17,"enemies":"Cultist and Chosen","floor":30,"turns":6},{"damage":16,"enemies":"Sentry and Sphere","floor":31,"turns":4},{"damage":72,"enemies":"Champ","floor":33,"turns":7}],"seed_played":"9080545532857302966","potions_obtained":[{"floor":3.0,"key":"Swift Potion"},{"floor":7.0,"key":"FearPotion"},{"floor":20.0,"key":"GamblersBrew"},{"floor":21.0,"key":"HeartOfIron"},{"floor":30,"key":"SpeedPotion"}],"is_trial":false,"path_per_floor":["M","?","M","$","M","R","E","R","T","?","M","R","?","T","R","B",null,"M","?","?","M","M","R","?","R","T","$","M","M","M","M","R","B"],"character_chosen":"IRONCLAD","items_purchased":["Sword Boomerang+1","Replay:Wax Seal","Strange Spoon"],"campfire_rested":4,"item_purchase_floors":[4,27,27],"current_hp_per_floor":[59,59,55,55,56,80,42,42,42,42,38,62,68,68,68,16,69,50,50,56,58,44,71,71,71,71,71,59,42,31,21,48,0,0],"gold":124,"neow_bonus":"RANDOM_EVENT","is_daily":false,"chose_seed":false,"campfire_upgraded":2,"win_rate":0.0,"timestamp":1609925274,"path_taken":["M","?","M","$","M","R","E","R","T","?","?","R","?","?","R","BOSS","M","?","?","M","M","R","?","R","T","$","M","?","M","M","R","BOSS"],"items_purchased_type":["Card","Relic","Relic"],"build_version":"2020-12-22","purchased_purges":1,"victory":false,"max_hp_per_floor":[80,80,80,80,80,80,80,80,80,80,80,80,86,86,86,86,86,86,86,92,92,92,92,92,92,92,92,92,92,92,92,92,92,92],"card_choices":[{"not_picked":["Thunderclap","Clash"],"picked":"Clothesline","floor":1.0},{"not_picked":["Reckless Charge","Rupture"],"picked":"Flex","floor":3.0},{"not_picked":["Headbutt","Sword Boomerang"],"picked":"Thunderclap","floor":5.0},{"not_picked":["ReplayTheSpireMod:Limb From Limb","Twin Strike"],"picked":"Demonic Infusion","floor":7.0},{"not_picked":["Entrench","Run Through"],"picked":"Rampage","floor":11.0},{"not_picked":["Eclipse","Juggernaut"],"picked":"Barricade","floor":16.0},{"not_picked":["Reckless Charge","Cleave"],"picked":"Heavy Blade","floor":18.0},{"not_picked":["Dark Embrace","Evolve+1"],"picked":"Warcry","floor":20.0},{"not_picked":["Burning Pact","Ghostly Armor"],"picked":"Body Slam+1","floor":21.0},{"not_picked":["Hemokinesis","Seeing Red"],"picked":"Carnage","floor":22.0},{"not_picked":["Perfected Strike","Body Slam"],"picked":"ReplayTheSpireMod:Limb From Limb","floor":28.0},{"not_picked":["Headbutt","Warcry"],"picked":"Metallicize","floor":29},{"not_picked":["Clash","Clothesline+1"],"picked":"Twin Strike+1","floor":30},{"not_picked":["Clothesline","Massacre"],"picked":"Cleave","floor":31}],"player_experience":659232,"relics_obtained":[{"floor":7.0,"key":"Darkstone Periapt"},{"floor":14.0,"key":"Nunchaku"},{"floor":20.0,"key":"StrikeDummy"},{"floor":26.0,"key":"Mirror"}],"event_choices":[{"damage_healed":0.0,"max_hp_gain":0.0,"max_hp_loss":0.0,"gold_gain":0.0,"event_name":"Big Fish","player_choice":"Box","floor":0.0,"gold_loss":0.0,"damage_taken":0.0,"relics_obtained":["Bronze Scales"],"cards_obtained":["Regret"]},{"damage_healed":0.0,"max_hp_gain":0.0,"max_hp_loss":0.0,"gold_gain":0.0,"event_name":"Golden Idol","player_choice":"Take Wound","floor":2.0,"gold_loss":0.0,"damage_taken":0.0,"relics_obtained":["Golden Idol"],"cards_obtained":["Injury"]},{"damage_healed":0.0,"max_hp_gain":0.0,"max_hp_loss":0.0,"gold_gain":100.0,"event_name":"Golden Shrine","player_choice":"Pray","floor":10.0,"gold_loss":0.0,"damage_taken":0.0},{"damage_healed":0.0,"max_hp_gain":0.0,"max_hp_loss":0.0,"gold_gain":0.0,"event_name":"betterThird:BetterSerpent","player_choice":"RENOUNCE","floor":13.0,"gold_loss":277.0,"damage_taken":277.0,"cards_obtained":["Enlightenment"]},{"damage_healed":0.0,"max_hp_gain":0.0,"max_hp_loss":9.0,"gold_gain":0.0,"event_name":"betterThird:BetterWriting","player_choice":"Simplicity","floor":19.0,"gold_loss":0.0,"damage_taken":0.0},{"damage_healed":0.0,"max_hp_gain":0.0,"max_hp_loss":0.0,"gold_gain":0.0,"event_name":"The Woman in Blue","player_choice":"Bought 0 Potions","floor":24.0,"gold_loss":0.0,"damage_taken":0.0}],"is_beta":false,"boss_relics":[{"not_picked":["Velvet Choker","Electric Blood"],"picked":"Ooze Armor"}],"items_purged_floors":[4],"is_endless":false,"potions_floor_spawned":[3,7,21,30],"killed_by":"Champ","ascension_level":7}}