{"host":"hxqmxu97ax4h93y4","time":1609977198,"event":{"mods":["BaseMod","Downfall","Hermit","Marisa????????","Minty Spire (QoL Compilation)","StSLib","The Animator","The Bug Knight","The Cursed","The Necromancer","The Runesmith"],"gold_per_floor":[109,122,122,122,135,135,161,161,207,207,207,219,144,162,162,162,162],"floor_reached":16,"playtime":3607,"items_purged":["HollowMod:NailStrikeStart"],"score":100,"play_id":"2ce6f9be-35a3-4664-b78c-5c90f7c7ae04","local_time":"20210106155318","is_ascension_mode":false,"campfire_choices":[{"data":"HollowMod:GreatSlash","floor":6,"key":"SMITH"},{"data":"HollowMod:FocusHealStart","floor":10,"key":"SMITH"},{"data":"HollowMod:NewGlowingWomb","floor":15,"key":"SMITH"}],"circlet_count":0,"master_deck":["HollowMod:NailStrikeStart","HollowMod:NailStrikeStart","HollowMod:QuickDashStart","HollowMod:QuickDashStart","HollowMod:QuickDashStart","HollowMod:QuickDashStart","HollowMod:FocusHealStart+1","HollowMod:PogoStrike","HollowMod:CornifersMapStart","HollowMod:GreatSlash+1","HollowMod:CloakDash","HollowMod:Weaversong","HollowMod:NewGlowingWomb+1","HollowMod:GoodIntentions"],"relics":["HollowMod:VesselMask","Oddly Smooth Stone","Runesmith:AutoHammer","Regal Pillow"],"acts_visited":["Exordium"],"potions_floor_usage":[14,16],"damage_taken":[{"damage":0,"enemies":"Small Slimes","floor":1,"turns":4},{"damage":0,"enemies":"2 Louse","floor":2,"turns":3},{"damage":1,"enemies":"Cultist","floor":5,"turns":4},{"damage":44,"enemies":"Lagavulin","floor":7,"turns":9},{"damage":10,"enemies":"Looter","floor":12,"turns":3},{"damage":10,"enemies":"Large Slime","floor":14,"turns":6},{"damage":48,"enemies":"Slime Boss","floor":16,"turns":7}],"seed_played":"-2993036328004237013","potions_obtained":[{"floor":12,"key":"champ:CounterPotion"},{"floor":14,"key":"sneckomod:MuddlingPotion"}],"is_trial":false,"path_per_floor":["M","M","?","?","M","R","E","?","T","R","?","M","$","M","R","B"],"character_chosen":"THE_BUGKNIGHT","items_purchased":[],"campfire_rested":0,"item_purchase_floors":[],"current_hp_per_floor":[82,82,75,75,80,80,46,46,46,46,39,35,35,37,37,1,1],"gold":162,"neow_bonus":"TEN_PERCENT_HP_BONUS","is_daily":false,"chose_seed":false,"campfire_upgraded":3,"win_rate":0.0,"timestamp":1609977198,"path_taken":["M","M","?","?","?","R","E","?","T","R","?","M","?","M","R","BOSS"],"items_purchased_type":[],"build_version":"2020-12-22","purchased_purges":1,"victory":false,"max_hp_per_floor":[82,82,82,82,82,82,82,82,82,82,82,82,82,82,82,82,82],"card_choices":[{"not_picked":["HollowMod:NewJinnsSoul","HollowMod:InfectedCysts"],"picked":"HollowMod:CornifersMapStart","floor":1},{"not_picked":["HollowMod:CrystalDash","HollowMod:InfectedAttack"],"picked":"HollowMod:GreatSlash","floor":2},{"not_picked":["HollowMod:AbyssShriek","HollowMod:WraithStrike"],"picked":"HollowMod:CloakDash","floor":5},{"not_picked":["HollowMod:InfectedAttack","HollowMod:SiblingsShadow"],"picked":"HollowMod:Weaversong","floor":7},{"not_picked":["HollowMod:ShadowDash","HollowMod:SoulStrike"],"picked":"HollowMod:NewGlowingWomb","floor":12},{"not_picked":["HollowMod:NewLittleFool","HollowMod:CloakDash"],"picked":"HollowMod:GoodIntentions","floor":14}],"player_experience":27298,"relics_obtained":[{"floor":7,"key":"Oddly Smooth Stone"},{"floor":9,"key":"Runesmith:AutoHammer"}],"event_choices":[{"cards_removed":["HollowMod:NailStrikeStart"],"damage_healed":0,"gold_gain":0,"player_choice":"Card Removal","damage_taken":7,"max_hp_gain":0,"max_hp_loss":0,"event_name":"Golden Wing","floor":3,"gold_loss":0},{"cards_removed":["Strike_B"],"damage_healed":0,"gold_gain":0,"player_choice":"Took Card","damage_taken":0,"max_hp_gain":0,"max_hp_loss":0,"event_name":"NoteForYourself","floor":4,"gold_loss":0,"cards_obtained":["Strike_B"]},{"damage_healed":0,"gold_gain":0,"player_choice":"Success","damage_taken":7,"relics_obtained":["Regal Pillow"],"max_hp_gain":0,"max_hp_loss":0,"event_name":"Scrap Ooze","floor":11,"gold_loss":0}],"is_beta":false,"boss_relics":[],"items_purged_floors":[13],"is_endless":false,"potions_floor_spawned":[12,14],"killed_by":"Slime Boss","ascension_level":0}}