{"host":"gzwwvnucm264f2jm","time":1609973802,"event":{"mods":["AchievementEnabler","BaseMod","Better Note","BetterRewards","Colored Map","Curses Come First","Googly Eyes","Minty Spire (QoL Compilation)","Permanent Neow","Quick Restart","Rare Cards Sparkle","Slay-I","Spicy Shops","StSLib","SuperFastMode"],"gold_per_floor":[110,110,110,123,123,123,159,159,209,209,244,294,58,94,94,192,192,205,205,205,205,40,40,74,74,74,74,90,124,167,201,201,292,292,305,305,328,328,177,210,210,249,249,283,316,316,635,357,357,357,357],"floor_reached":52,"playtime":3680,"items_purged":["Decay","Parasite","Shame"],"score":2983,"play_id":"6c314b4a-f630-435b-829a-033bbadf4be3","local_time":"20210106175642","daily_mods":["SealedDeck","Vintage","Flight"],"is_ascension_mode":true,"campfire_choices":[{"data":"Catalyst","floor":6,"key":"SMITH"},{"data":"After Image","floor":8,"key":"SMITH"},{"data":"Footwork","floor":10,"key":"SMITH"},{"floor":15,"key":"REST"},{"data":"Burst","floor":23,"key":"SMITH"},{"data":"Outmaneuver","floor":25,"key":"SMITH"},{"data":"Noxious Fumes","floor":27,"key":"SMITH"},{"data":"Bouncing Flask","floor":32,"key":"SMITH"},{"data":"Ghostly","floor":46,"key":"SMITH"},{"data":"Noxious Fumes","floor":49,"key":"SMITH"}],"circlet_count":0,"master_deck":["AscendersBane","Noxious Fumes+1","Cloak And Dagger","Outmaneuver+1","Escape Plan","Catalyst+1","Deadly Poison","Deadly Poison","Leg Sweep","Footwork+1","After Image+1","Backflip","Corpse Explosion","Burst+1","Ghostly+1","Ghostly","Ghostly","Bouncing Flask+1","Catalyst+1","Noxious Fumes+1"],"relics":["Ring of the Serpent","Snake Skull","Golden Idol","Dream Catcher","Kunai","Bag of Preparation","Lantern","Happy Flower","Membership Card","Mummified Hand","Whetstone","Ancient Tea Set","TwistedFunnel","Oddly Smooth Stone","InkBottle","White Beast Statue","Akabeko","Mercury Hourglass","Molten Egg 2","Smiling Mask","Philosopher\u0027s Stone","Paper Crane","Vajra","DollysMirror","HornCleat","Bronze Scales","Art of War","Bottled Tornado","PreservedInsect","Orichalcum","Old Coin","TungstenRod","OrangePellets"],"acts_visited":["Exordium","TheCity","TheBeyond"],"potions_floor_usage":[11],"damage_taken":[{"damage":0,"enemies":"2 Louse","floor":1,"turns":3},{"damage":1,"enemies":"Jaw Worm","floor":4,"turns":3},{"damage":28,"enemies":"3 Sentries","floor":7,"turns":7},{"damage":25,"enemies":"Gremlin Nob","floor":11,"turns":5},{"damage":0,"enemies":"Lagavulin","floor":14,"turns":4},{"damage":0,"enemies":"Hexaghost","floor":16,"turns":6},{"damage":0,"enemies":"Chosen","floor":18,"turns":2},{"damage":0,"enemies":"Slavers","floor":24,"turns":3},{"damage":0,"enemies":"Spheric Guardian","floor":28,"turns":3},{"damage":0,"enemies":"Gremlin Leader","floor":29,"turns":4},{"damage":0,"enemies":"Book of Stabbing","floor":30,"turns":3},{"damage":0,"enemies":"Gremlin Leader","floor":31,"turns":2},{"damage":0,"enemies":"Automaton","floor":33,"turns":5},{"damage":0,"enemies":"3 Shapes","floor":35,"turns":2},{"damage":0,"enemies":"3 Darklings","floor":37,"turns":2},{"damage":0,"enemies":"Nemesis","floor":40,"turns":5},{"damage":0,"enemies":"Reptomancer","floor":42,"turns":4},{"damage":0,"enemies":"Giant Head","floor":44,"turns":3},{"damage":0,"enemies":"Nemesis","floor":45,"turns":3},{"damage":0,"enemies":"Sphere and 2 Shapes","floor":47,"turns":1},{"damage":0,"enemies":"Time Eater","floor":50,"turns":3},{"damage":0,"enemies":"Donu and Deca","floor":51,"turns":4}],"seed_played":"-3513932304779749651","potions_obtained":[{"floor":4,"key":"LiquidMemories"},{"floor":11,"key":"LiquidMemories"},{"floor":14,"key":"SpeedPotion"},{"floor":38,"key":"GhostInAJar"}],"is_trial":true,"path_per_floor":["M","?","?","M","?","R","E","R","T","R","E","T","$","E","R","B",null,"M","$","?","?","$","R","E","R","T","R","M","E","E","E","R","B",null,"M","?","M","?","$","E","$","E","T","E","E","R","M","$","R","B","B",null],"character_chosen":"THE_SILENT","items_purchased":["Membership Card","Mummified Hand","TwistedFunnel","Oddly Smooth Stone","DollysMirror","HornCleat","TungstenRod","OrangePellets","Noxious Fumes"],"campfire_rested":1,"item_purchase_floors":[13,13,22,22,39,39,48,48,48],"current_hp_per_floor":[59,59,59,58,58,58,30,30,30,30,5,5,5,5,23,23,51,51,51,51,30,27,27,27,27,27,27,27,27,27,27,27,27,27,27,27,27,27,27,27,27,27,27,27,27,27,27,27,27,27,27],"gold":357,"neow_bonus":"","is_daily":false,"chose_seed":false,"campfire_upgraded":9,"win_rate":0.0,"timestamp":1609973802,"path_taken":["M","?","?","?","?","R","E","R","T","R","E","?","$","E","R","BOSS","M","$","?","?","$","R","E","R","T","R","?","E","E","E","R","BOSS","M","?","M","?","$","E","$","E","T","E","E","R","?","$","R","BOSS","BOSS"],"items_purchased_type":["Relic","Relic","Relic","Relic","Relic","Relic","Relic","Relic","Card"],"build_version":"2020-12-22","purchased_purges":3,"victory":true,"max_hp_per_floor":[66,60,60,60,60,60,60,60,60,60,60,60,60,60,60,60,60,60,60,60,30,27,27,27,27,27,27,27,27,27,27,27,27,27,27,27,27,27,27,27,27,27,27,27,27,27,27,27,27,27,27],"card_choices":[{"not_picked":["Dagger Throw","Accuracy"],"picked":"After Image","floor":7},{"not_picked":["Prepared","Acrobatics"],"picked":"Backflip","floor":11},{"not_picked":["Deflect","Finisher","Dodge and Roll"],"picked":"SKIP","floor":14},{"not_picked":["Deflect","Finisher","Dodge and Roll"],"picked":"SKIP","floor":14},{"not_picked":["All Out Attack","Deflect"],"picked":"Corpse Explosion","floor":15},{"not_picked":["Wraith Form v2","Malaise"],"picked":"Burst","floor":16},{"not_picked":["Eviscerate","Underhanded Strike","Flying Knee+1"],"picked":"SKIP","floor":24},{"not_picked":["Bane","Underhanded Strike","Quick Slash"],"picked":"SKIP","floor":29},{"not_picked":["Finisher+1","Blade Dance","Eviscerate+1"],"picked":"SKIP","floor":30},{"not_picked":["Backflip","Concentrate"],"picked":"Bouncing Flask","floor":31},{"not_picked":["Bouncing Flask","Outmaneuver+1","Escape Plan"],"picked":"SKIP","floor":40},{"not_picked":["Poisoned Stab+1","Leg Sweep","Unload+1"],"picked":"SKIP","floor":42},{"not_picked":["Poisoned Stab+1","Cloak And Dagger","Acrobatics"],"picked":"SKIP","floor":44},{"not_picked":["Acrobatics","Backflip","Poisoned Stab+1"],"picked":"SKIP","floor":45}],"player_experience":441530,"relics_obtained":[{"floor":1,"key":"Snake Skull"},{"floor":4,"key":"Dream Catcher"},{"floor":7,"key":"Kunai"},{"floor":9,"key":"Bag of Preparation"},{"floor":11,"key":"Lantern"},{"floor":12,"key":"Happy Flower"},{"floor":14,"key":"Whetstone"},{"floor":18,"key":"Ancient Tea Set"},{"floor":24,"key":"InkBottle"},{"floor":26,"key":"White Beast Statue"},{"floor":28,"key":"Akabeko"},{"floor":29,"key":"Mercury Hourglass"},{"floor":30,"key":"Molten Egg 2"},{"floor":31,"key":"Smiling Mask"},{"floor":35,"key":"Paper Crane"},{"floor":37,"key":"Vajra"},{"floor":40,"key":"Bronze Scales"},{"floor":42,"key":"Art of War"},{"floor":43,"key":"Bottled Tornado"},{"floor":44,"key":"PreservedInsect"},{"floor":45,"key":"Orichalcum"},{"floor":47,"key":"Old Coin"}],"event_choices":[{"damage_healed":0,"gold_gain":0,"player_choice":"Lose Max HP","damage_taken":0,"relics_obtained":["Golden Idol"],"max_hp_gain":0,"max_hp_loss":6,"event_name":"Golden Idol","floor":2,"gold_loss":0},{"damage_healed":0,"gold_gain":0,"player_choice":"0 cards matched","damage_taken":0,"max_hp_gain":0,"max_hp_loss":0,"event_name":"Match and Keep!","floor":3,"gold_loss":0,"cards_obtained":[]},{"damage_healed":0,"gold_gain":0,"player_choice":"Leave","damage_taken":0,"max_hp_gain":0,"max_hp_loss":0,"event_name":"The Cleric","floor":5,"gold_loss":0},{"damage_healed":0,"gold_gain":0,"player_choice":"Ignored","damage_taken":0,"max_hp_gain":0,"max_hp_loss":0,"event_name":"betterNote:BetterNote","floor":20,"gold_loss":0,"cards_obtained":["Searing Blow"]},{"damage_healed":0,"gold_gain":0,"player_choice":"Became a Ghost","damage_taken":0,"max_hp_gain":0,"max_hp_loss":30,"event_name":"Ghosts","floor":21,"gold_loss":0,"cards_obtained":["Ghostly","Ghostly","Ghostly"]},{"cards_removed":["Bane"],"damage_healed":0,"gold_gain":0,"player_choice":"Removed Attack","damage_taken":0,"max_hp_gain":0,"max_hp_loss":0,"event_name":"Falling","floor":36,"gold_loss":0},{"damage_healed":0,"gold_gain":0,"player_choice":"Got Potions","damage_taken":0,"max_hp_gain":0,"max_hp_loss":0,"event_name":"Lab","floor":38,"gold_loss":0}],"is_beta":false,"boss_relics":[{"not_picked":["Astrolabe","Fusion Hammer"],"picked":"Ring of the Serpent"},{"not_picked":["Sozu","Cursed Key"],"picked":"Philosopher\u0027s Stone"}],"items_purged_floors":[13,22,48],"is_endless":false,"potions_floor_spawned":[4,11,14,18,28,29,30,31,33,35,37,40,42,44,45,47],"ascension_level":20}}