{"host":"j4g6ia6asvpyu2b0","time":1609895041,"event":{"mods":["BaseMod","Colored Map","Minty Spire (QoL Compilation)","Permanent Neow","Quick Restart","Relic Stats","StSLib","Unceasing Turn Reminder"],"gold_per_floor":[114,134,145,158,158,191,191,366,366,394,410,428,457,476,476,575,575,591,771,790,790,806,806,832,832,859,859,870,901,913,375,375,375],"floor_reached":32,"playtime":863,"items_purged":["Doubt"],"score":398,"play_id":"32e54856-dbf6-47b8-b83a-491645223536","local_time":"20210105180401","is_ascension_mode":true,"campfire_choices":[{"data":"Metallicize","floor":7,"key":"SMITH"},{"data":"Inflame","floor":15,"key":"SMITH"},{"data":"Offering","floor":23,"key":"SMITH"},{"data":"Clothesline","floor":25,"key":"SMITH"},{"data":"Entrench","floor":27,"key":"SMITH"}],"circlet_count":0,"master_deck":["Strike_R","Strike_R","Strike_R","Strike_R","Strike_R","Defend_R","Defend_R","Defend_R+1","Defend_R","Bash+1","Metallicize+1","Twin Strike","Body Slam","Iron Wave","Inflame+1","Hemokinesis","Clothesline+1","Combust","Entrench+1","Offering+1","Carnage+1","Metallicize","Evolve","Whirlwind","Iron Wave","Twin Strike+1","Feel No Pain","Disarm","Shrug It Off"],"relics":["Burning Blood","Thread and Needle","Mummified Hand","Eternal Feather","Letter Opener","Gremlin Horn","Coffee Dripper","Anchor","Oddly Smooth Stone","Lantern","Sling","Bag of Preparation"],"acts_visited":["Exordium","TheCity"],"potions_floor_usage":[6,10,21,24],"damage_taken":[{"damage":2,"enemies":"Cultist","floor":1,"turns":3},{"damage":0,"enemies":"Jaw Worm","floor":2,"turns":5},{"damage":0,"enemies":"Small Slimes","floor":3,"turns":4},{"damage":3,"enemies":"Blue Slaver","floor":4,"turns":3},{"damage":9,"enemies":"Gremlin Nob","floor":6,"turns":3},{"damage":8,"enemies":"3 Sentries","floor":10,"turns":5},{"damage":2,"enemies":"Exordium Wildlife","floor":11,"turns":3},{"damage":0,"enemies":"3 Louse","floor":12,"turns":4},{"damage":13,"enemies":"Gremlin Nob","floor":13,"turns":4},{"damage":6,"enemies":"Exordium Thugs","floor":14,"turns":4},{"damage":28,"enemies":"The Guardian","floor":16,"turns":10},{"damage":9,"enemies":"2 Thieves","floor":18,"turns":2},{"damage":5,"enemies":"3 Byrds","floor":20,"turns":4},{"damage":0,"enemies":"Centurion and Healer","floor":21,"turns":1},{"damage":9,"enemies":"Cultist and Chosen","floor":22,"turns":4},{"damage":17,"enemies":"Slavers","floor":24,"turns":4},{"damage":9,"enemies":"Shelled Parasite and Fungi","floor":28,"turns":4},{"damage":28,"enemies":"Book of Stabbing","floor":29,"turns":5},{"damage":11,"enemies":"Snake Plant","floor":30,"turns":3}],"seed_played":"-7797814712817418971","potions_obtained":[{"floor":1,"key":"PowerPotion"},{"floor":2,"key":"DistilledChaos"},{"floor":6,"key":"SmokeBomb"},{"floor":11,"key":"ElixirPotion"},{"floor":14,"key":"Dexterity Potion"},{"floor":22,"key":"LiquidMemories"},{"floor":30,"key":"Block Potion"}],"is_trial":false,"path_per_floor":["M","M","M","M","?","E","R","?","T","E","M","M","E","M","R","B",null,"M","?","M","M","M","R","E","R","T","R","M","E","M","$","R"],"character_chosen":"IRONCLAD","items_purchased":["Sling","Feel No Pain","Disarm","Bag of Preparation","Shrug It Off"],"campfire_rested":0,"item_purchase_floors":[31,31,31,31,31],"current_hp_per_floor":[72,72,72,72,58,55,55,55,55,53,57,63,56,56,68,46,66,63,44,45,51,48,60,49,61,61,72,69,47,42,42,57,57],"gold":375,"neow_bonus":"ONE_RARE_RELIC","is_daily":false,"chose_seed":false,"campfire_upgraded":5,"win_rate":0.0,"timestamp":1609895041,"path_taken":["M","M","?","M","?","E","R","?","T","E","?","M","E","M","R","BOSS","M","?","?","M","M","R","E","R","T","R","M","E","M","$","R"],"items_purchased_type":["Relic","Card","Card","Relic","Card"],"build_version":"2020-12-22","purchased_purges":1,"victory":false,"max_hp_per_floor":[72,72,72,72,72,72,72,72,72,72,72,72,72,72,72,72,72,72,72,72,72,72,72,72,72,72,72,72,72,72,72,72,72],"relic_stats":{"Gremlin Horn":[8,8],"counters":[19,75],"Mummified Hand":[47],"Eternal Feather":62,"Bag of Preparation":[0],"Letter Opener":[14],"obtain_stats":[{"Anchor":24,"Lantern":29,"Gremlin Horn":13,"Mummified Hand":6,"Oddly Smooth Stone":26,"Thread and Needle":0,"Eternal Feather":9,"Coffee Dripper":17,"Bag of Preparation":31,"Letter Opener":10,"Sling":31,"Burning Blood":0},{"Anchor":16,"Lantern":18,"Gremlin Horn":9,"Mummified Hand":5,"Oddly Smooth Stone":16,"Thread and Needle":0,"Eternal Feather":5,"Coffee Dripper":11,"Bag of Preparation":19,"Letter Opener":6,"Sling":19,"Burning Blood":0},{"Anchor":63,"Lantern":72,"Gremlin Horn":34,"Mummified Hand":18,"Oddly Smooth Stone":63,"Thread and Needle":0,"Eternal Feather":18,"Coffee Dripper":48,"Bag of Preparation":75,"Letter Opener":23,"Sling":75,"Burning Blood":0}],"Burning Blood":95},"card_choices":[{"not_picked":["Dropkick","Iron Wave"],"picked":"Metallicize","floor":1},{"not_picked":["Thunderclap","Warcry"],"picked":"Twin Strike","floor":2},{"not_picked":["Burning Pact","Searing Blow"],"picked":"Body Slam","floor":3},{"not_picked":["Dropkick","Clash"],"picked":"Iron Wave","floor":4},{"not_picked":["Armaments","Sword Boomerang"],"picked":"Inflame","floor":6},{"not_picked":["Rampage","Wild Strike","Sever Soul"],"picked":"SKIP","floor":10},{"not_picked":["Cleave","Headbutt"],"picked":"Hemokinesis","floor":11},{"not_picked":["Bloodletting","Armaments"],"picked":"Clothesline","floor":12},{"not_picked":["Power Through","Dropkick"],"picked":"Combust","floor":13},{"not_picked":["Armaments","Exhume"],"picked":"Entrench","floor":14},{"not_picked":["Corruption","Bludgeon"],"picked":"Offering","floor":16},{"not_picked":["Body Slam","Wild Strike"],"picked":"Carnage+1","floor":18},{"not_picked":["Flex","Pommel Strike"],"picked":"Metallicize","floor":20},{"not_picked":["Sentinel+1","Wild Strike","Dual Wield+1"],"picked":"SKIP","floor":22},{"not_picked":["Flex","Clash"],"picked":"Evolve","floor":24},{"not_picked":["Iron Wave","Carnage+1"],"picked":"Whirlwind","floor":28},{"not_picked":["Power Through","Sentinel"],"picked":"Iron Wave","floor":29},{"not_picked":["Rage+1","Wild Strike"],"picked":"Twin Strike+1","floor":30}],"player_experience":726296,"relics_obtained":[{"floor":6,"key":"Mummified Hand"},{"floor":9,"key":"Eternal Feather"},{"floor":10,"key":"Letter Opener"},{"floor":13,"key":"Gremlin Horn"},{"floor":24,"key":"Anchor"},{"floor":26,"key":"Oddly Smooth Stone"},{"floor":29,"key":"Lantern"}],"event_choices":[{"damage_healed":0,"gold_gain":0,"player_choice":"Entered Light","damage_taken":14,"max_hp_gain":0,"max_hp_loss":0,"event_name":"Shining Light","floor":5,"gold_loss":0,"cards_upgraded":["Defend_R","Bash"]},{"damage_healed":0,"gold_gain":175,"player_choice":"AGREE","damage_taken":0,"max_hp_gain":0,"max_hp_loss":0,"event_name":"Liars Game","floor":8,"gold_loss":0,"cards_obtained":["Doubt"]},{"damage_healed":0,"gold_gain":180,"player_choice":"GOLD GOLD ","damage_taken":19,"max_hp_gain":0,"max_hp_loss":0,"event_name":"Knowing Skull","floor":19,"potions_obtained":[],"gold_loss":0,"cards_obtained":[]}],"is_beta":false,"boss_relics":[{"not_picked":["Busted Crown","Astrolabe"],"picked":"Coffee Dripper"}],"items_purged_floors":[31],"is_endless":false,"potions_floor_spawned":[1,2,6,11,14,16,20,22,30],"ascension_level":6}}