{"host":"xtgfl0e7r8rfgbei","time":1609947525,"event":{"mods":["Arknights The Spire","BaseMod","Colored Map","Colored Powertips","Downfall","Infinite Spire","Marisa£®ÏF”Í°°ƒß¿Ì…≥£©","Minty Spire (QoL Compilation)","READ ME - Guardian Mod","Rare Cards Sparkle","Replay The Spire","StSLib","The Bug Knight","The Cursed","The Servant 0.9.4","≤–¡Ù÷ÆŒÔ"],"gold_per_floor":[119,119,119,129,146,176,191,191,218,218,218,218],"floor_reached":11,"playtime":1198,"items_purged":[],"score":73,"play_id":"d37efca3-3358-4ef2-b384-ada8c7eb3b62","local_time":"20210106233845","is_ascension_mode":false,"campfire_choices":[{"floor":8,"key":"REST"},{"data":"Manipulate","floor":10,"key":"SMITH"}],"circlet_count":0,"master_deck":["Strike_S","Strike_S","Strike_S","Defend_S","Defend_S","Defend_S","Defend_S","KidneyShot","Exchange","Contraction","Looming Evil","KillingDoll","Manipulate+1","Potential","Sabotage","ShatteredReality"],"relics":["Uniform","Mango","Ring of Searing","Ring of Peace","ReplayTheSpireMod:TigerMarble","infinitespire:Lucky Rock"],"acts_visited":["Exordium"],"potions_floor_usage":[11],"damage_taken":[{"damage":2,"enemies":"2 Louse","floor":1,"turns":3},{"damage":5,"enemies":"Small Slimes","floor":4,"turns":5},{"damage":4,"enemies":"infinitespire:Voidling","floor":5,"turns":5},{"damage":32,"enemies":"3 Sentries","floor":6,"turns":11},{"damage":0,"enemies":"Large Slime","floor":7,"turns":7},{"damage":46,"enemies":"Gremlin Nob","floor":11,"turns":5}],"seed_played":"-4813429466987863728","potions_obtained":[{"floor":6,"key":"SkillPotion"}],"is_trial":false,"path_per_floor":["M","?","?","M","M","E","M","R","T","R","E"],"character_chosen":"THE_SERVANT","items_purchased":[],"campfire_rested":1,"item_purchase_floors":[],"current_hp_per_floor":[59,59,59,54,54,22,22,45,45,45,0,0],"gold":218,"neow_bonus":"ONE_RARE_RELIC","is_daily":false,"chose_seed":false,"campfire_upgraded":1,"win_rate":0.0,"timestamp":1609947525,"path_taken":["M","?","?","M","M","E","M","R","T","R","E"],"items_purchased_type":[],"build_version":"2020-12-22","purchased_purges":0,"victory":false,"max_hp_per_floor":[79,79,79,79,79,79,79,79,79,79,79,79],"card_choices":[{"not_picked":["Rearm","Alleviate"],"picked":"Contraction","floor":1},{"not_picked":["Unruled","Sabotage"],"picked":"Manipulate","floor":4},{"not_picked":["Rewind","Unruled"],"picked":"Potential","floor":5},{"not_picked":["FastForward","KillingDoll"],"picked":"Sabotage","floor":6},{"not_picked":["FastForward","DualDimension"],"picked":"ShatteredReality","floor":7}],"player_experience":330136,"relics_obtained":[{"floor":2,"key":"Ring of Searing"},{"floor":2,"key":"Ring of Peace"},{"floor":6,"key":"ReplayTheSpireMod:TigerMarble"},{"floor":9,"key":"infinitespire:Lucky Rock"}],"event_choices":[{"damage_healed":0,"gold_gain":0,"cards_transformed":["Strike_S"],"player_choice":"Transformed","damage_taken":0,"max_hp_gain":0,"max_hp_loss":0,"event_name":"Transmorgrifier","floor":3,"gold_loss":0,"cards_obtained":["KillingDoll"]}],"is_beta":false,"boss_relics":[],"items_purged_floors":[],"is_endless":false,"potions_floor_spawned":[6],"killed_by":"Gremlin Nob","ascension_level":0}}