{"host":"vsdszi3rnxsdp24p","time":1609974986,"event":{"mods":["AchievementEnabler","BaseMod","Bestiary","Colored Map","Colored Powertips","Curses Come First","Custom Start","DeckTracker","Downfall","Filter the Spire","Hermit","Highlight Path","Ironclad Rager","Minty Spire (QoL Compilation)","Quick Restart","Relic Sorter","Relic Stats","StSLib","SuperFastMode","Synergy Search","The Cursed","The Mystic"],"gold_per_floor":[99,118,138,138,149,149,149,164,182,197,212,243,168,2,14,14,14,14],"floor_reached":16,"playtime":753,"items_purged":[],"score":105,"play_id":"82567a72-f5cf-4ae8-b989-2a1748cd417a","local_time":"20210107001626","is_ascension_mode":false,"campfire_choices":[{"data":"Slimebound:CorrosiveSpit","floor":1,"key":"SMITH"},{"floor":13,"key":"RECALL"}],"circlet_count":0,"master_deck":["Slimebound:Strike_Slimebound","Slimebound:Strike_Slimebound","Slimebound:Strike_Slimebound","Slimebound:Tackle","Slimebound:Defend_Slimebound+1","Slimebound:Defend_Slimebound","Slimebound:Defend_Slimebound","Slimebound:Defend_Slimebound","Slimebound:Split+1","Slimebound:CorrosiveSpit+1","Slimebound:LeadByExample+1","Slimebound:FirmFortitude","Slimebound:ItLooksTasty","Slimebound:LeechingTouch","Slimebound:Gluttony","Slimebound:ProtectTheBoss","Slimebound:GoopSpray","Slimebound:MinionMaster","Slimebound:OozeBath","Slimebound:BestDefense","Slimebound:GoopSpray","Slimebound:PressTheAttack","Slimebound:RainOfGoop"],"relics":["Slimebound:AbsorbEndCombat","Tiny Chest","Spirit Poop","Thread and Needle","Happy Flower","downfall:HeartBlessingGreen"],"acts_visited":["Exordium"],"potions_floor_usage":[14,16],"damage_taken":[{"damage":7,"enemies":"2 Louse","floor":2,"turns":2},{"damage":8,"enemies":"Cultist","floor":3,"turns":3},{"damage":10,"enemies":"Small Slimes","floor":5,"turns":3},{"damage":16,"enemies":"Red Slaver","floor":8,"turns":3},{"damage":21,"enemies":"Exordium Wildlife","floor":9,"turns":3},{"damage":8,"enemies":"Blue Slaver","floor":10,"turns":3},{"damage":14,"enemies":"3 Louse","floor":11,"turns":3},{"damage":22,"enemies":"Gremlin Nob","floor":12,"turns":4},{"damage":8,"enemies":"downfall:FleeingMerchant","floor":14,"turns":4},{"damage":15,"enemies":"Large Slime","floor":15,"turns":5},{"damage":61,"enemies":"downfall:Defect","floor":16,"turns":5}],"seed_played":"4311390418703927382","potions_obtained":[{"floor":2,"key":"Dexterity Potion"},{"floor":8,"key":"AttackPotion"},{"floor":9,"key":"champ:CounterPotion"}],"is_trial":false,"path_per_floor":["R","M","M","?","M","?","T","M","M","M","M","E","R","$","M","B"],"character_chosen":"SLIMEBOUND","items_purchased":["Slimebound:BestDefense","Slimebound:GoopSpray","Slimebound:PressTheAttack"],"campfire_rested":0,"item_purchase_floors":[14,14,14],"current_hp_per_floor":[60,59,58,58,58,58,58,54,43,45,45,39,39,47,50,0,0,0],"gold":14,"neow_bonus":"RANDOM_COMMON_RELIC","is_daily":false,"chose_seed":false,"campfire_upgraded":1,"win_rate":0.0,"timestamp":1609974986,"path_taken":["R","M","M","?","M","?","T","M","?","M","M","E","R","$","M","BOSS"],"items_purchased_type":["Card","Card","Card"],"build_version":"2020-12-22","purchased_purges":0,"victory":false,"max_hp_per_floor":[60,60,60,60,60,60,60,60,60,60,60,60,60,60,60,60,60,60],"relic_stats":{"Happy Flower":[4],"counters":[11,38],"Tiny Chest":0,"obtain_stats":[{"Happy Flower":12,"Spirit Poop":6,"Tiny Chest":0,"Thread and Needle":7,"downfall:HeartBlessingGreen":13,"Slimebound:AbsorbEndCombat":0},{"Happy Flower":8,"Spirit Poop":3,"Tiny Chest":0,"Thread and Needle":3,"downfall:HeartBlessingGreen":8,"Slimebound:AbsorbEndCombat":0},{"Happy Flower":24,"Spirit Poop":8,"Tiny Chest":0,"Thread and Needle":8,"downfall:HeartBlessingGreen":24,"Slimebound:AbsorbEndCombat":0}]},"card_choices":[{"not_picked":["Slimebound:SplitMire","Slimebound:ViciousTackle"],"picked":"Slimebound:LeadByExample","floor":2},{"not_picked":["Slimebound:LeechEnergy","Slimebound:Prepare"],"picked":"Slimebound:FirmFortitude","floor":3},{"not_picked":["Slimebound:Nibble","Slimebound:SplitAcid"],"picked":"Slimebound:ItLooksTasty","floor":5},{"not_picked":["Slimebound:SlimeBrawl","Slimebound:ItLooksTasty"],"picked":"Slimebound:LeechingTouch","floor":8},{"not_picked":["Slimebound:MegaLick","Slimebound:LeechEnergy"],"picked":"Slimebound:Gluttony","floor":9},{"not_picked":["Slimebound:FlameTackle","Slimebound:FormOfPuddle"],"picked":"Slimebound:ProtectTheBoss","floor":10},{"not_picked":["Slimebound:LeechEnergy","Slimebound:Chomp"],"picked":"Slimebound:GoopSpray","floor":11},{"not_picked":["Slimebound:SlimeTap","Slimebound:MegaLick"],"picked":"Slimebound:MinionMaster","floor":12},{"not_picked":["Slimebound:Gluttony","Slimebound:LeechEnergy"],"picked":"Slimebound:OozeBath","floor":14},{"not_picked":["Slimebound:SplitLeeching","Slimebound:GoopSpray"],"picked":"Slimebound:RainOfGoop","floor":15}],"player_experience":151664,"relics_obtained":[{"floor":7,"key":"Thread and Needle"},{"floor":12,"key":"Happy Flower"}],"event_choices":[{"cards_removed":["Regret"],"damage_healed":0,"gold_gain":0,"player_choice":"Offered Curse","damage_taken":0,"relics_obtained":["Spirit Poop"],"max_hp_gain":0,"max_hp_loss":0,"event_name":"Bonfire Elementals","floor":6,"gold_loss":0}],"is_beta":false,"boss_relics":[],"items_purged_floors":[],"is_endless":false,"potions_floor_spawned":[2,8,9,10],"killed_by":"downfall:Defect","ascension_level":0}}