{"host":"rjx4accq0ysw8w2o","time":1609949150,"event":{"mods":["AchievementEnabler","BaseMod","Block Reminder","Colored Map","Colored Powertips","DeckTracker","Highlight Path","Minty Spire (QoL Compilation)","Quick Restart","Rare Cards Sparkle"],"gold_per_floor":[119,139,139,156,156,156,187,187,187,40,40,40,52,81,81,181,181,199,0,0,99,99,99,110,129,129,148,148,164,26,26,26,122,122,136,153,153,153,153,153,153,153,153,153,166,185,185,199,199,199],"floor_reached":51,"playtime":4309,"items_purged":["Defend_B","Strike_B"],"score":791,"play_id":"8951c0b9-f6cc-4d06-ab40-39454a160942","local_time":"20210106170550","is_ascension_mode":true,"campfire_choices":[{"data":"Zap","floor":6.0,"key":"SMITH"},{"data":"Thunder Strike","floor":8.0,"key":"SMITH"},{"floor":12.0,"key":"REST"},{"data":"Dualcast","floor":15.0,"key":"SMITH"},{"data":"Electrodynamics","floor":23.0,"key":"SMITH"},{"floor":28.0,"key":"RECALL"},{"floor":32.0,"key":"REST"},{"data":"Glacier","floor":40,"key":"SMITH"},{"data":"Core Surge","floor":42,"key":"SMITH"},{"data":"Leap","floor":44,"key":"SMITH"},{"floor":47,"key":"REST"},{"floor":49,"key":"REST"}],"circlet_count":0,"master_deck":["Strike_B","Strike_B","Strike_B","Defend_B","Defend_B","Zap+1","Dualcast+1","Leap+1","Ball Lightning","Self Repair","Thunder Strike+1","Glacier+1","Electrodynamics+1","Reinforced Body","Core Surge+1","Auto Shields"],"relics":["Cracked Core","Strawberry","Letter Opener","Ginger","Busted Crown","MutagenicStrength","HornCleat","Sozu","Gambling Chip"],"acts_visited":["Exordium","TheCity","TheBeyond"],"potions_floor_usage":[33,50],"damage_taken":[{"damage":13.0,"enemies":"Small Slimes","floor":1.0,"turns":3.0},{"damage":2.0,"enemies":"Jaw Worm","floor":2.0,"turns":3.0},{"damage":0.0,"enemies":"2 Louse","floor":4.0,"turns":3.0},{"damage":24.0,"enemies":"Gremlin Nob","floor":7.0,"turns":4.0},{"damage":0.0,"enemies":"Blue Slaver","floor":13.0,"turns":3.0},{"damage":0.0,"enemies":"Lagavulin","floor":14.0,"turns":8.0},{"damage":60.0,"enemies":"Hexaghost","floor":16.0,"turns":14.0},{"damage":19.0,"enemies":"3 Byrds","floor":18.0,"turns":3.0},{"damage":0.0,"enemies":"Chosen","floor":24.0,"turns":4.0},{"damage":17.0,"enemies":"3 Cultists","floor":25.0,"turns":5.0},{"damage":19.0,"enemies":"Snake Plant","floor":27.0,"turns":3.0},{"damage":16.0,"enemies":"Centurion and Healer","floor":29.0,"turns":2.0},{"damage":23,"enemies":"Collector","floor":33,"turns":7},{"damage":27,"enemies":"3 Shapes","floor":35,"turns":3},{"damage":6,"enemies":"Orb Walker","floor":36,"turns":4},{"damage":24,"enemies":"Maw","floor":45,"turns":9},{"damage":39,"enemies":"Transient","floor":46,"turns":5},{"damage":0,"enemies":"4 Shapes","floor":48,"turns":3},{"damage":62,"enemies":"Awakened One","floor":50,"turns":18}],"seed_played":"5941233322989514861","potions_obtained":[{"floor":2.0,"key":"Dexterity Potion"},{"floor":7.0,"key":"Explosive Potion"},{"floor":25.0,"key":"BlessingOfTheForge"},{"floor":27.0,"key":"ColorlessPotion"}],"is_trial":false,"path_per_floor":["M","M","?","M","T","R","E","R","T","$","$","R","M","E","R","B",null,"M","?","?","?","$","R","M","M","T","M","R","M","$","?","R","B",null,"M","M","?","?","?","R","?","R","T","R","M","M","R","M","R","B",null],"character_chosen":"DEFECT","items_purchased":["Glacier","Reinforced Body"],"campfire_rested":4,"item_purchase_floors":[10,30],"current_hp_per_floor":[62,60,65,65,72,72,55,55,55,55,55,81,81,87,87,34,87,75,75,75,75,75,75,82,72,72,60,60,51,51,34,61,45,92,72,73,73,73,73,73,73,73,73,73,56,24,50,57,83,28],"gold":199,"neow_bonus":"THREE_CARDS","is_daily":false,"chose_seed":false,"campfire_upgraded":7,"win_rate":0.0,"timestamp":1609949150,"path_taken":["M","M","?","M","?","R","E","R","T","?","$","R","M","E","R","BOSS","M","?","?","?","$","R","M","M","T","M","R","?","$","?","R","BOSS","M","M","?","?","?","R","?","R","T","R","?","M","R","M","R","BOSS"],"items_purchased_type":["Card","Card"],"build_version":"2020-12-22","purchased_purges":2,"victory":true,"max_hp_per_floor":[75,75,80,80,87,87,87,87,87,87,87,87,87,87,87,87,87,87,87,87,87,87,87,87,87,87,87,87,87,87,92,92,92,92,92,92,87,87,87,87,87,87,87,87,87,87,87,87,87,87],"card_choices":[{"not_picked":["Ball Lightning","Steam"],"picked":"Leap","floor":0.0},{"not_picked":["Sweeping Beam","Steam"],"picked":"Ball Lightning","floor":1.0},{"not_picked":["Steam","Recycle","Compile Driver"],"picked":"SKIP","floor":2.0},{"not_picked":["Hologram","Gash"],"picked":"Self Repair","floor":4.0},{"not_picked":["Steam","Redo"],"picked":"Thunder Strike","floor":7.0},{"not_picked":["Beam Cell","Hologram","Melter"],"picked":"SKIP","floor":13.0},{"not_picked":["Consume","Cold Snap","Recycle"],"picked":"SKIP","floor":14.0},{"not_picked":["Hyperbeam","Buffer"],"picked":"Electrodynamics","floor":16.0},{"not_picked":["BootSequence"],"picked":"SKIP","floor":18.0},{"not_picked":["Reprogram"],"picked":"SKIP","floor":24.0},{"not_picked":["Cold Snap"],"picked":"SKIP","floor":25.0},{"not_picked":["Stack"],"picked":"SKIP","floor":27.0},{"not_picked":["Turbo"],"picked":"SKIP","floor":29.0},{"not_picked":[],"picked":"Core Surge","floor":33},{"not_picked":[],"picked":"Auto Shields","floor":35},{"not_picked":["Compile Driver+1"],"picked":"SKIP","floor":36},{"not_picked":["Chaos"],"picked":"SKIP","floor":45},{"not_picked":["Conserve Battery"],"picked":"SKIP","floor":46},{"not_picked":["Stack"],"picked":"SKIP","floor":48}],"player_experience":116789,"relics_obtained":[{"floor":5.0,"key":"Strawberry"},{"floor":7.0,"key":"Letter Opener"},{"floor":14.0,"key":"Ginger"},{"floor":26.0,"key":"HornCleat"},{"floor":43,"key":"Gambling Chip"}],"event_choices":[{"damage_healed":0.0,"max_hp_gain":5.0,"max_hp_loss":0.0,"gold_gain":0.0,"event_name":"Big Fish","player_choice":"Donut","floor":3.0,"gold_loss":0.0,"damage_taken":0.0},{"damage_healed":0.0,"max_hp_gain":0.0,"max_hp_loss":0.0,"gold_gain":0.0,"event_name":"Masked Bandits","player_choice":"Paid Fearfully","floor":19.0,"gold_loss":199.0,"damage_taken":0.0},{"damage_healed":0.0,"max_hp_gain":0.0,"max_hp_loss":0.0,"gold_gain":0.0,"event_name":"Drug Dealer","player_choice":"Inject Mutagens","floor":20.0,"gold_loss":0.0,"damage_taken":0.0,"relics_obtained":["MutagenicStrength"]},{"damage_healed":0.0,"max_hp_gain":0.0,"max_hp_loss":0.0,"gold_gain":99.0,"event_name":"Nest","player_choice":"Stole From Cult","floor":21.0,"gold_loss":0.0,"damage_taken":0.0},{"damage_healed":0.0,"max_hp_gain":5.0,"max_hp_loss":0.0,"gold_gain":0.0,"event_name":"Forgotten Altar","player_choice":"Shed Blood","floor":31.0,"gold_loss":0.0,"damage_taken":22.0},{"damage_healed":0,"gold_gain":0,"player_choice":"Max HP","damage_taken":0,"max_hp_gain":0,"max_hp_loss":5,"event_name":"Winding Halls","floor":37,"gold_loss":0},{"damage_healed":0,"gold_gain":0,"player_choice":"Memory 1","damage_taken":0,"max_hp_gain":0,"max_hp_loss":0,"event_name":"SensoryStone","floor":38,"gold_loss":0},{"damage_healed":0,"gold_gain":0,"player_choice":"Ignored","damage_taken":0,"max_hp_gain":0,"max_hp_loss":0,"event_name":"Mysterious Sphere","floor":39,"gold_loss":0},{"cards_removed":["Defend_B"],"damage_healed":0,"gold_gain":0,"player_choice":"Offered Basic","damage_taken":0,"max_hp_gain":0,"max_hp_loss":0,"event_name":"Bonfire Elementals","floor":41,"gold_loss":0}],"is_beta":false,"boss_relics":[{"not_picked":["Runic Pyramid","Cursed Key"],"picked":"Busted Crown"},{"not_picked":["Black Star","SacredBark"],"picked":"Sozu"}],"items_purged_floors":[10,30],"is_endless":false,"potions_floor_spawned":[2,7,25,27,36,46],"ascension_level":2}}