{"host":"005oipbkxhicanek","time":1609901295,"event":{"mods":["AchievementEnabler","BaseMod","Colored Map","Colored Powertips","Minty Spire (QoL Compilation)"],"gold_per_floor":[111,111,123,48,48,383,397,397,423,435,448,448,316,333,333,430,430,430,430],"floor_reached":18,"playtime":555,"items_purged":["Regret","Strike_R"],"score":206,"play_id":"63322477-557c-44f6-a268-a309434057de","local_time":"20210106034815","is_ascension_mode":true,"campfire_choices":[{"data":"Pommel Strike","floor":8,"key":"SMITH"},{"data":"Dropkick","floor":12,"key":"SMITH"},{"data":"Shrug It Off","floor":15,"key":"SMITH"}],"circlet_count":0,"master_deck":["Strike_R","Strike_R","Strike_R","Strike_R","Defend_R","Bash+1","Pommel Strike+1","Dropkick+1","Shrug It Off+1","Finesse","Pommel Strike","Clothesline+1","Hemokinesis+1","Fire Breathing+1"],"relics":["Burning Blood","NeowsBlessing","Blood Vial","Old Coin","Smiling Mask","Astrolabe"],"acts_visited":["Exordium","TheCity"],"potions_floor_usage":[],"damage_taken":[{"damage":0,"enemies":"Cultist","floor":1,"turns":1},{"damage":0,"enemies":"2 Louse","floor":3,"turns":1},{"damage":0,"enemies":"Gremlin Nob","floor":6,"turns":1},{"damage":7,"enemies":"Jaw Worm","floor":7,"turns":2},{"damage":15,"enemies":"Large Slime","floor":10,"turns":7},{"damage":2,"enemies":"Exordium Wildlife","floor":11,"turns":5},{"damage":1,"enemies":"Looter","floor":14,"turns":2},{"damage":49,"enemies":"Slime Boss","floor":16,"turns":12},{"damage":0,"enemies":"Chosen","floor":18,"turns":1}],"seed_played":"5677579140712501012","potions_obtained":[{"floor":3,"key":"LiquidMemories"},{"floor":6,"key":"CultistPotion"},{"floor":7,"key":"Block Potion"},{"floor":16,"key":"Swift Potion"}],"is_trial":false,"path_per_floor":["M","?","M","$","?","E","M","R","T","M","M","R","$","M","R","B",null,"M"],"character_chosen":"IRONCLAD","items_purchased":["Finesse"],"campfire_rested":0,"item_purchase_floors":[13],"current_hp_per_floor":[80,80,80,80,80,80,79,79,79,71,77,77,77,80,80,37,80,80,80],"gold":430,"neow_bonus":"THREE_ENEMY_KILL","is_daily":false,"chose_seed":false,"campfire_upgraded":3,"win_rate":0.0,"timestamp":1609901295,"path_taken":["M","?","M","$","?","E","M","R","T","?","M","R","?","M","R","BOSS","M"],"items_purchased_type":["Card"],"build_version":"2020-12-22","purchased_purges":2,"victory":false,"max_hp_per_floor":[80,80,80,80,80,80,80,80,80,80,80,80,80,80,80,80,80,80,80],"card_choices":[{"not_picked":["Flex","Whirlwind"],"picked":"Pommel Strike","floor":1},{"not_picked":["True Grit","Twin Strike","Fire Breathing"],"picked":"SKIP","floor":3},{"not_picked":["Burning Pact","Whirlwind"],"picked":"Dropkick","floor":6},{"not_picked":["Searing Blow","Uppercut","Bloodletting"],"picked":"SKIP","floor":7},{"not_picked":["Anger","Bludgeon"],"picked":"Shrug It Off","floor":10},{"not_picked":["Sword Boomerang","Combust","Rupture"],"picked":"SKIP","floor":11},{"not_picked":["Cleave","Wild Strike"],"picked":"Pommel Strike","floor":14}],"player_experience":123345,"relics_obtained":[{"floor":6,"key":"Old Coin"},{"floor":9,"key":"Smiling Mask"}],"event_choices":[{"damage_healed":0,"gold_gain":0,"player_choice":"Box","damage_taken":0,"relics_obtained":["Blood Vial"],"max_hp_gain":0,"max_hp_loss":0,"event_name":"Big Fish","floor":2,"gold_loss":0,"cards_obtained":["Regret"]},{"damage_healed":0,"gold_gain":0,"player_choice":"Upgraded","damage_taken":0,"max_hp_gain":0,"max_hp_loss":0,"event_name":"Upgrade Shrine","floor":5,"gold_loss":0,"cards_upgraded":["Bash"]}],"is_beta":false,"boss_relics":[{"not_picked":["Tiny House","Pandora\u0027s Box"],"picked":"Astrolabe"}],"items_purged_floors":[4,13],"is_endless":false,"potions_floor_spawned":[3,6,7,16],"killed_by":"Chosen","ascension_level":2}}