{"host":"sav7uxregyirlf69","time":1609941529,"event":{"mods":["AchievementEnabler","BaseMod","Colored Map","DeckTracker","Keyboard Shortcuts","Minty Spire (QoL Compilation)","READ ME - Guardian Mod","StSLib","SuperFastMode"],"gold_per_floor":[111,111,131,151,171,171,206,206,206,217,217,227,187,18,18,93,93,109,109,59,72,72,72],"floor_reached":22,"playtime":388,"items_purged":[],"score":372,"play_id":"5a6b9628-73f1-4e6a-8807-1df1b89c60f6","local_time":"20210106225849","is_ascension_mode":true,"campfire_choices":[{"data":"Buffer","floor":6,"key":"SMITH"},{"floor":8,"key":"REST"},{"floor":11,"key":"REST"},{"data":"Capacitor","floor":15,"key":"SMITH"}],"circlet_count":0,"master_deck":["AscendersBane","Strike_B","Strike_B","Strike_B","Strike_B","Defend_B","Defend_B","Defend_B","Defend_B","Zap+1","Dualcast","Buffer+1","Conserve Battery","Rebound","Ball Lightning","Capacitor+1","Chill","Self Repair","Recycle","Go for the Eyes"],"relics":["Cracked Core","Tiny Chest","Bag of Preparation","Lee\u0027s Waffle","Cursed Key"],"acts_visited":["Exordium","TheCity"],"potions_floor_usage":[16],"damage_taken":[{"damage":9,"enemies":"Jaw Worm","floor":1,"turns":4},{"damage":0,"enemies":"Cultist","floor":3,"turns":4},{"damage":0,"enemies":"2 Louse","floor":4,"turns":3},{"damage":20,"enemies":"Exordium Thugs","floor":5,"turns":5},{"damage":28,"enemies":"3 Sentries","floor":7,"turns":6},{"damage":13,"enemies":"2 Fungi Beasts","floor":10,"turns":3},{"damage":8,"enemies":"Gremlin Gang","floor":12,"turns":6},{"damage":4,"enemies":"Slime Boss","floor":16,"turns":8},{"damage":15,"enemies":"Chosen","floor":18,"turns":5},{"damage":56,"enemies":"Shell Parasite","floor":21,"turns":7},{"damage":18,"enemies":"Centurion and Healer","floor":22,"turns":6}],"seed_played":"1030092848896618856","potions_obtained":[{"floor":5,"key":"GamblersBrew"},{"floor":10,"key":"Fire Potion"},{"floor":13,"key":"FocusPotion"},{"floor":21,"key":"DistilledChaos"}],"is_trial":false,"path_per_floor":["M","?","M","M","M","R","E","R","T","M","R","M","?","$","R","B",null,"M","?","?","M","M"],"character_chosen":"DEFECT","items_purchased":["Lee\u0027s Waffle"],"campfire_rested":2,"item_purchase_floors":[14],"current_hp_per_floor":[55,55,55,55,35,35,7,26,26,13,32,24,24,71,71,71,71,63,63,63,14,0,0],"gold":72,"neow_bonus":"THREE_RARE_CARDS","is_daily":false,"chose_seed":false,"campfire_upgraded":2,"win_rate":0.0,"timestamp":1609941529,"path_taken":["M","?","?","M","M","R","E","R","T","M","R","M","?","$","R","BOSS","M","?","?","M","M"],"items_purchased_type":["Relic"],"build_version":"2020-12-22","purchased_purges":0,"victory":false,"max_hp_per_floor":[64,64,64,64,64,64,64,64,64,64,64,64,64,71,71,71,71,71,71,71,71,71,71],"card_choices":[{"not_picked":["Fission","Amplify"],"picked":"Buffer","floor":0},{"not_picked":["Coolheaded","Beam Cell"],"picked":"Conserve Battery","floor":1},{"not_picked":["Turbo","Tempest"],"picked":"Rebound","floor":3},{"not_picked":["Rebound","Heatsinks","Barrage"],"picked":"SKIP","floor":4},{"not_picked":["Blizzard","Coolheaded"],"picked":"Ball Lightning","floor":5},{"not_picked":["Sweeping Beam","Leap"],"picked":"Capacitor","floor":7},{"not_picked":["Buffer","Conserve Battery"],"picked":"Chill","floor":10},{"not_picked":["Genetic Algorithm","Hologram"],"picked":"Self Repair","floor":12},{"not_picked":["Steam Power","Rebound"],"picked":"Recycle","floor":18},{"not_picked":["Steam","Undo"],"picked":"Go for the Eyes","floor":21}],"player_experience":1161380,"relics_obtained":[{"floor":7,"key":"Tiny Chest"},{"floor":9,"key":"Bag of Preparation"}],"event_choices":[{"damage_healed":0,"gold_gain":0,"player_choice":"Upgraded","damage_taken":0,"max_hp_gain":0,"max_hp_loss":0,"event_name":"Upgrade Shrine","floor":2,"gold_loss":0,"cards_upgraded":["Zap"]},{"damage_healed":0,"gold_gain":0,"player_choice":"Bought 3 Potions","damage_taken":0,"max_hp_gain":0,"max_hp_loss":0,"event_name":"The Woman in Blue","floor":13,"gold_loss":0},{"damage_healed":0,"gold_gain":0,"player_choice":"Ignored","damage_taken":0,"max_hp_gain":0,"max_hp_loss":0,"event_name":"Cursed Tome","floor":19,"gold_loss":0},{"damage_healed":0,"gold_gain":0,"player_choice":"Bet on Owner","damage_taken":0,"max_hp_gain":0,"max_hp_loss":0,"event_name":"The Joust","floor":20,"gold_loss":50}],"is_beta":false,"boss_relics":[{"not_picked":["Inserter","SlaversCollar"],"picked":"Cursed Key"}],"items_purged_floors":[],"is_endless":false,"potions_floor_spawned":[5,10,21],"killed_by":"Centurion and Healer","ascension_level":20}}