{"host":"g01l53quoe6lrer0","time":1609957591,"event":{"mods":["2.2 Compatiblity","AchievementEnabler","BaseMod","Colored Map","Highlight Path","Keyboard Shortcuts","Minty Spire (QoL Compilation)","Permanent Neow","StSLib","SuperFastMode","everything is the same but u backflip on backflip"],"gold_per_floor":[114,114,132,23,34,60,60,89,140,140,174,186,198,228,240,353,365,392,679,510,526,526,552,552,582,582,582,379,404,404,417,417,513,513,523,523,294,371,5,5,16,16,65,80,80,96,112,132,132,132],"floor_reached":51,"playtime":1641,"items_purged":["Strike_B","Regret","Defend_B","Hyperbeam+1"],"score":1084,"play_id":"a8f61fe7-0b47-488f-a000-3c17692f7df6","local_time":"20210107032631","is_ascension_mode":true,"campfire_choices":[{"data":"Sunder","floor":7.0,"key":"SMITH"},{"data":"Zap","floor":10.0,"key":"SMITH"},{"floor":15.0,"key":"REST"},{"data":"Defragment","floor":24.0,"key":"SMITH"},{"floor":27.0,"key":"REST"},{"data":"Capacitor","floor":32.0,"key":"SMITH"},{"data":"Defragment","floor":40,"key":"SMITH"},{"floor":45,"key":"REST"},{"floor":49,"key":"REST"}],"circlet_count":0,"master_deck":["Defend_B+1","Defend_B","Zap+1","Dualcast+1","Genetic Algorithm+1","Storm","Sunder+1","Turbo","Leap","Cold Snap","Reboot","Chaos+1","Capacitor+1","Defragment+1","Double Energy+1","Hologram+1","Defragment+1","Rebound","Hologram+1","Rainbow","Defragment+1","Cold Snap+1","Gash+1","Aggregate","Coolheaded+1","Static Discharge","Chill","Ball Lightning","Ball Lightning","Redo+1","Barrage+1"],"relics":["Cracked Core","PreservedInsect","Pantograph","Tiny Chest","Bronze Scales","MawBank","Astrolabe","Bottled Flame","Centennial Puzzle","Ancient Tea Set","Regal Pillow","Blood Vial","SlaversCollar","Eternal Feather","Orrery","Strawberry","Dream Catcher"],"acts_visited":["Exordium","TheCity","TheBeyond"],"potions_floor_usage":[47,48,50,50],"damage_taken":[{"damage":0.0,"enemies":"2 Louse","floor":1.0,"turns":1.0},{"damage":0.0,"enemies":"Small Slimes","floor":3.0,"turns":3.0},{"damage":0.0,"enemies":"Cultist","floor":5.0,"turns":4.0},{"damage":0.0,"enemies":"3 Sentries","floor":6.0,"turns":6.0},{"damage":20.0,"enemies":"Lagavulin","floor":8.0,"turns":4.0},{"damage":1.0,"enemies":"Gremlin Nob","floor":11.0,"turns":3.0},{"damage":0.0,"enemies":"Large Slime","floor":14.0,"turns":2.0},{"damage":19.0,"enemies":"The Guardian","floor":16.0,"turns":14.0},{"damage":3.0,"enemies":"Shell Parasite","floor":18.0,"turns":3.0},{"damage":5.0,"enemies":"3 Byrds","floor":21.0,"turns":2.0},{"damage":15.0,"enemies":"Slavers","floor":23.0,"turns":2.0},{"damage":21.0,"enemies":"Book of Stabbing","floor":25.0,"turns":4.0},{"damage":0.0,"enemies":"Slavers","floor":29.0,"turns":2.0},{"damage":8.0,"enemies":"Centurion and Healer","floor":31.0,"turns":5.0},{"damage":1.0,"enemies":"Champ","floor":33.0,"turns":9.0},{"damage":10.0,"enemies":"3 Shapes","floor":35.0,"turns":6.0},{"damage":25,"enemies":"3 Darklings","floor":41,"turns":4},{"damage":7,"enemies":"Sphere and 2 Shapes","floor":44,"turns":3},{"damage":5,"enemies":"4 Shapes","floor":46,"turns":8},{"damage":27,"enemies":"Writhing Mass","floor":47,"turns":4},{"damage":0,"enemies":"Transient","floor":48,"turns":5},{"damage":36,"enemies":"Time Eater","floor":50,"turns":11}],"seed_played":"-2090856461760628206","potions_obtained":[{"floor":1.0,"key":"EssenceOfSteel"},{"floor":3.0,"key":"Ancient Potion"},{"floor":6.0,"key":"GamblersBrew"},{"floor":8.0,"key":"DuplicationPotion"},{"floor":16.0,"key":"PotionOfCapacity"},{"floor":23.0,"key":"FocusPotion"},{"floor":31.0,"key":"GamblersBrew"},{"floor":33.0,"key":"AttackPotion"},{"floor":47,"key":"DistilledChaos"}],"is_trial":false,"path_per_floor":["M","?","M","$","M","E","R","E","T","R","E","?","?","M","R","B",null,"M","?","$","M","T","E","R","E","T","R","$","E","?","M","R","B",null,"M","?","$","T","$","R","M","?","T","M","R","M","M","M","R","B",null],"character_chosen":"DEFECT","items_purchased":["Storm","Capacitor","Defragment","Defragment","Orrery","Strawberry","Aggregate"],"campfire_rested":4,"item_purchase_floors":[4,20,28,37,39,39,39],"current_hp_per_floor":[68,61,61,61,61,61,61,41,41,41,40,25,25,25,47,53,70,67,67,67,62,62,47,47,26,26,63,63,63,63,57,57,74,75,65,65,65,65,72,82,57,82,82,75,82,77,52,54,82,46],"gold":132,"neow_bonus":"RANDOM_COMMON_RELIC","is_daily":false,"chose_seed":false,"campfire_upgraded":5,"win_rate":0.0,"timestamp":1609957591,"path_taken":["M","?","M","$","M","E","R","E","T","R","E","?","?","M","R","BOSS","M","?","$","M","?","E","R","E","T","R","$","E","?","?","R","BOSS","M","?","$","?","$","R","M","?","T","M","R","?","M","M","R","BOSS"],"items_purchased_type":["Card","Card","Card","Card","Relic","Relic","Card"],"build_version":"2020-12-22","purchased_purges":4,"victory":true,"max_hp_per_floor":[75,75,75,75,75,75,75,75,75,75,75,75,75,75,75,75,75,75,75,75,75,75,75,75,75,75,75,75,75,75,75,75,75,75,75,75,75,75,82,82,82,82,82,82,82,82,82,82,82,82],"card_choices":[{"not_picked":["Tempest","Steam"],"picked":"Genetic Algorithm","floor":1.0},{"not_picked":["Lockon","Compile Driver","Stack"],"picked":"SKIP","floor":3.0},{"not_picked":["Force Field","Turbo"],"picked":"Sunder","floor":5.0},{"not_picked":["Steam","Sunder"],"picked":"Turbo","floor":6.0},{"not_picked":["Go for the Eyes","BootSequence"],"picked":"Leap","floor":8.0},{"not_picked":["Turbo","Reprogram","Redo"],"picked":"SKIP","floor":11.0},{"not_picked":["Auto Shields","Aggregate"],"picked":"Cold Snap","floor":14.0},{"not_picked":["Rainbow","Hyperbeam"],"picked":"Reboot","floor":16.0},{"not_picked":["FTL+1","Barrage","Fusion"],"picked":"SKIP","floor":18.0},{"not_picked":["Beam Cell","Hologram"],"picked":"Defragment","floor":21.0},{"not_picked":["Steam Power","Lockon+1"],"picked":"Double Energy+1","floor":23.0},{"not_picked":["Aggregate","Capacitor"],"picked":"Hologram+1","floor":25.0},{"not_picked":["Reprogram+1","Coolheaded"],"picked":"Rebound","floor":29.0},{"not_picked":["Genetic Algorithm","Streamline"],"picked":"Hologram+1","floor":31.0},{"not_picked":["Thunder Strike","Meteor Strike"],"picked":"Rainbow","floor":33.0},{"not_picked":["Sunder+1","Auto Shields","Hello World+1"],"picked":"SKIP","floor":35.0},{"not_picked":["Chill+1","Barrage"],"picked":"Cold Snap+1","floor":39},{"not_picked":["Steam","Amplify"],"picked":"Gash+1","floor":39},{"not_picked":["Sweeping Beam+1","Ball Lightning+1"],"picked":"Coolheaded+1","floor":41},{"not_picked":["Leap","Gash"],"picked":"Static Discharge","floor":44},{"not_picked":["Undo","Rip and Tear+1"],"picked":"Chill","floor":45},{"not_picked":["All For One","Streamline"],"picked":"Ball Lightning","floor":46},{"not_picked":["Melter","Beam Cell"],"picked":"Ball Lightning","floor":47},{"not_picked":["Compile Driver","Go for the Eyes"],"picked":"Redo+1","floor":48},{"not_picked":["Ball Lightning","Leap+1"],"picked":"Barrage+1","floor":49}],"player_experience":37595,"relics_obtained":[{"floor":6.0,"key":"Pantograph"},{"floor":8.0,"key":"Tiny Chest"},{"floor":9.0,"key":"Bronze Scales"},{"floor":11.0,"key":"MawBank"},{"floor":22.0,"key":"Bottled Flame"},{"floor":23.0,"key":"Centennial Puzzle"},{"floor":25.0,"key":"Ancient Tea Set"},{"floor":26.0,"key":"Regal Pillow"},{"floor":29.0,"key":"Blood Vial"},{"floor":38,"key":"Eternal Feather"},{"floor":43,"key":"Dream Catcher"}],"event_choices":[{"cards_removed":["Strike_B"],"damage_healed":0.0,"max_hp_gain":0.0,"max_hp_loss":0.0,"gold_gain":0.0,"event_name":"Golden Wing","player_choice":"Card Removal","floor":2.0,"gold_loss":0.0,"damage_taken":7.0},{"damage_healed":0.0,"max_hp_gain":0.0,"max_hp_loss":0.0,"gold_gain":0.0,"event_name":"Shining Light","player_choice":"Entered Light","floor":12.0,"gold_loss":0.0,"damage_taken":15.0,"cards_upgraded":["Defend_B","Genetic Algorithm"]},{"damage_healed":0.0,"max_hp_gain":0.0,"max_hp_loss":0.0,"gold_gain":0.0,"event_name":"Living Wall","player_choice":"Grow","floor":13.0,"gold_loss":0.0,"damage_taken":0.0,"cards_upgraded":["Dualcast"]},{"damage_healed":0.0,"max_hp_gain":0.0,"max_hp_loss":0.0,"gold_gain":275.0,"event_name":"Golden Shrine","player_choice":"Desecrate","floor":19.0,"gold_loss":0.0,"damage_taken":0.0,"cards_obtained":["Regret"]},{"damage_healed":0.0,"max_hp_gain":0.0,"max_hp_loss":0.0,"gold_gain":0.0,"event_name":"Accursed Blacksmith","player_choice":"Forge","floor":30.0,"gold_loss":0.0,"damage_taken":0.0,"cards_upgraded":["Defragment"]},{"damage_healed":0,"gold_gain":0,"player_choice":"Ignored","damage_taken":0,"max_hp_gain":0,"max_hp_loss":0,"event_name":"Mysterious Sphere","floor":36,"gold_loss":0},{"cards_removed":["Fusion"],"damage_healed":25,"gold_gain":0,"player_choice":"Offered Uncommon","damage_taken":0,"max_hp_gain":0,"max_hp_loss":0,"event_name":"Bonfire Elementals","floor":42,"gold_loss":0}],"is_beta":false,"boss_relics":[{"not_picked":["Tiny House","SacredBark"],"picked":"Astrolabe"},{"not_picked":["Pandora\u0027s Box","Busted Crown"],"picked":"SlaversCollar"}],"items_purged_floors":[4,20,28,37],"is_endless":false,"potions_floor_spawned":[1,3,6,8,11,16,23,31,33,35,46,47],"ascension_level":8}}