{"host":"qkbnayyek6fga752","time":1609934786,"event":{"mods":["100% Spire Juice","2.2 Compatiblity","Arknights The Spire","Aspiration","Astrologer","BaseMod","Beaked The Cultist","Better Altar","Better Match","Better Note","Better Sensory Stone","Better Skull","Better Third Choice","CCEM","CapriCore","ChefMod","Clockwork Mod","Conspire","Ekko","Energized Spire","Evolution","Glutton Mod","Hermit","Hubris","Humility","Jedi Mod","Koishi","Mad Scientist","Marisa????????","Minty Spire (QoL Compilation)","Quarter Circle Forward PUNCH!","Random Character Mod","Replay The Spire","Robot Space Explorer","SIMod","Spicy Shops","StSLib","The Administrix","The Alterego","The Animator","The Blackbeard","The Blue Laboratory","The Bug Knight","The Construct","The Cursed","The Death Knight","The Disciple","The Druid","The Exalted","The Forsaken","The Gatherer","The Hayseed","The Hierophant","The Immortal","The Juggle","The Marked","The Necromancer","The Problem Sleuth","The Runesmith","The Sage","The Senshi","The Vixen","TheArtist","TheLocksmith","TheSwordswoman","TheVacant","TheVelvet","Trackpad","Yuri Mod","thorton","vexMod"],"gold_per_floor":[118,118,118,17,17,45,80,80,134,134,161,176,208,236,236,336,336,324,249,161,161,171,206,206,241,267,479,512,546,578,604,604,704,704,720,720,769,769,794,842,884,929,947,1000,1048,1093,1140,1172,1195,1218],"floor_reached":51,"playtime":6422,"items_purged":[],"score":1426,"play_id":"748df58e-e4bb-4e92-b8c3-aeab68cc10f4","local_time":"20210106070626","daily_mods":["SealedDeck","Heirloom","Flight","DeadlyEvents","Elite Swarm"],"is_ascension_mode":false,"campfire_choices":[{"data":"FriendshipIsMagic","floor":8,"key":"SMITH"},{"data":"Perfectionism","floor":10,"key":"SMITH"},{"data":"MessyAndOrderly","floor":15,"key":"SMITH"},{"data":"Tornado","floor":24,"key":"SMITH"},{"data":"FriendshipIsMagic","floor":32,"key":"SMITH"},{"data":"Harmanyblast","floor":49,"key":"SMITH"}],"circlet_count":0,"master_deck":["FriendOfNature","FriendOfNature","RashStunts","SwiftKick","Laughter+1","RashStunts+1","AllByMyself","DynamicVision","AppleFeast","Perfectionism+1","AppleFeast","Whining","Dear_Princess","Anxiousness","FriendshipIsMagic+1","CowboySkills","Stare","SwiftKick","Winterwrapup+1","CowboySkills","Stare","LadiesDemeanor","MessyAndOrderly+1","Louder","Batlization","BatchProduction","Tornado+1","TakeTheLead","LadiesDemeanor","FriendshipIsMagic","Flash of Steel","Finesse","FriendshipIsMagic+1","HarmonyForm+1","ISayNo","RushToSky+1","Magictrain","SwiftKick","Yay+1","TakeTheLead","MirrorLake","Panacea","HarmonyForm+1","MirrorLake","MirrorLake","HarmonyForm+1","TakeTheLead","Harmanyblast+1"],"relics":["The_element_of_harmony","EVO:Axolotl","aspiration:HatOfInfinitePower","hubris:Towel","Singing Bowl","Replay:Mystery Machine","CaptainsWheel","PreservedInsect","Shuriken","qcfpunch:White_Boots","Calipers","Replay:Grab Bag","hubris:VirtuousBlindfold","Painkiller Herb","Black Star","vexMod:RedPlottingStone","qcfpunch:Unceasing_Flame","CCEMRelics:JestersCrown","Tiny Chest","qcfpunch:Red_Beret","MealTicket","Lantern","hubris:GlazedTorus","trackpad:AdjectivePendant","Oddly Smooth Stone","theForsaken:Gavel","Iron Hammer","trackpad:IceCube","Thread and Needle","vexMod:MysteryBossChallenge","aspiration:PoetsPen","hubris:Icosahedron","Happy Flower","thethorton:BankDeed","qcfpunch:Duffel_Bag","CCEMRelics:TinyMinotavrHorn","hubris:MedicalManual","Centennial Puzzle","Boot","Akabeko","Replay:Bottled Steam","jedi:arcanewood","Runesmith:AutoHammer","Bromod:ArcaneAwakening","aspiration:EmptySkull","construct:BoolHorns","jedi:purplefairy","conspire:Boomerang","War Paint","Replay:Bottled Eggs","ReplayFunnel"],"acts_visited":["Exordium","TheCity","TheBeyond"],"potions_floor_usage":[11,11,18,23,42,50,50],"damage_taken":[{"damage":16,"enemies":"Jaw Worm","floor":1,"turns":10},{"damage":0,"enemies":"HollowMod:MossKnight","floor":6,"turns":8},{"damage":0,"enemies":"Lagavulin","floor":7,"turns":10},{"damage":10,"enemies":"Gremlin Nob","floor":11,"turns":4},{"damage":3,"enemies":"2 Louse","floor":12,"turns":3},{"damage":0,"enemies":"HollowMod:MossKnight","floor":13,"turns":5},{"damage":0,"enemies":"Replay:BlueRogue","floor":14,"turns":5},{"damage":4,"enemies":"Fading Forest","floor":16,"turns":11},{"damage":29,"enemies":"2 Thieves","floor":18,"turns":3},{"damage":0,"enemies":"conspire:FuzzyDice","floor":22,"turns":5},{"damage":56,"enemies":"Gremlin Leader","floor":23,"turns":5},{"damage":28,"enemies":"Slavers","floor":25,"turns":5},{"damage":0,"enemies":"conspire:HollyBat","floor":27,"turns":7},{"damage":12,"enemies":"Book of Stabbing","floor":28,"turns":4},{"damage":0,"enemies":"conspire:SneckoGhost","floor":29,"turns":5},{"damage":23,"enemies":"Book of Stabbing","floor":30,"turns":5},{"damage":5,"enemies":"Slavers","floor":31,"turns":2},{"damage":4,"enemies":"Collector","floor":33,"turns":6},{"damage":0,"enemies":"Orb Walker","floor":35,"turns":2},{"damage":11,"enemies":"conspire:MimicChest","floor":37,"turns":5},{"damage":0,"enemies":"3 Shapes","floor":39,"turns":3},{"damage":0,"enemies":"Reptomancer","floor":40,"turns":4},{"damage":4,"enemies":"HollowMod:StalkingDevout","floor":41,"turns":4},{"damage":0,"enemies":"Reptomancer","floor":42,"turns":2},{"damage":0,"enemies":"Giant Head","floor":44,"turns":5},{"damage":0,"enemies":"R_Hoarder","floor":45,"turns":4},{"damage":11,"enemies":"Giant Head","floor":46,"turns":5},{"damage":0,"enemies":"R_Hoarder","floor":47,"turns":5},{"damage":2,"enemies":"Sphere and 2 Shapes","floor":48,"turns":4},{"damage":0,"enemies":"conspire:OrnateMirror","floor":50,"turns":5}],"seed_played":"3263846965051697572","potions_obtained":[{"floor":6,"key":"Weak Potion"},{"floor":7,"key":"Languid Potion"},{"floor":11,"key":"Dexterity Potion"},{"floor":14,"key":"jedi:holywater"},{"floor":16,"key":"Venom Potion"},{"floor":18,"key":"blueLaboratory:ImpenetrablePotion"},{"floor":23,"key":"SteroidPotion"},{"floor":25,"key":"blueLaboratory:BottleOfRum"},{"floor":39,"key":"blueLaboratory:FrostheartPotion"},{"floor":40,"key":"DistilledChaos"},{"floor":42,"key":"CultistPotion"}],"is_trial":true,"path_per_floor":["M","?","?","$","T","E","E","R","T","R","E","M","E","E","R","B",null,"?","?","T","?","?","E","T","E","T","?","E","E","E","E","T","B",null,"?","?","?","T","?","E","E","E","T","E","E","E","E","?","T","B",null],"character_chosen":"TWI_CLASS","items_purchased":["Dear_Princess","Anxiousness","Batlization"],"campfire_rested":0,"item_purchase_floors":[4,4,20],"current_hp_per_floor":[72,72,72,72,72,86,86,86,86,86,82,84,88,88,88,92,92,73,79,85,94,94,49,55,45,51,99,103,118,102,107,113,126,126,126,126,123,128,128,130,134,134,134,138,140,139,142,146,146,146],"gold":1242,"neow_bonus":"","is_daily":false,"chose_seed":false,"campfire_upgraded":6,"win_rate":0.0,"timestamp":1609934786,"path_taken":["M","?","?","$","?","E","E","R","T","R","E","?","E","E","R","BOSS","?","?","T","?","?","E","T","E","T","?","E","E","E","E","T","BOSS","?","?","?","?","?","E","E","E","T","E","E","E","E","?","T","BOSS"],"items_purchased_type":["Card","Card","Card"],"build_version":"2020-12-22","purchased_purges":0,"victory":true,"max_hp_per_floor":[82,82,82,82,82,86,86,86,86,86,88,88,88,88,88,92,92,94,94,94,94,94,96,96,96,96,110,114,118,120,124,124,126,126,126,126,128,128,128,130,134,134,134,138,140,140,142,146,146,146],"card_choices":[{"not_picked":["FriendOfNature"],"picked":"AppleFeast","floor":1},{"not_picked":["HideCarefully"],"picked":"Whining","floor":1},{"not_picked":["LoveMe","PartyCana"],"picked":"Singing Bowl","floor":6},{"not_picked":["LoveMe","SonicRainbow"],"picked":"Singing Bowl","floor":6},{"not_picked":["TakeTheLead"],"picked":"FriendshipIsMagic","floor":7},{"not_picked":["Overwhelming"],"picked":"CowboySkills","floor":7},{"not_picked":["LadiesDemeanor"],"picked":"Stare","floor":11},{"not_picked":["LoveMe","SonicRainbow"],"picked":"Singing Bowl","floor":11},{"not_picked":["RashStunts"],"picked":"SwiftKick","floor":12},{"not_picked":["Anxiousness"],"picked":"Winterwrapup","floor":12},{"not_picked":["SonicRainbow"],"picked":"CowboySkills","floor":13},{"not_picked":["Flutterguy"],"picked":"Stare","floor":13},{"not_picked":["Overwhelming"],"picked":"LadiesDemeanor","floor":14},{"not_picked":["Stare"],"picked":"MessyAndOrderly","floor":14},{"not_picked":["Overwhelming","SonicRainbow"],"picked":"Singing Bowl","floor":16},{"not_picked":["Overwhelming","Stare"],"picked":"Singing Bowl","floor":16},{"not_picked":["PartyTime+1"],"picked":"Louder","floor":18},{"not_picked":["DynamicVision","PartyTime"],"picked":"Singing Bowl","floor":18},{"not_picked":["Replay:Sssssssssstrike+1"],"picked":"Dramatic Entrance+1","floor":19},{"not_picked":["AppleFeast"],"picked":"BatchProduction","floor":22},{"not_picked":["PartyAlone"],"picked":"Tornado","floor":22},{"not_picked":["Stare","SonicRainbow"],"picked":"Singing Bowl","floor":23},{"not_picked":["Stare"],"picked":"TakeTheLead","floor":23},{"not_picked":["LoveMe"],"picked":"LadiesDemeanor","floor":25},{"not_picked":["SonicRainbow"],"picked":"FriendshipIsMagic","floor":25},{"not_picked":["BehindTheScene","Laughter"],"picked":"Singing Bowl","floor":27},{"not_picked":["HideCarefully+1","BigDeal"],"picked":"Singing Bowl","floor":27},{"not_picked":["Flutterguy","SonicRainbow"],"picked":"Singing Bowl","floor":28},{"not_picked":["BeautySensation","PinkieSense"],"picked":"Singing Bowl","floor":28},{"not_picked":["CowboySkills","PartyCana"],"picked":"Singing Bowl","floor":29},{"not_picked":["Sisterhood","PartyCana"],"picked":"Singing Bowl","floor":29},{"not_picked":["PinkieSense"],"picked":"FriendshipIsMagic","floor":30},{"not_picked":["Sisterhood","MessyAndOrderly"],"picked":"Singing Bowl","floor":30},{"not_picked":["LoveMe","Flutterguy"],"picked":"Singing Bowl","floor":31},{"not_picked":["Overwhelming","InspirationRecovery"],"picked":"Singing Bowl","floor":31},{"not_picked":["CowboySkills","PinkieSense"],"picked":"Singing Bowl","floor":33},{"not_picked":["CowboySkills"],"picked":"HarmonyForm","floor":33},{"not_picked":["ReinventMyself+1"],"picked":"ISayNo","floor":35},{"not_picked":["Magic_Beam"],"picked":"RushToSky+1","floor":35},{"not_picked":["HideCarefully+1"],"picked":"Magictrain","floor":37},{"not_picked":["Whining+1","Return_To_Past+1"],"picked":"Singing Bowl","floor":37},{"not_picked":["AlloutStrike"],"picked":"SwiftKick","floor":39},{"not_picked":["AppleFever+1"],"picked":"Yay+1","floor":39},{"not_picked":["PinkieSense"],"picked":"TakeTheLead","floor":40},{"not_picked":["InspirationRecovery","PartyCana"],"picked":"Singing Bowl","floor":40},{"not_picked":["Bandage Up"],"picked":"Singing Bowl","floor":41},{"not_picked":["Sisterhood"],"picked":"MirrorLake","floor":41},{"not_picked":["Sisterhood","Stare"],"picked":"Singing Bowl","floor":41},{"not_picked":[],"picked":"Panacea","floor":42},{"not_picked":["PartyCana"],"picked":"HarmonyForm","floor":42},{"not_picked":["FriendshipIsMagic"],"picked":"MirrorLake","floor":42},{"not_picked":["Stare","PartyCana"],"picked":"Singing Bowl","floor":44},{"not_picked":["Overwhelming","FriendshipIsMagic"],"picked":"Singing Bowl","floor":44},{"not_picked":["Stare","Flutterguy"],"picked":"Singing Bowl","floor":45},{"not_picked":["SonicRainbow"],"picked":"MirrorLake","floor":45},{"not_picked":["PartyCana"],"picked":"HarmonyForm","floor":46},{"not_picked":["CowboySkills"],"picked":"TakeTheLead","floor":46},{"not_picked":["CowboySkills","LadiesDemeanor"],"picked":"Singing Bowl","floor":47},{"not_picked":["Flutterguy"],"picked":"Harmanyblast","floor":47},{"not_picked":["Charge+1","Whining"],"picked":"Singing Bowl","floor":48},{"not_picked":["ThrowingApples","Return_To_Past+1"],"picked":"Singing Bowl","floor":48}],"player_experience":306702,"relics_obtained":[{"floor":5,"key":"Singing Bowl"},{"floor":6,"key":"Replay:Mystery Machine"},{"floor":7,"key":"CaptainsWheel"},{"floor":9,"key":"PreservedInsect"},{"floor":11,"key":"Shuriken"},{"floor":13,"key":"qcfpunch:White_Boots"},{"floor":14,"key":"Calipers"},{"floor":23,"key":"vexMod:RedPlottingStone"},{"floor":23,"key":"qcfpunch:Unceasing_Flame"},{"floor":25,"key":"CCEMRelics:JestersCrown"},{"floor":25,"key":"Tiny Chest"},{"floor":26,"key":"qcfpunch:Red_Beret"},{"floor":28,"key":"Lantern"},{"floor":28,"key":"hubris:GlazedTorus"},{"floor":29,"key":"trackpad:AdjectivePendant"},{"floor":29,"key":"Oddly Smooth Stone"},{"floor":30,"key":"theForsaken:Gavel"},{"floor":30,"key":"Iron Hammer"},{"floor":31,"key":"trackpad:IceCube"},{"floor":31,"key":"Thread and Needle"},{"floor":37,"key":"Happy Flower"},{"floor":38,"key":"thethorton:BankDeed"},{"floor":40,"key":"qcfpunch:Duffel_Bag"},{"floor":40,"key":"CCEMRelics:TinyMinotavrHorn"},{"floor":41,"key":"hubris:MedicalManual"},{"floor":41,"key":"Centennial Puzzle"},{"floor":42,"key":"Boot"},{"floor":42,"key":"Akabeko"},{"floor":43,"key":"Replay:Bottled Steam"},{"floor":44,"key":"jedi:arcanewood"},{"floor":44,"key":"Runesmith:AutoHammer"},{"floor":44,"key":"Bromod:ArcaneAwakening"},{"floor":45,"key":"aspiration:EmptySkull"},{"floor":45,"key":"construct:BoolHorns"},{"floor":45,"key":"jedi:purplefairy"},{"floor":46,"key":"conspire:Boomerang"},{"floor":46,"key":"War Paint"},{"floor":47,"key":"Replay:Bottled Eggs"},{"floor":47,"key":"ReplayFunnel"}],"event_choices":[{"damage_healed":0,"gold_gain":0,"player_choice":"Grow","damage_taken":0,"max_hp_gain":0,"max_hp_loss":0,"event_name":"Living Wall","floor":2,"gold_loss":0,"cards_upgraded":["RashStunts"]},{"damage_healed":0,"gold_gain":0,"player_choice":"2","damage_taken":0,"max_hp_gain":0,"max_hp_loss":0,"event_name":"betterMatch:BetterMatch","floor":19,"gold_loss":0,"cards_obtained":["betterMatch:ColorlessUncommonCard"]},{"cards_removed":["Dramatic Entrance"],"damage_healed":3,"gold_gain":0,"player_choice":"Offered Uncommon","damage_taken":0,"max_hp_gain":0,"max_hp_loss":0,"event_name":"Bonfire Elementals","floor":21,"gold_loss":0}],"is_beta":false,"boss_relics":[{"not_picked":["qcfpunch:Killian_Engine_Alpha","hubris:BlackHole"],"picked":"Replay:Grab Bag"},{"not_picked":["Ectoplasm","vexMod:EndlessSickness"],"picked":"hubris:VirtuousBlindfold"},{"not_picked":["energizedSpire:MagnifyingGlass","trackpad:Coffee"],"picked":"Painkiller Herb"},{"not_picked":["Calling Bell","construct:WeddingRing"],"picked":"Black Star"},{"not_picked":["construct:ClawGrip","Empty Cage"],"picked":"vexMod:MysteryBossChallenge"}],"items_purged_floors":[],"is_endless":false,"potions_floor_spawned":[6,7,11,14,16,18,23,25,29,39,40,42,44,47],"ascension_level":0}}