{"host":"hzhtv7n0nkrnil9f","time":1609953921,"event":{"mods":["AchievementEnabler","BaseMod","Colored Map","Minty Spire (QoL Compilation)","Permanent Neow","Quick Restart"],"gold_per_floor":[114,129,144,144,159,159,174,189,264,264,264,264,102,132,132,232,232,247,262,262,277,277,277,292,307,332,332,4,19,49,64,64,164,164,179,179,194,209,224,224,70,106,156,171,171,186,186,216,216,216],"floor_reached":51,"playtime":2700,"items_purged":["Strike_P","Defend_P"],"score":1003,"play_id":"cc275d79-a246-4cf6-8065-0f8d03801a4e","local_time":"20210106182521","daily_mods":["Cursed Run","Uncertain Future","Binary"],"is_ascension_mode":false,"campfire_choices":[{"data":"Eruption","floor":6,"key":"SMITH"},{"data":"WheelKick","floor":11,"key":"SMITH"},{"data":"Halt","floor":15,"key":"SMITH"},{"data":"Omniscience","floor":23,"key":"SMITH"},{"data":"Meditate","floor":32,"key":"SMITH"},{"data":"Ragnarok","floor":45,"key":"SMITH"},{"data":"Apotheosis","floor":47,"key":"SMITH"},{"data":"Tantrum","floor":49,"key":"SMITH"}],"circlet_count":0,"master_deck":["Strike_P","Strike_P","Defend_P","Defend_P","Eruption+1","Vigilance","CutThroughFate","Sanctity","ThirdEye","Regret","Indignation","WheelKick+1","Clumsy","EmptyBody","WheelKick","Halt+1","Pain","Omniscience+1","Conclude","Decay","Study+1","Writhe","Regret","Wallop","Meditate+1","MentalFortress+1","Tantrum+1","Decay","Ragnarok+1","Swivel+1","Flash of Steel","Purity","Apotheosis+1","Tantrum","Regret","Wallop","Normality"],"relics":["Cursed Key","Darkstone Periapt","Du-Vu Doll","PreservedInsect","Matryoshka","Eternal Feather","Philosopher\u0027s Stone","Yang","Bottled Lightning","Oddly Smooth Stone","Mummified Hand","Happy Flower","Membership Card","Blue Candle","Pen Nib","Sozu","Unceasing Top","Regal Pillow","Gremlin Horn"],"acts_visited":["Exordium","TheCity","TheBeyond"],"potions_floor_usage":[19,19,21,50],"damage_taken":[{"damage":0.0,"enemies":"Small Slimes","floor":1.0,"turns":2.0},{"damage":0.0,"enemies":"2 Louse","floor":2.0,"turns":2.0},{"damage":1.0,"enemies":"Cultist","floor":3.0,"turns":4.0},{"damage":0,"enemies":"2 Fungi Beasts","floor":5,"turns":2},{"damage":9,"enemies":"Blue Slaver","floor":7,"turns":2},{"damage":3,"enemies":"Exordium Wildlife","floor":8,"turns":2},{"damage":1,"enemies":"Lagavulin","floor":14,"turns":3},{"damage":33,"enemies":"The Guardian","floor":16,"turns":5},{"damage":7,"enemies":"Spheric Guardian","floor":18,"turns":2},{"damage":39,"enemies":"3 Byrds","floor":19,"turns":4},{"damage":3,"enemies":"Snecko","floor":21,"turns":2},{"damage":7,"enemies":"Sentry and Sphere","floor":24,"turns":3},{"damage":0,"enemies":"3 Cultists","floor":25,"turns":2},{"damage":2,"enemies":"Centurion and Healer","floor":29,"turns":2},{"damage":1,"enemies":"Gremlin Leader","floor":30,"turns":2},{"damage":1,"enemies":"Snake Plant","floor":31,"turns":1},{"damage":5,"enemies":"Automaton","floor":33,"turns":5},{"damage":1,"enemies":"Orb Walker","floor":35,"turns":1},{"damage":0,"enemies":"3 Shapes","floor":37,"turns":1},{"damage":0,"enemies":"3 Darklings","floor":38,"turns":1},{"damage":0,"enemies":"Sphere and 2 Shapes","floor":39,"turns":1},{"damage":5,"enemies":"2 Orb Walkers","floor":42,"turns":3},{"damage":2,"enemies":"Transient","floor":44,"turns":5},{"damage":0,"enemies":"Jaw Worm Horde","floor":46,"turns":1},{"damage":0,"enemies":"Reptomancer","floor":48,"turns":1},{"damage":61,"enemies":"Awakened One","floor":50,"turns":3}],"seed_played":"-5218424555718163201","potions_obtained":[{"floor":2.0,"key":"Regen Potion"},{"floor":3.0,"key":"Ancient Potion"},{"floor":7,"key":"Fire Potion"},{"floor":14,"key":"StancePotion"},{"floor":19,"key":"StancePotion"},{"floor":24,"key":"Ancient Potion"},{"floor":29,"key":"GamblersBrew"},{"floor":31,"key":"Block Potion"}],"is_trial":false,"path_per_floor":["M","M","M","?","M","R","M","M","T","?","R","?","$","E","R","B",null,"M","M","T","M","?","R","M","M","T","?","$","M","E","M","R","B",null,"M","?","M","M","M","?","$","?","T","M","R","M","R","E","R","B",null],"character_chosen":"WATCHER","items_purchased":["EmptyBody","WheelKick","Membership Card","Blue Candle","Wallop","Meditate","Apotheosis","Tantrum"],"campfire_rested":0,"item_purchase_floors":[13,13,28,28,28,28,41,41],"current_hp_per_floor":[72,72,71,77,77,77,68,65,71,71,71,71,71,70,79,52,90,83,56,62,59,65,77,70,70,76,76,76,74,73,72,87,88,114,113,113,113,113,113,108,108,103,109,107,120,120,120,120,120,65],"gold":216,"neow_bonus":"","is_daily":true,"chose_seed":false,"campfire_upgraded":8,"win_rate":0.0,"timestamp":1609953921,"path_taken":["M","M","M","?","M","R","M","M","T","?","R","?","$","E","R","BOSS","M","M","?","M","?","R","M","M","T","?","$","M","E","M","R","BOSS","M","?","M","M","M","?","$","?","T","M","R","M","R","E","R","BOSS"],"items_purchased_type":["Card","Card","Relic","Relic","Card","Card","Card","Card"],"build_version":"2020-12-22","purchased_purges":2,"victory":true,"max_hp_per_floor":[72,72,72,78,78,78,78,78,84,84,84,84,84,84,84,90,90,90,90,96,96,102,102,102,102,108,108,108,108,108,108,108,114,114,114,114,114,114,114,114,114,114,120,120,120,120,120,120,120,126],"card_choices":[{"not_picked":["EmptyFist"],"picked":"CutThroughFate","floor":1.0},{"not_picked":["PathToVictory"],"picked":"Sanctity","floor":2.0},{"not_picked":["Consecrate"],"picked":"ThirdEye","floor":3.0},{"not_picked":["PathToVictory"],"picked":"Indignation","floor":5},{"not_picked":["Protect","Indignation"],"picked":"SKIP","floor":7},{"not_picked":["Brilliance"],"picked":"WheelKick","floor":8},{"not_picked":["FollowUp"],"picked":"Halt","floor":14},{"not_picked":["ConjureBlade"],"picked":"Omniscience","floor":16},{"not_picked":["EmptyBody","Consecrate+1"],"picked":"SKIP","floor":18},{"not_picked":["ClearTheMind+1"],"picked":"Conclude","floor":19},{"not_picked":["Vengeance"],"picked":"Study+1","floor":21},{"not_picked":["EmptyBody","Consecrate"],"picked":"SKIP","floor":24},{"not_picked":["Study","EmptyBody"],"picked":"SKIP","floor":25},{"not_picked":["PathToVictory"],"picked":"MentalFortress+1","floor":29},{"not_picked":["CrushJoints+1","EmptyFist+1"],"picked":"SKIP","floor":30},{"not_picked":["Crescendo"],"picked":"Tantrum","floor":31},{"not_picked":["SpiritShield"],"picked":"Ragnarok","floor":33},{"not_picked":["EmptyFist","CarveReality+1"],"picked":"SKIP","floor":35},{"not_picked":["Consecrate+1","Protect+1"],"picked":"SKIP","floor":37},{"not_picked":["SashWhip"],"picked":"Swivel+1","floor":38},{"not_picked":["Protect+1","CutThroughFate"],"picked":"SKIP","floor":39},{"not_picked":["Secret Weapon"],"picked":"Flash of Steel","floor":40},{"not_picked":["HandOfGreed"],"picked":"Purity","floor":40},{"not_picked":["EmptyBody","DeceiveReality"],"picked":"SKIP","floor":44},{"not_picked":["CutThroughFate+1"],"picked":"Wallop","floor":46},{"not_picked":["Prostrate","ClearTheMind"],"picked":"SKIP","floor":48}],"player_experience":273974,"relics_obtained":[{"floor":9,"key":"Matryoshka"},{"floor":14,"key":"Eternal Feather"},{"floor":20,"key":"Yang"},{"floor":20,"key":"Bottled Lightning"},{"floor":26,"key":"Mummified Hand"},{"floor":26,"key":"Happy Flower"},{"floor":30,"key":"Pen Nib"},{"floor":42,"key":"Unceasing Top"},{"floor":43,"key":"Regal Pillow"},{"floor":48,"key":"Gremlin Horn"}],"event_choices":[{"damage_healed":0,"gold_gain":0,"player_choice":"Box","damage_taken":0,"relics_obtained":["PreservedInsect"],"max_hp_gain":0,"max_hp_loss":0,"event_name":"Big Fish","floor":4,"gold_loss":0,"cards_obtained":["Regret"]},{"cards_removed":["Strike_P"],"damage_healed":0,"gold_gain":0,"player_choice":"Forget","damage_taken":0,"max_hp_gain":0,"max_hp_loss":0,"event_name":"Living Wall","floor":10,"gold_loss":0},{"cards_removed":["Defend_P"],"damage_healed":0,"gold_gain":0,"player_choice":"Offered Basic","damage_taken":0,"max_hp_gain":0,"max_hp_loss":0,"event_name":"Bonfire Elementals","floor":12,"gold_loss":0},{"damage_healed":0,"gold_gain":0,"player_choice":"Opened","damage_taken":0,"relics_obtained":["Oddly Smooth Stone"],"max_hp_gain":0,"max_hp_loss":0,"event_name":"The Mausoleum","floor":22,"gold_loss":0,"cards_obtained":["Writhe"]},{"damage_healed":0,"gold_gain":0,"player_choice":"Ignored","damage_taken":0,"max_hp_gain":0,"max_hp_loss":0,"event_name":"Vampires","floor":27,"gold_loss":0},{"damage_healed":0,"gold_gain":0,"player_choice":"Ignored","damage_taken":0,"max_hp_gain":0,"max_hp_loss":0,"event_name":"Tomb of Lord Red Mask","floor":36,"gold_loss":0},{"damage_healed":0,"gold_gain":0,"player_choice":"Memory 2","damage_taken":5,"max_hp_gain":0,"max_hp_loss":0,"event_name":"SensoryStone","floor":40,"gold_loss":0},{"damage_healed":0,"gold_gain":0,"player_choice":"Fight","damage_taken":0,"max_hp_gain":0,"max_hp_loss":0,"event_name":"Mysterious Sphere","floor":42,"gold_loss":0}],"is_beta":false,"boss_relics":[{"not_picked":["Astrolabe","Fusion Hammer"],"picked":"Philosopher\u0027s Stone"},{"not_picked":["Snecko Eye","Busted Crown"],"picked":"Sozu"}],"items_purged_floors":[13,41],"is_endless":false,"potions_floor_spawned":[2,3,7,14,16,19,24,29,31,38,42,44,48],"ascension_level":0}}