{"host":"isy2gwbfe91wqj1j","time":1609941913,"event":{"mods":["AchievementEnabler","BaseMod","Better Altar","Better Match","Better Note","Better Sensory Stone","Better Skull","Better Third Choice","BetterRewards","Minty Spire (QoL Compilation)","StSLib"],"gold_per_floor":[119,133,143,162,162,162,179,179,179,2,18,32,32,32,32,133,133,153,153,173,187,187,187,197,213,240,240,240,25,42,55,55,160,160,177,30,30,30,30],"floor_reached":38,"playtime":2069,"items_purged":["Strike_B","Strike_B"],"score":570,"play_id":"0fb9f7be-9952-4f02-87cd-53c3cb4b13e1","local_time":"20210106070513","is_ascension_mode":false,"campfire_choices":[{"data":"Defragment","floor":6,"key":"SMITH"},{"floor":13,"key":"REST"},{"data":"Capacitor","floor":15,"key":"SMITH"},{"data":"Barricade","floor":23,"key":"SMITH"},{"data":"Buffer","floor":27,"key":"SMITH"},{"data":"Conserve Battery","floor":32,"key":"SMITH"}],"circlet_count":0,"master_deck":["Strike_B","Defend_B","Defend_B","Defend_B","Defend_B","Zap","Dualcast","Defragment+1","Cold Snap+1","Barrage","Redo","Cold Snap+1","Leap","Conserve Battery+1","White Noise","Parasite","Capacitor+1","Coolheaded","Buffer+1","Loop","Barricade+1","Conserve Battery+1","Consume+1","Blizzard","Creative AI"],"relics":["Cracked Core","Whetstone","Coffee Dripper","Vajra","Nloth\u0027s Gift","PreservedInsect","Runic Dome","Anchor"],"acts_visited":["Exordium","TheCity","TheBeyond"],"potions_floor_usage":[25,33,35,38],"damage_taken":[{"damage":0,"enemies":"Cultist","floor":1,"turns":3},{"damage":11,"enemies":"Small Slimes","floor":2,"turns":3},{"damage":0,"enemies":"Jaw Worm","floor":3,"turns":5},{"damage":11,"enemies":"3 Louse","floor":4,"turns":3},{"damage":7,"enemies":"Exordium Wildlife","floor":7,"turns":3},{"damage":6,"enemies":"Large Slime","floor":11,"turns":8},{"damage":5,"enemies":"Looter","floor":12,"turns":3},{"damage":18,"enemies":"Slime Boss","floor":16,"turns":8},{"damage":5,"enemies":"Chosen","floor":18,"turns":6},{"damage":10,"enemies":"3 Byrds","floor":20,"turns":5},{"damage":14,"enemies":"Snake Plant","floor":21,"turns":6},{"damage":14,"enemies":"Cultist and Chosen","floor":24,"turns":12},{"damage":10,"enemies":"3 Cultists","floor":25,"turns":8},{"damage":15,"enemies":"Chosen and Byrds","floor":30,"turns":10},{"damage":0,"enemies":"Snecko","floor":31,"turns":11},{"damage":0,"enemies":"Champ","floor":33,"turns":14},{"damage":20,"enemies":"3 Shapes","floor":35,"turns":10},{"damage":57,"enemies":"Time Eater","floor":38,"turns":7}],"seed_played":"-3703410474815683721","potions_obtained":[{"floor":2,"key":"EssenceOfDarkness"},{"floor":3,"key":"SpeedPotion"},{"floor":11,"key":"FocusPotion"},{"floor":18,"key":"SteroidPotion"},{"floor":35,"key":"SkillPotion"}],"is_trial":false,"path_per_floor":["M","M","M","M","?","R","M","?","T","$","M","M","R","T","R","B",null,"M","?","M","M","?","R","M","M","T","R","?","$","M","M","R","B",null,"M","$","?","B"],"character_chosen":"DEFECT","items_purchased":["Defragment","Cold Snap","Barrage","Redo","Capacitor","PreservedInsect","Blizzard","Anchor"],"campfire_rested":1,"item_purchase_floors":[0,0,0,0,10,29,29,36],"current_hp_per_floor":[75,64,64,53,46,46,39,57,57,57,51,46,68,68,68,50,75,70,70,60,46,46,46,32,22,22,22,22,22,7,7,7,7,75,55,55,55,0,0],"gold":30,"neow_bonus":"","is_daily":false,"chose_seed":false,"campfire_upgraded":5,"win_rate":0.0,"timestamp":1609941913,"path_taken":["M","?","M","M","?","R","M","?","T","$","M","M","R","?","R","BOSS","M","?","M","M","?","R","M","M","T","R","?","$","M","M","R","BOSS","M","$","?","BOSS"],"items_purchased_type":["Card","Card","Card","Card","Card","Relic","Card","Relic"],"build_version":"2020-12-22","purchased_purges":2,"victory":false,"max_hp_per_floor":[75,75,75,75,75,75,75,75,75,75,75,75,75,75,75,75,75,75,75,75,75,75,75,75,75,75,75,75,75,75,75,75,75,75,75,75,75,75,75],"card_choices":[{"not_picked":["Ball Lightning","Static Discharge"],"picked":"Cold Snap","floor":1},{"not_picked":["Hologram","Force Field"],"picked":"Leap","floor":2},{"not_picked":["Redo","Barrage"],"picked":"Conserve Battery","floor":3},{"not_picked":["Chaos","Double Energy"],"picked":"White Noise","floor":4},{"not_picked":["Rebound","Go for the Eyes","Leap"],"picked":"SKIP","floor":7},{"not_picked":["Cold Snap","Sweeping Beam","Aggregate"],"picked":"SKIP","floor":11},{"not_picked":["Barrage","Streamline"],"picked":"Coolheaded","floor":12},{"not_picked":["Amplify","Meteor Strike"],"picked":"Buffer","floor":16},{"not_picked":["Force Field","Steam"],"picked":"Loop","floor":18},{"not_picked":["Recycle","White Noise"],"picked":"Conserve Battery+1","floor":20},{"not_picked":["Sweeping Beam","Steam","Sunder"],"picked":"SKIP","floor":21},{"not_picked":["Go for the Eyes+1","Conserve Battery"],"picked":"Consume+1","floor":24},{"not_picked":["Genetic Algorithm","Hello World","Recycle"],"picked":"SKIP","floor":25},{"not_picked":["Beam Cell","Hologram","Core Surge"],"picked":"SKIP","floor":30},{"not_picked":["Ball Lightning+1","FTL","Redo+1"],"picked":"SKIP","floor":31},{"not_picked":["Buffer","Rainbow"],"picked":"Creative AI","floor":33},{"not_picked":["Go for the Eyes+1","Compile Driver","Steam+1"],"picked":"SKIP","floor":35}],"player_experience":144371,"relics_obtained":[{"floor":9,"key":"Whetstone"},{"floor":14,"key":"Unceasing Top"},{"floor":26,"key":"Vajra"}],"event_choices":[{"cards_removed":["Strike_B"],"damage_healed":0,"gold_gain":0,"player_choice":"Card Removal","damage_taken":7,"max_hp_gain":0,"max_hp_loss":0,"event_name":"Golden Wing","floor":5,"gold_loss":0},{"damage_healed":18,"gold_gain":0,"player_choice":"Healed and dodged fight","damage_taken":0,"max_hp_gain":0,"max_hp_loss":0,"event_name":"Mushrooms","floor":8,"gold_loss":0,"cards_obtained":["Parasite"]},{"cards_removed":["Conserve Battery"],"damage_healed":0,"gold_gain":0,"player_choice":"Take \u0026 Give","damage_taken":0,"max_hp_gain":0,"max_hp_loss":0,"event_name":"betterNote:BetterNote","floor":19,"gold_loss":0,"cards_obtained":["Barricade"]},{"damage_healed":0,"gold_gain":2,"player_choice":"1","damage_taken":0,"max_hp_gain":0,"max_hp_loss":0,"event_name":"betterStone:BetterStone","floor":22,"gold_loss":0},{"damage_healed":0,"gold_gain":0,"player_choice":"Traded Relic","damage_taken":0,"relics_obtained":["Nloth\u0027s Gift"],"max_hp_gain":0,"max_hp_loss":0,"event_name":"N\u0027loth","floor":28,"relics_lost":["Unceasing Top"],"gold_loss":0},{"damage_healed":0,"gold_gain":0,"player_choice":"Portal","damage_taken":0,"max_hp_gain":0,"max_hp_loss":0,"event_name":"betterThird:BetterPortal","floor":37,"gold_loss":0}],"is_beta":false,"boss_relics":[{"not_picked":["Black Star","Nuclear Battery"],"picked":"Coffee Dripper"},{"not_picked":["Tiny House","Velvet Choker"],"picked":"Runic Dome"}],"items_purged_floors":[0,10],"is_endless":false,"potions_floor_spawned":[2,3,11,16,18,21,24,35],"killed_by":"Time Eater","ascension_level":0}}