{"host":"rolltorest","time":1609901505,"event":{"mods":["BaseMod","Minty Spire (QoL Compilation)","Relic Stats","Robot Space Explorer","Slay the Relics Exporter","StSLib"],"gold_per_floor":[114,64,78,91,91,117,16,16,16,16,44,44,56,17,17,119,119,133,133,232,232,248,282,282,311,311,311,329,357,376,388,388,484,484,502,11,61,73,0,28,28,56,105,105,125,125,158,168,168,168,168,168,24,56,56],"floor_reached":56,"playtime":5141,"items_purged":["RobotSpaceExplorer:Strike","RobotSpaceExplorer:Strike"],"score":1918,"play_id":"a0a544e0-f8d0-49b1-9d9d-f414d45bbf4e","local_time":"20210105185145","is_ascension_mode":true,"campfire_choices":[{"floor":10,"key":"REST"},{"data":"RobotSpaceExplorer:Arsenal","floor":12,"key":"SMITH"},{"data":"RobotSpaceExplorer:FreezeRay","floor":15,"key":"SMITH"},{"data":"RobotSpaceExplorer:TurboDodge","floor":24,"key":"SMITH"},{"floor":27,"key":"REST"},{"data":"RobotSpaceExplorer:Multitool","floor":32,"key":"SMITH"},{"data":"RobotSpaceExplorer:Blitz","floor":41,"key":"SMITH"},{"floor":49,"key":"RECALL"},{"data":"RobotSpaceExplorer:ExhaustFan","floor":52,"key":"SMITH"}],"circlet_count":0,"master_deck":["AscendersBane","RobotSpaceExplorer:Strike","RobotSpaceExplorer:Defend","RobotSpaceExplorer:Defend+1","RobotSpaceExplorer:Defend+1","RobotSpaceExplorer:Defend","RobotSpaceExplorer:Scan","RobotSpaceExplorer:MiniLasers","RobotSpaceExplorer:Arsenal+1","RobotSpaceExplorer:StarLightning","RobotSpaceExplorer:StunGrenade","RobotSpaceExplorer:Pulsar","RobotSpaceExplorer:TurboDodge+1","RobotSpaceExplorer:FrostMissile","RobotSpaceExplorer:FreezeRay+1","RobotSpaceExplorer:FrostMissile","RobotSpaceExplorer:GlueShot+1","RobotSpaceExplorer:Fix+1","RobotSpaceExplorer:SurgingStrike","RobotSpaceExplorer:Multitool+1","RobotSpaceExplorer:Jetpack+1","RobotSpaceExplorer:Accelerator","RobotSpaceExplorer:Blitz+1","RobotSpaceExplorer:Blitz","RobotSpaceExplorer:LaserBurst","RobotSpaceExplorer:Discharger+1","RobotSpaceExplorer:DoubleBlock+1","RobotSpaceExplorer:ExhaustFan+1","Dark Shackles+1","RobotSpaceExplorer:Calculate+1","RobotSpaceExplorer:Explosion","RobotSpaceExplorer:GearShield+1"],"relics":["RobotSpaceExplorer:RoboCore","RobotSpaceExplorer:PlasmaHourglass","Vajra","Bronze Scales","Akabeko","RobotSpaceExplorer:Reprocessor","Enchiridion","Toxic Egg 2","Anchor","RobotSpaceExplorer:BottledGravity","Potion Belt","Snecko Eye","TungstenRod","Prayer Wheel","Red Mask","Boot","Mummified Hand","PreservedInsect","Gremlin Horn"],"acts_visited":["Exordium","TheCity","TheBeyond","TheEnding"],"potions_floor_usage":[25,29,37,54,55,55],"damage_taken":[{"damage":8,"enemies":"Jaw Worm","floor":1,"turns":6},{"damage":2,"enemies":"Small Slimes","floor":3,"turns":4},{"damage":4,"enemies":"2 Louse","floor":4,"turns":2},{"damage":23,"enemies":"3 Sentries","floor":6,"turns":11},{"damage":17,"enemies":"Gremlin Nob","floor":11,"turns":4},{"damage":0,"enemies":"Looter","floor":13,"turns":2},{"damage":2,"enemies":"Hexaghost","floor":16,"turns":8},{"damage":8,"enemies":"Shell Parasite","floor":18,"turns":6},{"damage":2,"enemies":"Chosen","floor":22,"turns":5},{"damage":34,"enemies":"Slavers","floor":23,"turns":4},{"damage":25,"enemies":"Gremlin Leader","floor":25,"turns":7},{"damage":15,"enemies":"Shelled Parasite and Fungi","floor":28,"turns":3},{"damage":0,"enemies":"Slavers","floor":29,"turns":2},{"damage":0,"enemies":"Chosen and Byrds","floor":30,"turns":4},{"damage":5,"enemies":"Centurion and Healer","floor":31,"turns":5},{"damage":8,"enemies":"Automaton","floor":33,"turns":9},{"damage":0,"enemies":"3 Shapes","floor":35,"turns":5},{"damage":5,"enemies":"Mind Bloom Boss Battle","floor":37,"turns":5},{"damage":0,"enemies":"Orb Walker","floor":38,"turns":3},{"damage":12,"enemies":"Reptomancer","floor":40,"turns":6},{"damage":0,"enemies":"Giant Head","floor":42,"turns":8},{"damage":0,"enemies":"Maw","floor":45,"turns":5},{"damage":0,"enemies":"Nemesis","floor":47,"turns":7},{"damage":0,"enemies":"Jaw Worm Horde","floor":48,"turns":3},{"damage":3,"enemies":"Donu and Deca","floor":50,"turns":10},{"damage":0,"enemies":"Shield and Spear","floor":54,"turns":5},{"damage":82,"enemies":"The Heart","floor":55,"turns":11}],"seed_played":"-2037071137216547151","potions_obtained":[{"floor":6,"key":"ColorlessPotion"},{"floor":13,"key":"SneckoOil"},{"floor":18,"key":"Swift Potion"},{"floor":28,"key":"DistilledChaos"},{"floor":30,"key":"SmokeBomb"},{"floor":33,"key":"Block Potion"},{"floor":38,"key":"DuplicationPotion"},{"floor":40,"key":"FairyPotion"},{"floor":42,"key":"CultistPotion"},{"floor":54,"key":"AttackPotion"}],"is_trial":false,"path_per_floor":["M","?","M","M","?","E","$","T","T","R","E","R","M","$","R","B",null,"M","?","?","?","M","E","R","E","T","R","M","E","M","M","R","B",null,"M","$","?","M","?","E","R","E","T","?","M","?","E","M","R","B",null,"R","$","E","B",null],"character_chosen":"RobotSpaceExplorer","items_purchased":["RobotSpaceExplorer:FrostMissile","RobotSpaceExplorer:FreezeRay","TungstenRod","RobotSpaceExplorer:Blitz","RobotSpaceExplorer:Explosion","RobotSpaceExplorer:GearShield+1"],"campfire_rested":2,"item_purchase_floors":[7,14,36,36,53,53],"current_hp_per_floor":[60,60,58,54,40,17,17,17,17,37,20,20,20,20,20,18,56,48,32,32,78,76,42,42,17,17,40,31,37,43,44,44,42,69,75,75,73,78,78,66,66,72,72,72,78,78,78,78,78,75,77,77,77,78,19],"gold":56,"neow_bonus":"THREE_RARE_CARDS","is_daily":false,"chose_seed":false,"campfire_upgraded":6,"win_rate":0.0,"timestamp":1609901505,"path_taken":["M","?","M","M","?","E","?","?","T","R","E","R","M","$","R","BOSS","M","?","?","?","M","E","R","E","T","R","M","E","M","M","R","BOSS","M","$","?","M","?","E","R","E","T","?","M","?","E","M","R","BOSS","R","$","E","BOSS"],"items_purchased_type":["Card","Card","Relic","Card","Card","Card"],"build_version":"2020-12-18","purchased_purges":2,"victory":true,"max_hp_per_floor":[68,68,68,68,68,68,68,68,68,68,68,68,68,68,68,68,68,68,68,68,78,78,78,78,78,78,78,78,78,78,78,78,78,78,78,78,78,78,78,78,78,78,78,78,78,78,78,78,78,78,78,78,78,78,78],"relic_stats":{"Gremlin Horn":[0,0],"counters":[27,150],"Mummified Hand":[67],"Bronze Scales":[480],"Snecko Eye":[107,122,124,126],"Prayer Wheel":3,"PreservedInsect":77,"Boot":[82],"obtain_stats":[{"Potion Belt":29,"Gremlin Horn":54,"RobotSpaceExplorer:PlasmaHourglass":6,"Vajra":8,"Enchiridion":19,"RobotSpaceExplorer:RoboCore":0,"PreservedInsect":47,"RobotSpaceExplorer:Reprocessor":17,"Boot":40,"Akabeko":11,"Anchor":25,"RobotSpaceExplorer:BottledGravity":26,"Mummified Hand":42,"Bronze Scales":9,"Snecko Eye":34,"Prayer Wheel":37,"Red Mask":39,"Toxic Egg 2":23,"TungstenRod":36},{"Potion Belt":13,"Gremlin Horn":26,"RobotSpaceExplorer:PlasmaHourglass":4,"Vajra":4,"Enchiridion":8,"RobotSpaceExplorer:RoboCore":0,"PreservedInsect":23,"RobotSpaceExplorer:Reprocessor":7,"Boot":20,"Akabeko":5,"Anchor":11,"RobotSpaceExplorer:BottledGravity":11,"Mummified Hand":21,"Bronze Scales":4,"Snecko Eye":16,"Prayer Wheel":18,"Red Mask":19,"Toxic Egg 2":10,"TungstenRod":17},{"Potion Belt":64,"Gremlin Horn":139,"RobotSpaceExplorer:PlasmaHourglass":23,"Vajra":23,"Enchiridion":43,"RobotSpaceExplorer:RoboCore":0,"PreservedInsect":121,"RobotSpaceExplorer:Reprocessor":37,"Boot":101,"Akabeko":27,"Anchor":59,"RobotSpaceExplorer:BottledGravity":59,"Mummified Hand":109,"Bronze Scales":23,"Snecko Eye":82,"Prayer Wheel":92,"Red Mask":95,"Toxic Egg 2":52,"TungstenRod":87}],"TungstenRod":30},"card_choices":[{"not_picked":["RobotSpaceExplorer:Exploration","RobotSpaceExplorer:Scanner"],"picked":"RobotSpaceExplorer:Arsenal","floor":0},{"not_picked":["RobotSpaceExplorer:ScrapMissile","RobotSpaceExplorer:ToxicBomb"],"picked":"RobotSpaceExplorer:StarLightning","floor":1},{"not_picked":["RobotSpaceExplorer:ScrapToss","RobotSpaceExplorer:ShockKick"],"picked":"RobotSpaceExplorer:StunGrenade","floor":3},{"not_picked":["RobotSpaceExplorer:LaserBurst","RobotSpaceExplorer:Electroshield"],"picked":"RobotSpaceExplorer:Pulsar","floor":4},{"not_picked":["RobotSpaceExplorer:Wormhole","RobotSpaceExplorer:Pulsar"],"picked":"RobotSpaceExplorer:TurboDodge","floor":6},{"not_picked":["RobotSpaceExplorer:ImprovisedAttack","RobotSpaceExplorer:Discharger","RobotSpaceExplorer:MetalStrike"],"picked":"SKIP","floor":11},{"not_picked":["RobotSpaceExplorer:SurgingShield","RobotSpaceExplorer:MiniBoosters"],"picked":"RobotSpaceExplorer:ShovelStrike","floor":13},{"not_picked":["RobotSpaceExplorer:ChargingLaser","RobotSpaceExplorer:BlastShield"],"picked":"RobotSpaceExplorer:Arsenal","floor":16},{"not_picked":["RobotSpaceExplorer:Electropulse","RobotSpaceExplorer:GlueShot","RobotSpaceExplorer:StunGrenade"],"picked":"SKIP","floor":18},{"not_picked":["RobotSpaceExplorer:SlimeMissile","RobotSpaceExplorer:SwiftStep+1"],"picked":"RobotSpaceExplorer:FrostMissile","floor":22},{"not_picked":["RobotSpaceExplorer:SurgingStrike+1","RobotSpaceExplorer:StarDust+1"],"picked":"RobotSpaceExplorer:GlueShot+1","floor":23},{"not_picked":["RobotSpaceExplorer:Probe","RobotSpaceExplorer:ShovelStrike"],"picked":"RobotSpaceExplorer:Fix+1","floor":25},{"not_picked":["RobotSpaceExplorer:Probe","RobotSpaceExplorer:ShovelStrike","RobotSpaceExplorer:GlueShot+1"],"picked":"SKIP","floor":28},{"not_picked":["RobotSpaceExplorer:GlueShot+1","RobotSpaceExplorer:FrostMissile"],"picked":"RobotSpaceExplorer:SurgingStrike","floor":29},{"not_picked":["RobotSpaceExplorer:SurgingStrike","RobotSpaceExplorer:Ammunition+1"],"picked":"RobotSpaceExplorer:Multitool","floor":30},{"not_picked":["RobotSpaceExplorer:SurgingStrike+1","RobotSpaceExplorer:ShockKick"],"picked":"RobotSpaceExplorer:Jetpack+1","floor":31},{"not_picked":["RobotSpaceExplorer:Asteroid","RobotSpaceExplorer:Autoloader"],"picked":"RobotSpaceExplorer:Accelerator","floor":33},{"not_picked":["RobotSpaceExplorer:LuckyStrike","RobotSpaceExplorer:ScrapToss"],"picked":"RobotSpaceExplorer:Blitz","floor":35},{"not_picked":["RobotSpaceExplorer:FranticSearch+1","RobotSpaceExplorer:SlimeMissile+1"],"picked":"RobotSpaceExplorer:LaserBurst","floor":37},{"not_picked":["RobotSpaceExplorer:FranticSearch+1","RobotSpaceExplorer:Probe"],"picked":"RobotSpaceExplorer:Discharger+1","floor":38},{"not_picked":["RobotSpaceExplorer:Probe+1","RobotSpaceExplorer:Counterblock+1","RobotSpaceExplorer:Jetpack+1"],"picked":"SKIP","floor":38},{"not_picked":["RobotSpaceExplorer:FreezeRay","RobotSpaceExplorer:Comet+1"],"picked":"RobotSpaceExplorer:DoubleBlock+1","floor":40},{"not_picked":["RobotSpaceExplorer:StunGrenade","RobotSpaceExplorer:SurgingStrike+1"],"picked":"RobotSpaceExplorer:ExhaustFan","floor":42},{"not_picked":["Metamorphosis+1","Forethought+1"],"picked":"Dark Shackles+1","floor":44},{"not_picked":["RobotSpaceExplorer:LaserBurst+1","RobotSpaceExplorer:SurgingShield+1","RobotSpaceExplorer:Blitz"],"picked":"SKIP","floor":45},{"not_picked":["RobotSpaceExplorer:StunGrenade+1","RobotSpaceExplorer:Counterblock+1","RobotSpaceExplorer:PowerGlove"],"picked":"SKIP","floor":45},{"not_picked":["RobotSpaceExplorer:FranticSearch+1","RobotSpaceExplorer:Reload+1","RobotSpaceExplorer:ShovelStrike+1"],"picked":"SKIP","floor":47},{"not_picked":["RobotSpaceExplorer:MiniDrones","RobotSpaceExplorer:Counterblock+1"],"picked":"RobotSpaceExplorer:Calculate+1","floor":48},{"not_picked":["RobotSpaceExplorer:Probe+1","RobotSpaceExplorer:PowerGlove+1","RobotSpaceExplorer:ScrapMissile"],"picked":"SKIP","floor":48},{"not_picked":["RobotSpaceExplorer:FranticSearch+1","RobotSpaceExplorer:SwiftStep+1","RobotSpaceExplorer:ChargingLaser"],"picked":"SKIP","floor":54}],"player_experience":1760280,"relics_obtained":[{"floor":6,"key":"RobotSpaceExplorer:PlasmaHourglass"},{"floor":8,"key":"Vajra"},{"floor":9,"key":"Bronze Scales"},{"floor":11,"key":"Akabeko"},{"floor":19,"key":"Enchiridion"},{"floor":23,"key":"Toxic Egg 2"},{"floor":25,"key":"Anchor"},{"floor":26,"key":"RobotSpaceExplorer:BottledGravity"},{"floor":29,"key":"Potion Belt"},{"floor":37,"key":"Prayer Wheel"},{"floor":40,"key":"Boot"},{"floor":42,"key":"Mummified Hand"},{"floor":47,"key":"PreservedInsect"},{"floor":54,"key":"Gremlin Horn"}],"event_choices":[{"cards_removed":["RobotSpaceExplorer:Strike"],"damage_healed":0,"gold_gain":0,"player_choice":"Card Removal","damage_taken":0,"max_hp_gain":0,"max_hp_loss":0,"event_name":"The Cleric","floor":2,"gold_loss":50},{"damage_healed":0,"gold_gain":0,"player_choice":"Entered Light","damage_taken":14,"max_hp_gain":0,"max_hp_loss":0,"event_name":"Shining Light","floor":5,"gold_loss":0,"cards_upgraded":["RobotSpaceExplorer:Defend","RobotSpaceExplorer:Defend"]},{"damage_healed":0,"gold_gain":0,"player_choice":"Obtained Book","damage_taken":16,"max_hp_gain":0,"max_hp_loss":0,"event_name":"Cursed Tome","floor":19,"gold_loss":0},{"damage_healed":0,"gold_gain":99,"player_choice":"Stole From Cult","damage_taken":0,"max_hp_gain":0,"max_hp_loss":0,"event_name":"Nest","floor":20,"gold_loss":0},{"cards_removed":["RobotSpaceExplorer:Arsenal"],"damage_healed":36,"gold_gain":0,"player_choice":"Offered Rare","damage_taken":0,"max_hp_gain":10,"max_hp_loss":0,"event_name":"Bonfire Elementals","floor":21,"gold_loss":0},{"damage_healed":0,"gold_gain":0,"player_choice":"Fight","damage_taken":0,"max_hp_gain":0,"max_hp_loss":0,"event_name":"MindBloom","floor":37,"gold_loss":0},{"damage_healed":0,"gold_gain":0,"player_choice":"Paid","damage_taken":0,"relics_obtained":["Red Mask"],"max_hp_gain":0,"max_hp_loss":0,"event_name":"Tomb of Lord Red Mask","floor":39,"gold_loss":73},{"damage_healed":0,"gold_gain":0,"player_choice":"Memory 1","damage_taken":0,"max_hp_gain":0,"max_hp_loss":0,"event_name":"SensoryStone","floor":44,"gold_loss":0},{"cards_removed":["RobotSpaceExplorer:ShovelStrike"],"damage_healed":0,"gold_gain":0,"player_choice":"Removed Attack","damage_taken":0,"max_hp_gain":0,"max_hp_loss":0,"event_name":"Falling","floor":46,"gold_loss":0}],"is_beta":true,"boss_relics":[{"not_picked":["Busted Crown","Fusion Hammer"],"picked":"RobotSpaceExplorer:Reprocessor"},{"not_picked":["Velvet Choker","Empty Cage"],"picked":"Snecko Eye"}],"items_purged_floors":[7,36],"is_endless":false,"potions_floor_spawned":[6,13,18,28,30,33,38,40,42,47,48,54],"ascension_level":11}}