{"host":"sav7uxregyirlf69","time":1609925161,"event":{"mods":["AchievementEnabler","BaseMod","Colored Map","DeckTracker","Keyboard Shortcuts","Minty Spire (QoL Compilation)","READ ME - Guardian Mod","StSLib","SuperFastMode"],"gold_per_floor":[112,112,125,50,50,67,81,81,81,81,99,124,199,199,199,199,199],"floor_reached":16,"playtime":214,"items_purged":["Strike_G"],"score":200,"play_id":"8414b599-f621-4565-bd01-cfca6f49c21e","local_time":"20210106182601","is_ascension_mode":true,"campfire_choices":[{"data":"Deadly Poison","floor":8,"key":"SMITH"},{"data":"Neutralize","floor":10,"key":"SMITH"},{"data":"Bane","floor":15,"key":"SMITH"}],"circlet_count":0,"master_deck":["AscendersBane","Strike_G","Strike_G","Strike_G","Strike_G","Defend_G","Defend_G","Defend_G","Defend_G","Defend_G","Survivor","Neutralize+1","Deadly Poison+1","Bane+1"],"relics":["Ring of the Snake","Letter Opener","Smiling Mask","InkBottle","Golden Idol"],"acts_visited":["Exordium"],"potions_floor_usage":[12,12],"damage_taken":[{"damage":0,"enemies":"2 Louse","floor":1,"turns":3},{"damage":0,"enemies":"Cultist","floor":3,"turns":4},{"damage":4,"enemies":"Small Slimes","floor":6,"turns":3},{"damage":0,"enemies":"Blue Slaver","floor":7,"turns":4},{"damage":7,"enemies":"3 Louse","floor":11,"turns":4},{"damage":8,"enemies":"Gremlin Nob","floor":12,"turns":3},{"damage":32,"enemies":"Hexaghost","floor":16,"turns":9}],"seed_played":"-2843212896364970327","potions_obtained":[{"floor":0,"key":"Block Potion"},{"floor":0,"key":"Fire Potion"},{"floor":0,"key":"DistilledChaos"},{"floor":6,"key":"Weak Potion"},{"floor":7,"key":"LiquidMemories"}],"is_trial":false,"path_per_floor":["M","?","M","$","$","M","M","R","T","R","M","E","?","?","R","B"],"character_chosen":"THE_SILENT","items_purchased":[],"campfire_rested":0,"item_purchase_floors":[],"current_hp_per_floor":[59,59,59,59,59,55,55,55,55,55,48,40,29,29,29,0,0],"gold":199,"neow_bonus":"THREE_SMALL_POTIONS","is_daily":false,"chose_seed":false,"campfire_upgraded":3,"win_rate":0.0,"timestamp":1609925161,"path_taken":["M","?","M","?","$","M","M","R","T","R","M","E","?","?","R","BOSS"],"items_purchased_type":[],"build_version":"2020-12-22","purchased_purges":1,"victory":false,"max_hp_per_floor":[66,66,66,66,66,66,66,66,66,66,66,66,66,60,60,60,60],"card_choices":[{"not_picked":["Blade Dance","Well Laid Plans"],"picked":"Deadly Poison","floor":1},{"not_picked":["Acrobatics","Cloak And Dagger","Footwork"],"picked":"SKIP","floor":3},{"not_picked":["Deflect","Infinite Blades","Quick Slash"],"picked":"SKIP","floor":6},{"not_picked":["Bane","Blade Dance","Prepared"],"picked":"SKIP","floor":7},{"not_picked":["Expertise","Setup","Dash"],"picked":"SKIP","floor":11},{"not_picked":["Quick Slash","Skewer"],"picked":"Bane","floor":12}],"player_experience":1157081,"relics_obtained":[{"floor":9,"key":"Smiling Mask"},{"floor":12,"key":"InkBottle"}],"event_choices":[{"damage_healed":0,"gold_gain":0,"player_choice":"Gave Potion","damage_taken":0,"relics_obtained":["Letter Opener"],"max_hp_gain":0,"max_hp_loss":0,"event_name":"WeMeetAgain","floor":2,"gold_loss":0},{"damage_healed":0,"gold_gain":75,"player_choice":"Gather Gold","damage_taken":11,"max_hp_gain":0,"max_hp_loss":0,"event_name":"World of Goop","floor":13,"gold_loss":0},{"damage_healed":0,"gold_gain":0,"player_choice":"Lose Max HP","damage_taken":0,"relics_obtained":["Golden Idol"],"max_hp_gain":0,"max_hp_loss":6,"event_name":"Golden Idol","floor":14,"gold_loss":0}],"is_beta":false,"boss_relics":[],"items_purged_floors":[4],"is_endless":false,"potions_floor_spawned":[1,6,7,11],"killed_by":"Hexaghost","ascension_level":20}}