{"host":"a0paspe0zwqgzttz","time":1609947638,"event":{"mods":["AchievementEnabler","Act Like it!","BaseMod","BetterRewards","Colored Powertips","Conspire","Downfall","GifTheSpireLib","Hermit","Highlight Path","Lobotomy","Mad Scientist","Marisa????????","Minty Spire (QoL Compilation)","Quick Restart","Replay The Spire","Robot Space Explorer","Shop Mod","StSLib","SuperFastMode","The Bug Knight","The Construct","The Cursed","The Hierophant","The Jungle","The Mystic","The Necromancer","The Runesmith","The Senshi","The Servant 0.9.4"],"gold_per_floor":[99,114,129,129,144,94,169,269,269,284,349,299,349,111,126,256,256,268,299,361,423,631,643,680,707,748,760,872,884,986,186,201,201,201],"floor_reached":33,"playtime":2293,"items_purged":[],"score":337,"play_id":"44f9fcf4-6b6a-419d-8461-1c75f94a87f8","local_time":"20210106104038","daily_mods":["Specialized","Red Cards","downfall:WorldOfGoo"],"is_ascension_mode":false,"campfire_choices":[{"data":"mysticmod:Dedication","floor":9,"key":"SMITH"},{"floor":18,"key":"DIG"},{"floor":23,"key":"REST"},{"floor":27,"key":"REST"},{"data":"mysticmod:Dedication+1","floor":29,"key":"SMITH"},{"data":"mysticmod:Dedication+2","floor":29,"key":"SMITH"}],"circlet_count":0,"master_deck":["mysticmod:Strike_Mystic","mysticmod:Strike_Mystic","mysticmod:Strike_Mystic","mysticmod:Strike_Mystic","mysticmod:Defend_Mystic","mysticmod:Defend_Mystic","mysticmod:Defend_Mystic","mysticmod:Defend_Mystic","mysticmod:ArcaneDodge","mysticmod:ShockingGrasp","mysticmod:Flurry","mysticmod:Flurry","mysticmod:Flurry","mysticmod:Flurry","mysticmod:Flurry","mysticmod:Snowball","mysticmod:Dedication+3","mysticmod:ComboCaster","mysticmod:Fly","mysticmod:VorpalThrust","mysticmod:MirrorStrike","conspire:SpireCoStock","conspire:SpireCoStock","mysticmod:PowerSlash","mysticmod:Fireball+1","Panache","mysticmod:Riposte","mysticmod:Flourish","mysticmod:ObscuringMist","CurseOfTheBell","mysticmod:Snowball","mysticmod:Fireball+1","mysticmod:HeavyStrike","mysticmod:PunishingArmor","mysticmod:EnergizedRift+1","mysticmod:PureInstinct+1","mysticmod:Shield","mysticmod:CorrosiveTouch+1","mysticmod:Probe","mysticmod:ComboCaster","mysticmod:ComboCaster","mysticmod:Stoneskin","mysticmod:EnchantedMoulinet+1","mysticmod:Disengage","expansioncontent:DashGenerateEvil+1","ReplayTheSpireMod:Private Reserves","ReplayTheSpireMod:Trickstab+1","mysticmod:LightningBolt+1","mysticmod:MagicMissile+1"],"relics":["mysticmod:SpellBook","Ring of Panic","ReplayTheSpireMod:Ring of Sloth","Gremlin Horn","downfall:CloakOfManyFaces","CultistMask","FaceOfCleric","NlothsMask","GremlinMask","SsserpentHead","Calling Bell","MawBank","Divine Protection","Replay:Arrowhead","Replay:Wax Seal","Prayer Wheel","Letter Opener","Art of War","hexamod:BolsterEngine","Molten Egg 2","ReplayTheSpireMod:ShopPack"],"acts_visited":["Exordium","TheCity"],"potions_floor_usage":[8,8,14,16,19,22,22,25,32,32,32,33,33],"damage_taken":[{"damage":7,"enemies":"conspire:RoseBush","floor":2,"turns":2},{"damage":0,"enemies":"Small Slimes","floor":3,"turns":3},{"damage":0,"enemies":"Cultist","floor":5,"turns":3},{"damage":17,"enemies":"downfall:FaceTrader","floor":8,"turns":6},{"damage":0,"enemies":"2 Fungi Beasts","floor":10,"turns":3},{"damage":8,"enemies":"Blue Slaver","floor":11,"turns":3},{"damage":0,"enemies":"downfall:FleeingMerchant","floor":14,"turns":4},{"damage":21,"enemies":"Exordium Wildlife","floor":15,"turns":2},{"damage":13,"enemies":"Fading Forest","floor":16,"turns":11},{"damage":0,"enemies":"Chosen","floor":19,"turns":4},{"damage":62,"enemies":"downfall:Defect","floor":22,"turns":6},{"damage":6,"enemies":"conspire:FuzzyDice","floor":25,"turns":3},{"damage":15,"enemies":"Centurion and Healer","floor":26,"turns":8},{"damage":45,"enemies":"Snake Plant","floor":30,"turns":6},{"damage":2,"enemies":"downfall:FleeingMerchant","floor":31,"turns":4},{"damage":0,"enemies":"Chosen and Byrds","floor":32,"turns":3},{"damage":8,"enemies":"downfall:Silent","floor":33,"turns":4}],"seed_played":"-5218424555718163201","potions_obtained":[{"floor":1,"key":"hexamod:EctoCoolerPotion"},{"floor":1,"key":"Toxic Potion"},{"floor":2,"key":"PowerPotion"},{"floor":8,"key":"PowerPotion"},{"floor":15,"key":"AttackPotion"},{"floor":16,"key":"Milkshake"},{"floor":19,"key":"SneckoOil"},{"floor":20,"key":"CultistPotion"},{"floor":22,"key":"Regen Potion"},{"floor":32,"key":"PowerPotion"}],"is_trial":false,"path_per_floor":["R","M","M","?","M","?","T","?","R","M","M","?","T","$","M","B",null,"R","M","?","?","?","R","T","M","M","R","T","R","M","$","M","B"],"character_chosen":"MYSTIC_CLASS","items_purchased":["mysticmod:Fireball+1","Panache","mysticmod:Riposte","Molten Egg 2","ReplayTheSpireMod:ShopPack","EntropicBrew","mysticmod:ComboCaster","mysticmod:Stoneskin","mysticmod:EnchantedMoulinet+1","mysticmod:Disengage"],"campfire_rested":2,"item_purchase_floors":[14,14,14,31,31,31,31,31,31,31],"current_hp_per_floor":[77,70,70,70,70,70,70,53,53,54,47,47,47,48,28,26,82,82,83,83,67,6,32,32,36,22,49,49,49,5,4,5,0,0],"gold":201,"neow_bonus":"","is_daily":true,"chose_seed":false,"campfire_upgraded":3,"win_rate":0.0,"timestamp":1609947638,"path_taken":["R","M","M","?","M","?","T","?","R","M","?","?","?","?","M","BOSS","R","M","?","?","?","R","T","M","M","R","?","R","?","$","M","BOSS"],"items_purchased_type":["Card","Card","Card","Relic","Relic","Potion","Card","Card","Card","Card"],"build_version":"2020-12-22","purchased_purges":0,"victory":false,"max_hp_per_floor":[77,77,77,77,77,77,77,77,77,78,79,79,79,80,81,82,82,82,83,83,88,89,89,89,90,91,91,91,91,92,93,94,94,94],"card_choices":[{"not_picked":["mysticmod:TomeOfSpells","mysticmod:BulkUp"],"picked":"mysticmod:Snowball","floor":2},{"not_picked":["mysticmod:PowerSlash","mysticmod:MightyMagic"],"picked":"mysticmod:Dedication","floor":3},{"not_picked":["mysticmod:SuddenClarity","mysticmod:PowerSlash"],"picked":"mysticmod:ComboCaster","floor":5},{"not_picked":["mysticmod:Snowball","mysticmod:BladeMaster"],"picked":"mysticmod:Fly","floor":8},{"not_picked":["mysticmod:Disengage","mysticmod:MightyMagic"],"picked":"mysticmod:VorpalThrust","floor":10},{"not_picked":["mysticmod:VorpalThrust","mysticmod:MagicWeapon"],"picked":"mysticmod:MirrorStrike","floor":11},{"not_picked":["mysticmod:BladedDash","mysticmod:Lunge"],"picked":"mysticmod:PowerSlash","floor":14},{"not_picked":["mysticmod:Flurry","mysticmod:Alacrity"],"picked":"mysticmod:Flourish","floor":15},{"not_picked":["mysticmod:Haste","mysticmod:Spellstrike"],"picked":"mysticmod:ObscuringMist","floor":16},{"not_picked":["mysticmod:Riposte","mysticmod:Spellstrike"],"picked":"mysticmod:Snowball","floor":19},{"not_picked":["mysticmod:DiviningBlow","mysticmod:Riposte"],"picked":"mysticmod:Fireball+1","floor":22},{"not_picked":["mysticmod:RapidCaster","mysticmod:EarthenWall"],"picked":"mysticmod:HeavyStrike","floor":25},{"not_picked":["mysticmod:SuddenClarity","mysticmod:Sideswipe"],"picked":"mysticmod:PunishingArmor","floor":25},{"not_picked":["mysticmod:Daze+1","mysticmod:Disengage"],"picked":"mysticmod:EnergizedRift+1","floor":26},{"not_picked":["mysticmod:Shield","mysticmod:CorrosiveTouch"],"picked":"mysticmod:PureInstinct+1","floor":26},{"not_picked":["mysticmod:MightyMagic","mysticmod:SpellCombat"],"picked":"mysticmod:Shield","floor":30},{"not_picked":["mysticmod:Probe","mysticmod:ArcaneAccuracy+1"],"picked":"mysticmod:CorrosiveTouch+1","floor":30},{"not_picked":["mysticmod:Shield","mysticmod:Daze"],"picked":"mysticmod:Probe","floor":31},{"not_picked":["Metamorphosis","ReplayTheSpireMod:Brewmster"],"picked":"expansioncontent:DashGenerateEvil","floor":31},{"not_picked":["expansioncontent:DarkVoid","expansioncontent:Torchfire"],"picked":"ReplayTheSpireMod:Private Reserves","floor":31},{"not_picked":["expansioncontent:CaCaw","expansioncontent:SuperHexaguard"],"picked":"ReplayTheSpireMod:Trickstab","floor":31},{"not_picked":["mysticmod:ComponentsPouch+1","mysticmod:Probe+1"],"picked":"mysticmod:LightningBolt+1","floor":32},{"not_picked":["mysticmod:Daze+1","mysticmod:TomeOfSpells"],"picked":"mysticmod:MagicMissile+1","floor":32}],"player_experience":421193,"relics_obtained":[{"floor":4,"key":"Ring of Panic"},{"floor":4,"key":"ReplayTheSpireMod:Ring of Sloth"},{"floor":7,"key":"Gremlin Horn"},{"floor":8,"key":"downfall:CloakOfManyFaces"},{"floor":17,"key":"MawBank"},{"floor":17,"key":"Divine Protection"},{"floor":17,"key":"Replay:Arrowhead"},{"floor":18,"key":"Replay:Wax Seal"},{"floor":22,"key":"Prayer Wheel"},{"floor":22,"key":"Letter Opener"},{"floor":24,"key":"Art of War"},{"floor":28,"key":"hexamod:BolsterEngine"}],"event_choices":[{"cards_removed":["Spreading Infection"],"damage_healed":0,"gold_gain":0,"player_choice":"Card Removal","damage_taken":0,"max_hp_gain":0,"max_hp_loss":0,"event_name":"The Cleric","floor":6,"gold_loss":50},{"damage_healed":0,"gold_gain":0,"player_choice":"Invest 2","damage_taken":0,"max_hp_gain":0,"max_hp_loss":0,"event_name":"conspire:Investor","floor":12,"gold_loss":0}],"is_beta":false,"boss_relics":[{"not_picked":["Runic Dome","conspire:RunicOctahedron"],"picked":"Calling Bell"}],"items_purged_floors":[],"is_endless":false,"potions_floor_spawned":[2,5,8,15,16,19,22,32],"killed_by":"downfall:Silent","ascension_level":0}}