{"host":"0m7uut7ws4kj19nt","time":1609950376,"event":{"mods":["AchievementEnabler","BaseMod","Minty Spire (QoL Compilation)","Replay The Spire","StSLib","The Cursed","The Necromancer"],"gold_per_floor":[118,118,128,143,155,182,182,208,232,248,283,283,298,222,222,327,327,347,379,304,228,103,103,134,150,177,189,226,197,197,223,223,322,322,342,342,12,26,26,26],"floor_reached":39,"playtime":2348,"items_purged":[],"score":673,"play_id":"16b87c0c-f9ad-452d-b744-1cbe2fd48d23","local_time":"20210106232616","is_ascension_mode":true,"campfire_choices":[{"data":"ReplayTheSpireMod:Scrap Shanks","floor":7.0,"key":"SMITH"},{"floor":12.0,"key":"REST"},{"floor":23.0,"key":"REST"},{"data":"Calculated Gamble","floor":27.0,"key":"SMITH"},{"floor":32.0,"key":"REST"}],"circlet_count":0,"master_deck":["Strike_G","Strike_G","Strike_G","Defend_G","Defend_G+1","Defend_G","Defend_G","Defend_G","Survivor","Neutralize","Blade Dance+1","Finisher","ReplayTheSpireMod:Scrap Shanks+1","Dash","Acrobatics","ReplayTheSpireMod:The Works+1","Unload","Choke","Accuracy","Sneak Up","Tools of the Trade","Calculated Gamble+1","Blade Dance","Secret Weapon+1","Deflect+1","Prepared","Calculated Gamble","Calculated Gamble","Dodge and Roll+1","Wraith Form v2","After Image","Backflip+1","ReplayTheSpireMod:Scrap Shanks","Crippling Poison","Crippling Poison","PiercingWail+1"],"relics":["Ring of the Snake","Blue Doll","Bag of Marbles","Snake Skull","Gremlin Food","SacredBark","Red Mask","Tough Bandages","Ancient Tea Set","MawBank","Dream Catcher","The Courier","ReplayTheSpireMod:DimensionalGlitch","StoneCalendar"],"acts_visited":["Exordium","TheCity","TheBeyond"],"potions_floor_usage":[],"damage_taken":[{"damage":8.0,"enemies":"Jaw Worm","floor":1.0,"turns":5.0},{"damage":1.0,"enemies":"Cultist","floor":3.0,"turns":4.0},{"damage":0.0,"enemies":"2 Louse","floor":4.0,"turns":2.0},{"damage":2.0,"enemies":"Red Slaver","floor":5.0,"turns":3.0},{"damage":32.0,"enemies":"Gremlin Nob","floor":6.0,"turns":4.0},{"damage":9.0,"enemies":"3 Sentries","floor":8.0,"turns":9.0},{"damage":1.0,"enemies":"Exordium Thugs","floor":10.0,"turns":3.0},{"damage":13.0,"enemies":"Gremlin Nob","floor":11.0,"turns":3.0},{"damage":0.0,"enemies":"2 Fungi Beasts","floor":13.0,"turns":1.0},{"damage":24.0,"enemies":"Fading Forest","floor":16.0,"turns":11.0},{"damage":28.0,"enemies":"Shell Parasite","floor":18.0,"turns":5.0},{"damage":7.0,"enemies":"Masked Bandits","floor":19.0,"turns":3.0},{"damage":0.0,"enemies":"Gremlin Leader","floor":24.0,"turns":1.0},{"damage":0.0,"enemies":"3 Byrds","floor":25.0,"turns":3.0},{"damage":17.0,"enemies":"Slavers","floor":28.0,"turns":5.0},{"damage":28.0,"enemies":"Gremlin Leader","floor":31.0,"turns":6.0},{"damage":49.0,"enemies":"Champ","floor":33.0,"turns":11.0},{"damage":0.0,"enemies":"Orb Walker","floor":35.0,"turns":2.0},{"damage":28.0,"enemies":"3 Shapes","floor":38.0,"turns":7.0},{"damage":62,"enemies":"Transient","floor":39,"turns":5}],"seed_played":"1768428637884606979","potions_obtained":[{"floor":1.0,"key":"Venom Potion"},{"floor":3.0,"key":"LiquidBronze"},{"floor":8.0,"key":"Dexterity Potion"},{"floor":10.0,"key":"Explosive Potion"},{"floor":18.0,"key":"CunningPotion"},{"floor":24.0,"key":"Energy Potion"}],"is_trial":false,"path_per_floor":["M","?","M","M","M","E","R","E","T","M","E","R","M","$","R","B",null,"M","?","?","?","$","R","E","M","T","R","E","$","?","E","R","B",null,"M","?","$","M","M"],"character_chosen":"THE_SILENT","items_purchased":["Accuracy","Secret Weapon+1","Calculated Gamble","ReplayTheSpireMod:Scrap Shanks","Crippling Poison","StoneCalendar"],"campfire_rested":3,"item_purchase_floors":[14,22,29,37,37,37],"current_hp_per_floor":[62,77,76,76,74,42,42,33,33,32,19,42,42,42,42,18,62,34,27,27,27,27,50,50,50,50,50,33,33,58,30,53,4,59,59,48,48,20,0,0],"gold":26,"neow_bonus":"TEN_PERCENT_HP_BONUS","is_daily":false,"chose_seed":false,"campfire_upgraded":2,"win_rate":0.0,"timestamp":1609950376,"path_taken":["M","?","M","M","M","E","R","E","T","M","E","R","?","$","R","BOSS","M","?","?","?","$","R","E","?","T","R","E","?","?","E","R","BOSS","M","?","$","?","M"],"items_purchased_type":["Card","Card","Card","Card","Card","Relic"],"build_version":"2020-12-22","purchased_purges":0,"victory":false,"max_hp_per_floor":[77,77,77,77,77,77,77,77,77,77,77,77,77,77,77,77,77,77,77,77,77,77,77,77,77,77,77,77,77,77,77,77,77,77,77,77,77,77,77,77],"card_choices":[{"not_picked":["Deadly Poison","ReplayTheSpireMod:Tripwire"],"picked":"Blade Dance","floor":1.0},{"not_picked":["Poisoned Stab","Flying Knee"],"picked":"Finisher","floor":3.0},{"not_picked":["Underhanded Strike","Endless Agony"],"picked":"ReplayTheSpireMod:Scrap Shanks","floor":4.0},{"not_picked":["Deflect","Finisher"],"picked":"Dash","floor":5.0},{"not_picked":["Quick Slash","ReplayTheSpireMod:Scrap Shanks"],"picked":"Acrobatics","floor":6.0},{"not_picked":["Reflex","Heel Hook"],"picked":"ReplayTheSpireMod:The Works","floor":8.0},{"not_picked":["Dagger Throw","Flying Knee"],"picked":"Unload","floor":10.0},{"not_picked":["Deadly Poison","Slice","Sucker Punch"],"picked":"SKIP","floor":11.0},{"not_picked":["Deadly Poison","Cloak And Dagger"],"picked":"Choke","floor":13.0},{"not_picked":["ReplayTheSpireMod:Necrosis","ReplayTheSpireMod:From All Sides"],"picked":"Tools of the Trade","floor":16.0},{"not_picked":["Masterful Stab+1","PiercingWail"],"picked":"Calculated Gamble","floor":18.0},{"not_picked":["Acrobatics","Dagger Throw"],"picked":"Blade Dance","floor":19.0},{"not_picked":["Sneak Up+1","Distraction","Replay:Poison Smokescreen+1"],"picked":"SKIP","floor":24.0},{"not_picked":["Draining Mist","Bane"],"picked":"Deflect+1","floor":25.0},{"not_picked":["Catalyst","Slice"],"picked":"Prepared","floor":28.0},{"not_picked":["ReplayTheSpireMod:From All Sides","Deflect+1"],"picked":"Dodge and Roll+1","floor":31.0},{"not_picked":["Quick Slash","Well Laid Plans"],"picked":"Wraith Form v2","floor":32.0},{"not_picked":["Bullet Time","Corpse Explosion"],"picked":"After Image","floor":33.0},{"not_picked":["Deadly Poison+1","Deflect+1"],"picked":"Backflip+1","floor":35.0},{"not_picked":["Quick Slash+1","Flying Knee+1"],"picked":"PiercingWail+1","floor":38.0}],"player_experience":142796,"relics_obtained":[{"floor":6.0,"key":"Blue Doll"},{"floor":8.0,"key":"Bag of Marbles"},{"floor":9.0,"key":"Snake Skull"},{"floor":11.0,"key":"Gremlin Food"},{"floor":19.0,"key":"Red Mask"},{"floor":24.0,"key":"Ancient Tea Set"},{"floor":26.0,"key":"MawBank"},{"floor":28.0,"key":"Dream Catcher"},{"floor":31.0,"key":"The Courier"}],"event_choices":[{"damage_healed":15.0,"max_hp_gain":0.0,"max_hp_loss":0.0,"gold_gain":0.0,"event_name":"Wheel of Change","player_choice":"Full Heal","floor":2.0,"gold_loss":0.0,"damage_taken":0.0},{"damage_healed":0.0,"max_hp_gain":0.0,"max_hp_loss":0.0,"gold_gain":0.0,"event_name":"Masked Bandits","player_choice":"Fought Bandits","floor":19.0,"gold_loss":0.0,"damage_taken":0.0},{"cards_removed":["Strike_G"],"damage_healed":0.0,"max_hp_gain":0.0,"max_hp_loss":0.0,"gold_gain":0.0,"event_name":"Beggar","player_choice":"Gave Gold","floor":20.0,"gold_loss":75.0,"damage_taken":0.0},{"damage_healed":0.0,"max_hp_gain":0.0,"max_hp_loss":0.0,"gold_gain":0.0,"event_name":"WeMeetAgain","player_choice":"Paid Gold","floor":21.0,"gold_loss":76.0,"damage_taken":0.0,"relics_obtained":["Tough Bandages"]},{"damage_healed":25.0,"max_hp_gain":0.0,"max_hp_loss":0.0,"gold_gain":0.0,"event_name":"The Library","player_choice":"Heal","floor":30.0,"gold_loss":0.0,"damage_taken":0.0},{"damage_healed":0.0,"max_hp_gain":0.0,"max_hp_loss":0.0,"gold_gain":0.0,"event_name":"Wheel of Change","player_choice":"Damaged","floor":36.0,"gold_loss":0.0,"damage_taken":7.0}],"is_beta":false,"boss_relics":[{"not_picked":["Painkiller Herb","Busted Crown"],"picked":"SacredBark"},{"not_picked":["Ring of Chaos","Velvet Choker"],"picked":"ReplayTheSpireMod:DimensionalGlitch"}],"items_purged_floors":[],"is_endless":false,"potions_floor_spawned":[1,3,8,10,13,18,24],"killed_by":"Transient","ascension_level":7}}