{"host":"s9mizfpm0ux1oq2e","time":1609919908,"event":{"mods":["Aspiration","BaseMod","Downfall","Minty Spire (QoL Compilation)","Permanent Neow","Replay The Spire","StSLib","SuperFastMode"],"gold_per_floor":[99,116,135,147,165,165,165,165,176,176,196,208,208,228,241,241,241,241],"floor_reached":16,"playtime":767,"items_purged":[],"score":98,"play_id":"99afbacd-5991-45a9-bbc1-dabe07c59f87","local_time":"25640106145828","is_ascension_mode":false,"campfire_choices":[{"data":"hexamod:Float","floor":1,"key":"SMITH"},{"data":"hexamod:Hexaguard","floor":6,"key":"SMITH"},{"data":"hexamod:GhostShield","floor":10,"key":"SMITH"},{"data":"hexamod:TimeWarp","floor":13,"key":"SMITH"}],"circlet_count":0,"master_deck":["hexamod:Strike","hexamod:Strike","hexamod:Strike","hexamod:Strike","hexamod:Defend","hexamod:Defend","hexamod:Defend","hexamod:Defend","hexamod:Sear","hexamod:Float+1","hexamod:GhostShield+1","hexamod:RainOfEmbers","hexamod:Hexaguard+1","hexamod:FirstSeal","hexamod:Hexaguard","hexamod:TimeWarp+1","hexamod:EtherealExpedition","hexamod:EtherealExpedition"],"relics":["hexamod:SpiritBrand","hexamod:MatchstickCase","Gremlin Horn","Chameleon Ring"],"acts_visited":["Exordium"],"potions_floor_usage":[16],"damage_taken":[{"damage":2,"enemies":"2 Louse","floor":2,"turns":3},{"damage":0,"enemies":"Small Slimes","floor":3,"turns":4},{"damage":0,"enemies":"Cultist","floor":4,"turns":3},{"damage":1,"enemies":"Blue Slaver","floor":5,"turns":4},{"damage":5,"enemies":"Gremlin Gang","floor":9,"turns":7},{"damage":3,"enemies":"Lots of Slimes","floor":11,"turns":5},{"damage":2,"enemies":"2 Fungi Beasts","floor":12,"turns":5},{"damage":0,"enemies":"Blue Slaver","floor":14,"turns":3},{"damage":0,"enemies":"Red Slaver","floor":15,"turns":3},{"damage":81,"enemies":"downfall:Ironclad","floor":16,"turns":14}],"seed_played":"-549335681693438726","potions_obtained":[{"floor":3,"key":"Weak Potion"},{"floor":5,"key":"Ancient Potion"},{"floor":11,"key":"SpeedPotion"},{"floor":12,"key":"Swift Potion"}],"is_trial":false,"path_per_floor":["R","M","M","M","M","R","T","?","M","R","M","M","R","M","M","B"],"character_chosen":"THE_SPIRIT","items_purchased":[],"campfire_rested":0,"item_purchase_floors":[],"current_hp_per_floor":[70,68,68,68,67,67,67,60,55,55,59,64,64,70,70,0,0,0],"gold":241,"neow_bonus":"RANDOM_COMMON_RELIC","is_daily":false,"chose_seed":false,"campfire_upgraded":4,"win_rate":0.0,"timestamp":1609919908,"path_taken":["R","M","M","M","M","R","T","?","M","R","M","M","R","M","M","BOSS"],"items_purchased_type":[],"build_version":"2020-12-22","purchased_purges":0,"victory":false,"max_hp_per_floor":[70,70,70,70,70,70,70,70,70,70,70,70,70,70,70,70,70,70],"card_choices":[{"not_picked":["hexamod:Firestarter","hexamod:NightmareGuise","hexamod:PhantomFireball"],"picked":"SKIP","floor":2},{"not_picked":["hexamod:NecessarySacrifice","hexamod:HeatMetal"],"picked":"hexamod:GhostShield","floor":3},{"not_picked":["hexamod:BacktrackSmack","hexamod:ShieldOfDarkness"],"picked":"hexamod:RainOfEmbers","floor":4},{"not_picked":["hexamod:InspiringFlames","hexamod:SwordOfDarkness"],"picked":"hexamod:Hexaguard","floor":5},{"not_picked":["hexamod:CatchUp","hexamod:FastForward"],"picked":"hexamod:FirstSeal","floor":9},{"not_picked":["hexamod:ShieldOfDarkness","hexamod:Incineration"],"picked":"hexamod:Hexaguard","floor":11},{"not_picked":["hexamod:RainOfEmbers","hexamod:SwordOfDarkness"],"picked":"hexamod:TimeWarp","floor":12},{"not_picked":["hexamod:NightmareGuise","hexamod:GhostLash"],"picked":"hexamod:EtherealExpedition","floor":14},{"not_picked":["hexamod:HauntingEcho","hexamod:ShieldOfDarkness"],"picked":"hexamod:EtherealExpedition","floor":15}],"player_experience":171375,"relics_obtained":[{"floor":7,"key":"Gremlin Horn"}],"event_choices":[{"damage_healed":0,"gold_gain":0,"player_choice":"Success","damage_taken":7,"relics_obtained":["Chameleon Ring"],"max_hp_gain":0,"max_hp_loss":0,"event_name":"Scrap Ooze","floor":8,"gold_loss":0}],"is_beta":false,"boss_relics":[],"items_purged_floors":[],"is_endless":false,"potions_floor_spawned":[3,5,11,12,14],"killed_by":"downfall:Ironclad","ascension_level":0}}