{"host":"mtg945c5jssv10ty","time":1609898541,"event":{"mods":["Ascension Unlocker","BaseMod","Downfall","Minty Spire (QoL Compilation)","StSLib","SuperFastMode"],"gold_per_floor":[99,115,115,115,115,115,170,188,199,210,220,120,136,46,65,161,161,161,177,177,177,177,277,330,341,341,361,361,346,346,364,376,376,376,376],"floor_reached":33,"playtime":1197,"items_purged":["Pain"],"score":301,"play_id":"74a295a3-d99c-485f-b4e7-a4ba4efe6a37","local_time":"20210105210221","is_ascension_mode":true,"campfire_choices":[{"floor":1.0,"key":"RECALL"},{"data":"champ:ViciousMockery","floor":12.0,"key":"SMITH"},{"data":"champ:CrownThrow","floor":18.0,"key":"SMITH"},{"floor":26.0,"key":"REST"},{"data":"champ:StanceDance","floor":30,"key":"SMITH"}],"circlet_count":0,"master_deck":["champ:Strike+1","champ:Strike","champ:Strike+1","champ:Strike","champ:Defend+1","champ:Defend","champ:Execute","champ:Taunt+1","champ:CrownThrow+1","downfall:Malfunctioning","champ:ViciousMockery+1","champ:StanceDance","champ:ArenaPreparation","champ:CrownThrow","champ:RisingSlash","champ:CrownThrow+1","champ:RageSigil","champ:LastStand","champ:CrownThrow","Writhe","champ:Endure","champ:StanceDance+1","champ:Haymaker","J.A.X.","champ:RageSigil","champ:EnGarde","champ:FanOfKnives+1","champ:PreciseThrust+1","champ:EndlessRage+1"],"relics":["champ:ChampionCrown","Regal Pillow","Orichalcum","downfall:HeartBlessingRed","champ:PowerArmor","Darkstone Periapt","champ:FightingForDummies","MutagenicStrength","Juzu Bracelet"],"acts_visited":["Exordium","TheCity"],"potions_floor_usage":[33,33,33],"damage_taken":[{"damage":5.0,"enemies":"Small Slimes","floor":2.0,"turns":3.0},{"damage":6.0,"enemies":"Jaw Worm","floor":8.0,"turns":4.0},{"damage":9.0,"enemies":"Cultist","floor":9.0,"turns":3.0},{"damage":22.0,"enemies":"Lots of Slimes","floor":10.0,"turns":5.0},{"damage":1.0,"enemies":"2 Fungi Beasts","floor":11.0,"turns":3.0},{"damage":8.0,"enemies":"Blue Slaver","floor":13.0,"turns":2.0},{"damage":16.0,"enemies":"downfall:FleeingMerchant","floor":14.0,"turns":4.0},{"damage":21.0,"enemies":"2 Fungi Beasts","floor":15.0,"turns":3.0},{"damage":59.0,"enemies":"downfall:Defect","floor":16.0,"turns":6.0},{"damage":10.0,"enemies":"3 Byrds","floor":19.0,"turns":4.0},{"damage":66.0,"enemies":"downfall:Augmenter","floor":23.0,"turns":6.0},{"damage":5.0,"enemies":"Spheric Guardian","floor":25.0,"turns":2.0},{"damage":33.0,"enemies":"Shelled Parasite and Fungi","floor":27.0,"turns":5.0},{"damage":22.0,"enemies":"downfall:FleeingMerchant","floor":29.0,"turns":4.0},{"damage":32,"enemies":"Cultist and Chosen","floor":31,"turns":4},{"damage":27,"enemies":"Snecko","floor":32,"turns":5},{"damage":61,"enemies":"downfall:Silent","floor":33,"turns":8}],"seed_played":"-1689733560918526708","potions_obtained":[{"floor":9.0,"key":"champ:OpenerPotion"},{"floor":10.0,"key":"champ:TechniquePotion"},{"floor":13.0,"key":"champ:CounterPotion"},{"floor":15.0,"key":"SteroidPotion"},{"floor":27.0,"key":"Explosive Potion"},{"floor":32,"key":"BlessingOfTheForge"}],"is_trial":false,"path_per_floor":["R","M","?","?","?","?","T","M","M","M","M","R","M","$","M","B",null,"R","M","?","?","?","?","T","M","R","M","?","$","R","M","M","B"],"character_chosen":"THE_CHAMP","items_purchased":[],"campfire_rested":1,"item_purchase_floors":[],"current_hp_per_floor":[99,99,96,96,96,96,96,90,86,64,63,63,55,52,45,26,99,99,99,105,111,88,51,51,51,100,79,79,76,76,74,59,0,0,0],"gold":376,"neow_bonus":"TEN_PERCENT_HP_BONUS","is_daily":false,"chose_seed":false,"campfire_upgraded":3,"win_rate":0.0,"timestamp":1609898541,"path_taken":["R","M","?","?","?","?","T","M","M","M","M","R","?","?","M","BOSS","R","M","?","?","?","?","T","M","R","M","?","$","R","M","M","BOSS"],"items_purchased_type":[],"build_version":"2020-12-22","purchased_purges":1,"victory":false,"max_hp_per_floor":[99,99,99,99,99,99,99,99,99,99,99,99,99,99,99,99,99,99,99,105,111,116,116,116,116,116,116,116,116,116,116,116,116,116,116],"card_choices":[{"not_picked":["champ:SetATrap","champ:GladiatorStyle"],"picked":"champ:CrownThrow","floor":2.0},{"not_picked":["champ:RisingSlash","champ:CrownThrow"],"picked":"champ:ViciousMockery","floor":8.0},{"not_picked":["champ:DefensiveShout","champ:SkillfulDodge"],"picked":"champ:StanceDance","floor":9.0},{"not_picked":["champ:RisingSlash","champ:CalledShot"],"picked":"champ:ArenaPreparation","floor":10.0},{"not_picked":["champ:Backstep","champ:BerserkerStyle"],"picked":"champ:CrownThrow","floor":11.0},{"not_picked":["champ:FlashCut","champ:Circumvent"],"picked":"champ:RisingSlash","floor":13.0},{"not_picked":["champ:RisingSlash","champ:TornadoPunch"],"picked":"champ:CrownThrow","floor":14.0},{"not_picked":["champ:DefensiveShout","champ:PreemptiveStrike"],"picked":"champ:RageSigil","floor":15.0},{"not_picked":["champ:StrikeOfGenius","champ:HeavySlash"],"picked":"champ:LastStand","floor":16.0},{"not_picked":["champ:BladeFlurry","champ:FancyFootwork"],"picked":"champ:CrownThrow","floor":19.0},{"not_picked":["champ:RisingSlash","champ:Shatter"],"picked":"champ:Haymaker","floor":23.0},{"not_picked":[],"picked":"J.A.X.","floor":23.0},{"not_picked":["champ:GutPunch","champ:StanceDance"],"picked":"champ:RageSigil","floor":25.0},{"not_picked":["champ:DefensiveShout","champ:TornadoPunch"],"picked":"champ:EnGarde","floor":27.0},{"not_picked":["champ:BerserkerStyle","champ:BerserkersShout"],"picked":"champ:FanOfKnives+1","floor":29},{"not_picked":["champ:FanOfKnives","champ:Circumvent"],"picked":"champ:PreciseThrust+1","floor":31},{"not_picked":["champ:FocusedDefense","champ:CrookedStrike"],"picked":"champ:EndlessRage+1","floor":32}],"player_experience":191574,"relics_obtained":[{"floor":7.0,"key":"Orichalcum"},{"floor":23.0,"key":"MutagenicStrength"},{"floor":24.0,"key":"Juzu Bracelet"}],"event_choices":[{"damage_healed":0.0,"max_hp_gain":0.0,"max_hp_loss":0.0,"gold_gain":0.0,"event_name":"Scrap Ooze","player_choice":"Success","floor":3.0,"gold_loss":0.0,"damage_taken":3.0,"relics_obtained":["Regal Pillow"]},{"damage_healed":0.0,"max_hp_gain":0.0,"max_hp_loss":0.0,"gold_gain":0.0,"event_name":"Addict","player_choice":"Stole Relic","floor":20.0,"gold_loss":0.0,"damage_taken":0.0,"relics_obtained":["Darkstone Periapt"],"cards_obtained":["Pride"]}],"is_beta":false,"boss_relics":[{"not_picked":["Astrolabe","Runic Pyramid"],"picked":"champ:PowerArmor"}],"items_purged_floors":[14],"is_endless":false,"potions_floor_spawned":[9,10,13,15,27,32],"killed_by":"downfall:Silent","ascension_level":1}}