{"host":"cbabs5wvj1yqiyjm","time":1609967348,"event":{"mods":["AchievementEnabler","Act Like it!","Bartender","BaseMod","Bestiary","Better Third Choice","BetterRewards","Colored Powertips","Downfall","Friendly Minions","Hallownest","Hermit","Infinite Spire","Marisa????????","Minty Spire (QoL Compilation)","Rare Cards Sparkle","Replay The Spire","SOS???????","Spicy Shops","StSLib","Td1madao Mod","The Bladedancer","The Bug Knight","The Cursed","The Disciple","The Forsaken","The Marked","The Necromancer","The Servant 0.9.4","Wandering Minibosses","???Mod??????Boss"],"gold_per_floor":[114,21,38,38,55,55,55,55,70,70,70,70,80,91,91,46,46,150,200,214,214,229,247,247,247,267,267,293,293,58,31,31,41,141,239,239,253,253,281,281,281,328,328,369,369,369,369,369],"floor_reached":47,"playtime":3072,"items_purged":[],"score":593,"play_id":"24f2dd94-0453-483d-846a-9ae50d1227d5","local_time":"20210106160908","is_ascension_mode":false,"campfire_choices":[{"data":"Fight_Dirty","floor":8,"key":"SMITH"},{"floor":12,"key":"REST"},{"floor":15,"key":"REST"},{"floor":17,"key":"REST"},{"floor":25,"key":"REST"},{"floor":27,"key":"REST"},{"floor":29,"key":"REST"},{"floor":43,"key":"REST"}],"circlet_count":0,"master_deck":["Strike_Bartender","Strike_Bartender","Strike_Bartender","Strike_Bartender","Defend_Bartender","Defend_Bartender","Defend_Bartender","Defend_Bartender","Somersault","Waterkick+1","Center_Self+1","Fight_Dirty+1","Rope_A_Dope","Cross","Dart","Step_Of_The_Wind+1","Torment","Foot_Thrust","Dolphin_Blow","Snap_Punch","Phantom_Blow","Dragonkick","Power_Up_Punch+1","Meditate","Pony_Shot","Feint+1","ThreeSidedStar","High_Tide+1","Mirage+1","ReplayTheSpireMod:??????????????????????","Step_Of_The_Wind+1","Power_Up_Punch+1","Bitters+1"],"relics":["Sneakers","infinitespire:Golems Mask","infinitespire:PuzzleCube","Tiny House","Counterbalance","Gremlin Food","Replay:PocketPolymizer","infinitespire:EvilPickle","Painkiller Herb","theForsaken:Gavel","InkBottle"],"acts_visited":["Exordium","TheCity","TheBeyond"],"potions_floor_usage":[35,35,42,44,46],"damage_taken":[{"damage":1,"enemies":"Cultist","floor":1,"turns":4},{"damage":6,"enemies":"Jaw Worm","floor":3,"turns":5},{"damage":0,"enemies":"Small Slimes","floor":5,"turns":3},{"damage":2,"enemies":"Exordium Thugs","floor":9,"turns":4},{"damage":5,"enemies":"Blue Slaver","floor":13,"turns":4},{"damage":13,"enemies":"3 Louse","floor":14,"turns":4},{"damage":4,"enemies":"Looter","floor":16,"turns":5},{"damage":42,"enemies":"Hexaghost","floor":18,"turns":12},{"damage":34,"enemies":"Spheric Guardian","floor":20,"turns":8},{"damage":0,"enemies":"Chosen","floor":22,"turns":6},{"damage":7,"enemies":"Snecko","floor":23,"turns":6},{"damage":28,"enemies":"Cultist and Chosen","floor":26,"turns":8},{"damage":7,"enemies":"Centurion and Healer","floor":33,"turns":9},{"damage":59,"enemies":"Pondfish","floor":35,"turns":12},{"damage":61,"enemies":"3 Shapes","floor":37,"turns":5},{"damage":13,"enemies":"Orb Walker","floor":39,"turns":5},{"damage":56,"enemies":"Reptomancer","floor":42,"turns":12},{"damage":11,"enemies":"Transient","floor":44,"turns":5},{"damage":13,"enemies":"Orin","floor":46,"turns":6},{"damage":13,"enemies":"Spire Growth","floor":47,"turns":3}],"seed_played":"2669710926856160675","potions_obtained":[{"floor":1,"key":"Swift Potion"},{"floor":3,"key":"PowerPotion"},{"floor":14,"key":"Energy Potion"},{"floor":18,"key":"Weak Potion"},{"floor":33,"key":"Reflective Coating"},{"floor":35,"key":"PowerPotion"},{"floor":39,"key":"Slimebound:ThreeZeroPotion"},{"floor":44,"key":"SmokeBomb"}],"is_trial":false,"path_per_floor":["M","$","M","?","M","PTL","PTL","R","M","T","T","R","M","M","R","M","R","B",null,"M","?","M","M","AVR","R","M","R","T","R","$","$","?","M","R","B",null,"?","AVR","?","?","?","E","T","?","T","?","?"],"character_chosen":"BARTENDER","items_purchased":["Center_Self","Fight_Dirty","Meditate","Raptor_Form","Replay:PocketPolymizer","Pony_Shot"],"campfire_rested":7,"item_purchase_floors":[2,2,30,30,30,31],"current_hp_per_floor":[76,76,70,70,70,70,70,70,68,68,68,77,72,59,77,73,77,35,82,48,48,48,41,41,65,37,61,61,82,82,82,82,75,75,16,82,21,21,8,8,72,16,37,26,26,13,0,0],"gold":369,"neow_bonus":"TEN_PERCENT_HP_BONUS","is_daily":false,"chose_seed":false,"campfire_upgraded":1,"win_rate":0.0,"timestamp":1609967348,"path_taken":["M","?","M","?","?","PTL","PTL","R","M","?","T","R","M","M","R","M","R","BOSS","M","?","M","M","AVR","R","M","R","T","R","?","$","?","M","R","BOSS","?","AVR","?","?","?","E","T","?","T","?","?"],"items_purchased_type":["Card","Card","Card","Card","Relic","Card"],"build_version":"2020-12-22","purchased_purges":0,"victory":false,"max_hp_per_floor":[77,77,77,77,77,77,77,77,77,77,77,77,77,77,77,77,77,77,82,82,82,82,82,82,82,82,82,82,82,82,82,82,82,82,82,82,82,82,82,82,72,72,72,72,72,72,72,72],"card_choices":[{"not_picked":["Meteodrive","Foot_Thrust"],"picked":"Waterkick","floor":1},{"not_picked":["OpoOpo_Form","Power_Up_Punch"],"picked":"Rope_A_Dope","floor":3},{"not_picked":["Rising_Crane","Raptor_Form"],"picked":"Cross","floor":5},{"not_picked":["Cross","Ball_Of_Ice"],"picked":"Dart","floor":9},{"not_picked":["Glare","OpoOpo_Form"],"picked":"Step_Of_The_Wind","floor":13},{"not_picked":["Bloodbath_Bartender","Fading_Blow"],"picked":"Torment","floor":14},{"not_picked":["Scoop","Free_Pour"],"picked":"Foot_Thrust","floor":16},{"not_picked":["Form_Shift","Spirits_Within"],"picked":"Dolphin_Blow","floor":18},{"not_picked":["Dancing_Jab","Well_Drinks"],"picked":"Snap_Punch","floor":19},{"not_picked":["Dancing_Jab","Feint"],"picked":"Phantom_Blow","floor":20},{"not_picked":["Stick_and_Move","Glare"],"picked":"Dragonkick","floor":22},{"not_picked":["With_A_Twist","Fading_Blow"],"picked":"Power_Up_Punch+1","floor":23},{"not_picked":["Cross","Rope_A_Dope+1"],"picked":"Step_Of_The_Wind","floor":26},{"not_picked":["Bicycle_Kick","Rising_Crane+1"],"picked":"Feint+1","floor":33},{"not_picked":["Spirits_Within","Dolphin_Blow"],"picked":"High_Tide","floor":35},{"not_picked":["Greased_Lightning+1","Sucker_Punch"],"picked":"Mirage+1","floor":37},{"not_picked":["Center_Self","Dancing_Jab+1"],"picked":"Step_Of_The_Wind+1","floor":39},{"not_picked":["Free_Pour","Insight_B"],"picked":"Power_Up_Punch+1","floor":42},{"not_picked":["Rising_Crane","Stick_and_Move"],"picked":"Bitters+1","floor":44}],"player_experience":27196,"relics_obtained":[{"floor":10,"key":"infinitespire:Golems Mask"},{"floor":11,"key":"infinitespire:PuzzleCube"},{"floor":28,"key":"Gremlin Food"},{"floor":42,"key":"theForsaken:Gavel"},{"floor":45,"key":"InkBottle"}],"event_choices":[{"damage_healed":0,"gold_gain":0,"player_choice":"Forge","damage_taken":0,"max_hp_gain":0,"max_hp_loss":0,"event_name":"Accursed Blacksmith","floor":4,"gold_loss":0,"cards_upgraded":["Waterkick"]},{"damage_healed":0,"gold_gain":0,"player_choice":"Ignored","damage_taken":0,"max_hp_gain":0,"max_hp_loss":0,"event_name":"Beggar","floor":21,"gold_loss":0},{"cards_removed":["Raptor_Form"],"damage_healed":0,"gold_gain":0,"player_choice":"Removed Power","damage_taken":0,"max_hp_gain":0,"max_hp_loss":0,"event_name":"Falling","floor":40,"gold_loss":0},{"damage_healed":72,"gold_gain":0,"player_choice":"Heal","damage_taken":0,"max_hp_gain":0,"max_hp_loss":10,"event_name":"The Moai Head","floor":41,"gold_loss":0},{"damage_healed":0,"gold_gain":0,"player_choice":"Fight","damage_taken":0,"max_hp_gain":0,"max_hp_loss":0,"event_name":"OrinTheCat","floor":46,"gold_loss":0}],"is_beta":false,"boss_relics":[{"not_picked":["Sozu","Silver_Glasses"],"picked":"Tiny House"},{"not_picked":["Replay:Drink Me","infinitespire:Cupcake"],"picked":"Painkiller Herb"}],"items_purged_floors":[],"is_endless":false,"potions_floor_spawned":[1,3,14,18,22,23,33,35,39,44],"killed_by":"Spire Growth","ascension_level":0}}