{"host":"f1miojwxaupu79sp","time":1609933888,"event":{"mods":["BaseMod","Better Vampires","Minty Spire (QoL Compilation)","Shop Mod"],"gold_per_floor":[114,114,130,55,55,90,90,109,109,129,148,148,162,192,192,269,269,283,283,283,18,29,29,47,47,47,64,78,78,78,78,78,155,155,167,177,177,187,187,187,187,187,187,205,205,231,249,94,94,94,94],"floor_reached":50,"playtime":9979,"items_purged":["Strike_G","Writhe"],"score":802,"play_id":"324eeb03-87c0-4b9c-aa29-deb73515b924","local_time":"20210106065128","is_ascension_mode":true,"campfire_choices":[{"data":"Dagger Throw","floor":7,"key":"SMITH"},{"data":"Noxious Fumes","floor":12,"key":"SMITH"},{"floor":15,"key":"REST"},{"data":"Adrenaline","floor":23,"key":"SMITH"},{"data":"Bane","floor":25,"key":"SMITH"},{"data":"Leg Sweep","floor":30,"key":"SMITH"},{"data":"Doppelganger","floor":32,"key":"SMITH"},{"data":"Noxious Fumes","floor":40,"key":"SMITH"},{"floor":42,"key":"REST"},{"data":"Madness","floor":45,"key":"SMITH"},{"floor":49,"key":"REST"}],"circlet_count":0,"master_deck":["AscendersBane","Strike_G+1","Strike_G+1","Defend_G+1","Defend_G+1","Defend_G+1","Defend_G+1","Defend_G+1","Survivor","Neutralize+1","PiercingWail","Dagger Throw+1","Backstab","Noxious Fumes+1","Backstab","Prepared","Adrenaline+1","Good Instincts","Noxious Fumes+1","Bane+1","Leg Sweep+1","Doppelganger+1","Blur+1","Madness","Madness+1","Quick Slash+1","Backstab+1","Adrenaline"],"relics":["Ring of the Snake","Pocketwatch","GremlinMask","Regal Pillow","Thread and Needle","Empty Cage","Juzu Bracelet","Calipers","MutagenicStrength","SlaversCollar","Ornamental Fan","Bag of Preparation"],"acts_visited":["Exordium","TheCity","TheBeyond"],"potions_floor_usage":[16,16,44,46,46,50],"damage_taken":[{"damage":0,"enemies":"2 Louse","floor":1,"turns":3},{"damage":2,"enemies":"Cultist","floor":3,"turns":5},{"damage":17,"enemies":"Gremlin Nob","floor":6,"turns":5},{"damage":2,"enemies":"Jaw Worm","floor":8,"turns":4},{"damage":0,"enemies":"2 Fungi Beasts","floor":10,"turns":3},{"damage":0,"enemies":"Looter","floor":11,"turns":3},{"damage":7,"enemies":"Large Slime","floor":13,"turns":5},{"damage":12,"enemies":"The Guardian","floor":16,"turns":13},{"damage":0,"enemies":"Chosen","floor":18,"turns":6},{"damage":0,"enemies":"3 Byrds","floor":22,"turns":6},{"damage":2,"enemies":"Centurion and Healer","floor":24,"turns":10},{"damage":8,"enemies":"Cultist and Chosen","floor":27,"turns":6},{"damage":0,"enemies":"Snake Plant","floor":28,"turns":5},{"damage":17,"enemies":"Collector","floor":33,"turns":11},{"damage":16,"enemies":"3 Darklings","floor":35,"turns":7},{"damage":0,"enemies":"3 Shapes","floor":36,"turns":6},{"damage":2,"enemies":"3 Darklings","floor":38,"turns":7},{"damage":10,"enemies":"Transient","floor":44,"turns":5},{"damage":40,"enemies":"Reptomancer","floor":46,"turns":9},{"damage":9,"enemies":"Maw","floor":47,"turns":9},{"damage":44,"enemies":"Donu and Deca","floor":50,"turns":6}],"seed_played":"1739461298125182970","potions_obtained":[{"floor":6,"key":"SpeedPotion"},{"floor":8,"key":"EssenceOfSteel"},{"floor":13,"key":"PowerPotion"},{"floor":18,"key":"BlessingOfTheForge"},{"floor":24,"key":"ColorlessPotion"},{"floor":33,"key":"CunningPotion"},{"floor":44,"key":"Weak Potion"},{"floor":47,"key":"CunningPotion"}],"is_trial":false,"path_per_floor":["M","?","M","$","?","E","R","M","T","M","M","R","M","?","R","B",null,"M","?","?","$","M","R","M","R","T","M","M","?","R","?","R","B",null,"M","M","$","M","?","R","?","R","T","M","R","E","M","$","R","B"],"character_chosen":"THE_SILENT","items_purchased":["Good Instincts","Noxious Fumes","Adrenaline"],"campfire_rested":3,"item_purchase_floors":[21,21,48],"current_hp_per_floor":[59,47,45,45,45,28,28,26,26,26,26,26,19,19,53,41,60,60,60,60,60,60,60,58,58,58,50,50,50,50,50,50,33,58,42,42,42,40,40,40,32,66,66,56,56,16,7,7,41,0,0],"gold":94,"neow_bonus":"UPGRADE_CARD","is_daily":false,"chose_seed":false,"campfire_upgraded":8,"win_rate":0.0,"timestamp":1609933888,"path_taken":["M","?","M","$","?","E","R","M","T","M","M","R","?","?","R","BOSS","M","?","?","$","M","R","M","R","T","M","M","?","R","?","R","BOSS","M","M","$","M","?","R","?","R","T","M","R","E","M","$","R","BOSS"],"items_purchased_type":["Card","Card","Card"],"build_version":"2020-12-22","purchased_purges":2,"victory":false,"max_hp_per_floor":[66,66,66,66,66,66,66,66,66,66,66,66,66,66,66,66,66,66,66,66,66,66,66,66,66,66,66,66,66,66,66,66,66,66,66,66,66,66,66,66,66,66,66,66,66,66,66,66,66,66,66],"card_choices":[{"not_picked":["Outmaneuver","Underhanded Strike"],"picked":"PiercingWail","floor":1},{"not_picked":["Prepared","Underhanded Strike"],"picked":"Dagger Throw","floor":3},{"not_picked":["Setup","Masterful Stab"],"picked":"Backstab","floor":6},{"not_picked":["Blade Dance","All Out Attack"],"picked":"Noxious Fumes","floor":8},{"not_picked":["Dagger Spray","Eviscerate"],"picked":"Backstab","floor":10},{"not_picked":["Quick Slash","Backflip"],"picked":"Prepared","floor":11},{"not_picked":["Flechettes","Eviscerate","Cloak And Dagger"],"picked":"SKIP","floor":13},{"not_picked":["Malaise","A Thousand Cuts"],"picked":"Adrenaline","floor":16},{"not_picked":["Cloak And Dagger","Acrobatics","Blade Dance"],"picked":"SKIP","floor":18},{"not_picked":["Deadly Poison","Cloak And Dagger","Blade Dance"],"picked":"SKIP","floor":22},{"not_picked":["Backflip","Poisoned Stab"],"picked":"Bane","floor":24},{"not_picked":["Concentrate","Reflex","Slice"],"picked":"SKIP","floor":27},{"not_picked":["Blade Dance+1","Cloak And Dagger"],"picked":"Leg Sweep","floor":28},{"not_picked":["Doppelganger","Phantasmal Killer"],"picked":"Envenom","floor":33},{"not_picked":["Bane","Dagger Throw+1"],"picked":"Blur+1","floor":35},{"not_picked":["Blade Dance","Deflect","Quick Slash"],"picked":"SKIP","floor":36},{"not_picked":["All Out Attack","Infinite Blades","Reflex"],"picked":"SKIP","floor":38},{"not_picked":["Tactician","Underhanded Strike+1"],"picked":"Quick Slash+1","floor":44},{"not_picked":["Dodge and Roll","Riddle With Holes","Prepared"],"picked":"SKIP","floor":46},{"not_picked":["Skewer","Reflex"],"picked":"Backstab+1","floor":47}],"player_experience":1020950,"relics_obtained":[{"floor":6,"key":"Regal Pillow"},{"floor":9,"key":"Thread and Needle"},{"floor":26,"key":"Calipers"},{"floor":43,"key":"Ornamental Fan"},{"floor":46,"key":"Bag of Preparation"}],"event_choices":[{"damage_healed":0,"gold_gain":0,"player_choice":"Success","damage_taken":12,"relics_obtained":["Pocketwatch"],"max_hp_gain":0,"max_hp_loss":0,"event_name":"Scrap Ooze","floor":2,"gold_loss":0},{"damage_healed":0,"gold_gain":0,"player_choice":"Trade","damage_taken":0,"relics_obtained":["GremlinMask"],"max_hp_gain":0,"max_hp_loss":0,"event_name":"FaceTrader","floor":5,"gold_loss":0},{"damage_healed":0,"gold_gain":30,"player_choice":"Searched \u00271\u0027 times","damage_taken":0,"max_hp_gain":0,"max_hp_loss":0,"event_name":"Dead Adventurer","floor":14,"gold_loss":0},{"damage_healed":0,"gold_gain":0,"player_choice":"Simplicity","damage_taken":0,"max_hp_gain":0,"max_hp_loss":0,"event_name":"Back to Basics","floor":19,"gold_loss":0,"cards_upgraded":["Strike_G","Strike_G","Defend_G","Defend_G","Defend_G","Defend_G","Defend_G"]},{"damage_healed":0,"gold_gain":0,"player_choice":"Opened","damage_taken":0,"relics_obtained":["Juzu Bracelet"],"max_hp_gain":0,"max_hp_loss":0,"event_name":"The Mausoleum","floor":20,"gold_loss":0,"cards_obtained":["Writhe"]},{"damage_healed":0,"gold_gain":0,"player_choice":"Inject Mutagens","damage_taken":0,"relics_obtained":["MutagenicStrength"],"max_hp_gain":0,"max_hp_loss":0,"event_name":"Drug Dealer","floor":29,"gold_loss":0},{"damage_healed":0,"gold_gain":0,"player_choice":"Read","damage_taken":0,"max_hp_gain":0,"max_hp_loss":0,"event_name":"The Library","floor":31,"gold_loss":0,"cards_obtained":["Doppelganger"]},{"cards_removed":["Envenom"],"damage_healed":0,"gold_gain":0,"player_choice":"Removed Power","damage_taken":0,"max_hp_gain":0,"max_hp_loss":0,"event_name":"Falling","floor":39,"gold_loss":0},{"damage_healed":0,"gold_gain":0,"player_choice":"Embrace Madness","damage_taken":8,"max_hp_gain":0,"max_hp_loss":0,"event_name":"Winding Halls","floor":41,"gold_loss":0,"cards_obtained":["Madness","Madness"]}],"is_beta":false,"boss_relics":[{"not_picked":["Snecko Eye","Pandora\u0027s Box"],"picked":"Empty Cage"},{"not_picked":["Calling Bell","Busted Crown"],"picked":"SlaversCollar"}],"items_purged_floors":[4,21],"is_endless":false,"potions_floor_spawned":[6,8,10,13,18,24,33,36,38,44,47],"killed_by":"Donu and Deca","ascension_level":14}}