{"host":"98ajcw3do3zsggh8","time":1609961604,"event":{"mods":["BaseMod","Minty Spire (QoL Compilation)","Replay The Spire","StSLib","The Marked"],"gold_per_floor":[114,127,147,161,173,173,202,202,256,136,161,179,79,95,95,200,200,211,199,212,212,231,260,260,260,260],"floor_reached":25,"playtime":1059,"items_purged":["Strike_R","Strike_R"],"score":237,"play_id":"a4cfa45c-c8c7-4bd1-a79c-fd17dc4e2493","local_time":"20210106203324","is_ascension_mode":false,"campfire_choices":[{"data":"Iron Wave","floor":6.0,"key":"SMITH"},{"data":"Cleave","floor":8,"key":"SMITH"},{"data":"ReplayTheSpireMod:LeadingStrike","floor":24,"key":"SMITH"}],"circlet_count":0,"master_deck":["Strike_R","Strike_R","Strike_R","Defend_R","Defend_R","Bash","Iron Wave+1","Anger","Cleave+1","Clash","Demon Form","ReplayTheSpireMod:LeadingStrike+1","Double Tap"],"relics":["Burning Blood","NeowsBlessing","Bottled Flame","War Paint","Replay:Bottled Snecko","Ring of Chaos","Potion Belt"],"acts_visited":["Exordium","TheCity"],"potions_floor_usage":[20,20],"damage_taken":[{"damage":0.0,"enemies":"Cultist","floor":1.0,"turns":1.0},{"damage":0.0,"enemies":"Jaw Worm","floor":2.0,"turns":1.0},{"damage":0.0,"enemies":"Small Slimes","floor":3.0,"turns":1.0},{"damage":16.0,"enemies":"Red Slaver","floor":4.0,"turns":3.0},{"damage":4.0,"enemies":"Blue Slaver","floor":5.0,"turns":4.0},{"damage":24,"enemies":"Replay:BlueRogue","floor":7,"turns":5},{"damage":7,"enemies":"Gremlin Nob","floor":11,"turns":3},{"damage":0,"enemies":"3 Louse","floor":12,"turns":2},{"damage":12,"enemies":"2 Fungi Beasts","floor":14,"turns":3},{"damage":30,"enemies":"Slime Boss","floor":16,"turns":8},{"damage":12,"enemies":"Chosen","floor":18,"turns":4},{"damage":18,"enemies":"2 Thieves","floor":19,"turns":4},{"damage":4,"enemies":"Snake Plant","floor":20,"turns":4},{"damage":15,"enemies":"Chosen and Byrds","floor":22,"turns":6},{"damage":49,"enemies":"Slavers","floor":23,"turns":6},{"damage":13,"enemies":"Replay:Snechameleon","floor":25,"turns":2}],"seed_played":"-2576593854803084936","potions_obtained":[{"floor":3.0,"key":"SteroidPotion"},{"floor":5.0,"key":"PowerPotion"},{"floor":7,"key":"Milkshake"},{"floor":11,"key":"DistilledChaos"},{"floor":20,"key":"ElixirPotion"}],"is_trial":false,"path_per_floor":["M","M","M","M","M","R","E","R","T","$","E","M","$","M","R","B",null,"M","M","M","?","M","E","R","E"],"character_chosen":"IRONCLAD","items_purchased":["Clash"],"campfire_rested":0,"item_purchase_floors":[10],"current_hp_per_floor":[80,80,80,70,72,72,54,54,54,54,53,59,59,53,53,29,80,74,62,64,64,55,12,12,0,0],"gold":260,"neow_bonus":"THREE_ENEMY_KILL","is_daily":false,"chose_seed":false,"campfire_upgraded":3,"win_rate":0.0,"timestamp":1609961604,"path_taken":["M","?","M","M","M","R","E","R","T","$","E","M","$","M","R","BOSS","M","?","M","?","M","E","R","E"],"items_purchased_type":["Card"],"build_version":"2020-12-22","purchased_purges":2,"victory":false,"max_hp_per_floor":[80,80,80,80,80,80,80,80,80,80,80,80,80,80,80,80,80,80,80,80,80,80,80,80,80,80],"card_choices":[{"not_picked":["Warcry","Perfected Strike"],"picked":"Iron Wave","floor":1.0},{"not_picked":["True Grit","Perfected Strike","Clothesline"],"picked":"SKIP","floor":2.0},{"not_picked":["Sword Boomerang","Shockwave"],"picked":"Anger","floor":3.0},{"not_picked":["Wild Strike","Dual Wield","Body Slam"],"picked":"SKIP","floor":4.0},{"not_picked":["Body Slam","Heavy Blade","Dual Wield"],"picked":"SKIP","floor":5.0},{"not_picked":["Entrench","Fire Breathing"],"picked":"Cleave","floor":7},{"not_picked":["Havoc","Limit Break"],"picked":"Demon Form","floor":11},{"not_picked":["Twin Strike","Inflame","Heavy Blade"],"picked":"SKIP","floor":12},{"not_picked":["Pummel","Dark Embrace","Pommel Strike"],"picked":"SKIP","floor":14},{"not_picked":["Corruption","Impervious"],"picked":"Double Tap","floor":16},{"not_picked":["Sword Boomerang+1","Wild Strike","Searing Blow+1"],"picked":"SKIP","floor":18},{"not_picked":["Flame Barrier","Combust","Entrench"],"picked":"SKIP","floor":19},{"not_picked":["Anger","Sentinel","Clothesline+1"],"picked":"SKIP","floor":20},{"not_picked":["Perfected Strike","Headbutt+1","Burning Pact"],"picked":"SKIP","floor":22},{"not_picked":["Run Through","Metallicize+1","Flex"],"picked":"SKIP","floor":23}],"player_experience":312686,"relics_obtained":[{"floor":7,"key":"Bottled Flame"},{"floor":9,"key":"War Paint"},{"floor":11,"key":"Replay:Bottled Snecko"},{"floor":23,"key":"Potion Belt"}],"event_choices":[{"cards_removed":["Defend_R"],"damage_healed":0,"gold_gain":0,"player_choice":"Elegance","damage_taken":0,"max_hp_gain":0,"max_hp_loss":0,"event_name":"Back to Basics","floor":21,"gold_loss":0}],"is_beta":false,"boss_relics":[{"not_picked":["Runic Cube","Busted Crown"],"picked":"Ring of Chaos"}],"items_purged_floors":[10,13],"is_endless":false,"potions_floor_spawned":[3,5,7,11,14,19,20],"killed_by":"Replay:Snechameleon","ascension_level":0}}