{"host":"x205naxbihvu3p76","time":1609942008,"event":{"mods":["AchievementEnabler","BaseMod","Minty Spire (QoL Compilation)","StSLib","SuperFastMode"],"gold_per_floor":[111,125,125,50,64,93,109,121,121,121,137,137,165,190,190,285,285,298,317,317,50,50,50,100,100,127,153,6,21,31,62,62,174,174,193,243,197,211,224,259,295,320,354,382,250,285,316,331,331,331],"floor_reached":51,"playtime":1458,"items_purged":["Strike_B","Strike_B","Parasite"],"score":950,"play_id":"9d2fa2fc-c3e7-4fb6-92c6-9cfd6c414e83","local_time":"20210106230648","daily_mods":["Specialized","Flight","DeadlyEvents"],"is_ascension_mode":false,"campfire_choices":[{"floor":10,"key":"REST"},{"data":"White Noise","floor":12,"key":"SMITH"},{"floor":15,"key":"REST"},{"floor":23,"key":"REST"},{"data":"Apotheosis","floor":25,"key":"SMITH"},{"floor":32,"key":"REST"},{"floor":49,"key":"REST"}],"circlet_count":0,"master_deck":["Strike_B","Strike_B","Defend_B+1","Defend_B+1","Defend_B","Defend_B","Zap","Dualcast","White Noise","White Noise","White Noise","White Noise+1","White Noise","Conserve Battery","Ball Lightning","Biased Cognition","Amplify","Chaos","Apotheosis+1","Seek","Core Surge","Heatsinks","Undo+1","White Noise+1","Core Surge","Writhe"],"relics":["Cracked Core","DataDisk","Bottled Lightning","Omamori","Odd Mushroom","Cursed Key","Bag of Preparation","CeramicFish","Membership Card","Pear","Inserter","Mango","HornCleat","Blood Vial","Eternal Feather","Akabeko","Art of War","DollysMirror","War Paint","Question Card"],"acts_visited":["Exordium","TheCity","TheBeyond"],"potions_floor_usage":[13,13,16,31,31,33,33,50,50,50],"damage_taken":[{"damage":12.0,"enemies":"Cultist","floor":1.0,"turns":5.0},{"damage":0,"enemies":"Jaw Worm","floor":2,"turns":5},{"damage":0,"enemies":"2 Louse","floor":5,"turns":1},{"damage":28,"enemies":"3 Sentries","floor":6,"turns":6},{"damage":5,"enemies":"Exordium Wildlife","floor":7,"turns":3},{"damage":16,"enemies":"Large Slime","floor":8,"turns":3},{"damage":11,"enemies":"3 Louse","floor":11,"turns":2},{"damage":0,"enemies":"Gremlin Nob","floor":13,"turns":2},{"damage":23,"enemies":"The Mushroom Lair","floor":14,"turns":3},{"damage":18,"enemies":"Hexaghost","floor":16,"turns":11},{"damage":13,"enemies":"3 Byrds","floor":18,"turns":3},{"damage":17,"enemies":"Shell Parasite","floor":19,"turns":4},{"damage":19,"enemies":"Sentry and Sphere","floor":27,"turns":3},{"damage":0,"enemies":"Shelled Parasite and Fungi","floor":29,"turns":4},{"damage":0,"enemies":"Snake Plant","floor":30,"turns":2},{"damage":24,"enemies":"Gremlin Leader","floor":31,"turns":4},{"damage":16,"enemies":"Collector","floor":33,"turns":6},{"damage":7,"enemies":"3 Darklings","floor":35,"turns":2},{"damage":0,"enemies":"Mind Bloom Boss Battle","floor":36,"turns":4},{"damage":8,"enemies":"Orb Walker","floor":38,"turns":3},{"damage":11,"enemies":"3 Darklings","floor":39,"turns":3},{"damage":14,"enemies":"Nemesis","floor":40,"turns":5},{"damage":0,"enemies":"Reptomancer","floor":41,"turns":3},{"damage":3,"enemies":"Giant Head","floor":42,"turns":6},{"damage":11,"enemies":"Nemesis","floor":44,"turns":5},{"damage":1,"enemies":"Giant Head","floor":47,"turns":6},{"damage":30,"enemies":"Jaw Worm Horde","floor":48,"turns":4},{"damage":57,"enemies":"Time Eater","floor":50,"turns":9}],"seed_played":"9129477689500236656","potions_obtained":[{"floor":7,"key":"Swift Potion"},{"floor":8,"key":"Regen Potion"},{"floor":11,"key":"Dexterity Potion"},{"floor":16,"key":"SkillPotion"},{"floor":19,"key":"PowerPotion"},{"floor":31,"key":"EntropicBrew"},{"floor":33,"key":"SteroidPotion"},{"floor":35,"key":"Ancient Potion"},{"floor":38,"key":"FocusPotion"}],"is_trial":true,"path_per_floor":["M","M","?","$","M","E","M","M","T","R","M","R","E","?","R","B",null,"M","M","?","$","?","R","T","R","T","M","$","M","M","E","R","B",null,"M","?","$","M","M","E","E","E","T","E","$","T","E","M","R","B",null],"character_chosen":"DEFECT","items_purchased":["Apotheosis","Membership Card","Heatsinks","PotionOfCapacity","DollysMirror"],"campfire_rested":5,"item_purchase_floors":[21,28,37,37,45],"current_hp_per_floor":[63,63,63,63,63,35,30,14,14,36,25,25,30,7,29,11,75,62,45,45,45,31,55,55,55,55,36,36,36,36,22,49,33,90,83,97,97,89,78,64,64,63,63,54,54,54,55,27,72,17],"gold":331,"neow_bonus":"","is_daily":false,"chose_seed":false,"campfire_upgraded":2,"win_rate":0.0,"timestamp":1609942008,"path_taken":["M","M","?","$","M","E","M","M","T","R","M","R","E","?","R","BOSS","M","M","?","$","?","R","?","R","T","M","$","M","M","E","R","BOSS","M","?","$","M","?","E","E","?","T","E","$","?","E","M","R","BOSS"],"items_purchased_type":["Card","Relic","Card","Potion","Relic"],"build_version":"2020-12-22","purchased_purges":3,"victory":true,"max_hp_per_floor":[75,75,75,75,75,75,75,75,75,75,75,75,75,75,75,75,75,75,75,75,75,80,80,80,80,80,80,80,80,80,90,90,90,90,90,104,104,104,104,104,104,104,104,104,101,101,101,101,101,101],"card_choices":[{"not_picked":["Steam","Conserve Battery","Stack"],"picked":"SKIP","floor":1},{"not_picked":["Steam","Conserve Battery","Stack"],"picked":"SKIP","floor":1},{"not_picked":["Steam","Stack"],"picked":"Conserve Battery","floor":1},{"not_picked":["Recycle","White Noise","Aggregate"],"picked":"SKIP","floor":2},{"not_picked":["Beam Cell","Steam Power"],"picked":"Ball Lightning","floor":5},{"not_picked":["Lockon","Fusion","Cold Snap"],"picked":"SKIP","floor":6},{"not_picked":["Go for the Eyes","Lockon","Double Energy"],"picked":"SKIP","floor":7},{"not_picked":["White Noise","Undo"],"picked":"Biased Cognition","floor":8},{"not_picked":["Ball Lightning","Go for the Eyes","Stack"],"picked":"SKIP","floor":11},{"not_picked":["Darkness","Auto Shields","Rip and Tear"],"picked":"SKIP","floor":13},{"not_picked":["Meteor Strike","Reboot"],"picked":"Amplify","floor":16},{"not_picked":["Steam+1","Sunder","Rebound"],"picked":"SKIP","floor":18},{"not_picked":["Cold Snap","Streamline"],"picked":"Chaos","floor":19},{"not_picked":["Go for the Eyes+1","Gash"],"picked":"Seek","floor":27},{"not_picked":["Redo+1","Leap","Steam"],"picked":"SKIP","floor":29},{"not_picked":["Static Discharge","Conserve Battery","Sweeping Beam"],"picked":"SKIP","floor":30},{"not_picked":["Doom and Gloom","Meteor Strike","Sweeping Beam"],"picked":"SKIP","floor":31},{"not_picked":["Amplify","Fission"],"picked":"Core Surge","floor":33},{"not_picked":["Barrage","Redo+1","Steam"],"picked":"SKIP","floor":35},{"not_picked":["Compile Driver+1","Static Discharge+1","Ball Lightning+1"],"picked":"SKIP","floor":38},{"not_picked":["Reinforced Body","Go for the Eyes","Leap"],"picked":"SKIP","floor":39},{"not_picked":["Rainbow","Recycle"],"picked":"Undo+1","floor":40},{"not_picked":["Skim","Cold Snap+1"],"picked":"White Noise+1","floor":41},{"not_picked":["FTL+1","Steam+1","Barrage+1"],"picked":"SKIP","floor":42},{"not_picked":["Ball Lightning+1","Turbo","Skim+1"],"picked":"SKIP","floor":44},{"not_picked":["Aggregate+1","Melter","Redo+1"],"picked":"SKIP","floor":47},{"not_picked":["Beam Cell","Redo","Barrage","Compile Driver+1"],"picked":"SKIP","floor":48}],"player_experience":954011,"relics_obtained":[{"floor":6,"key":"DataDisk"},{"floor":9,"key":"Bottled Lightning"},{"floor":13,"key":"Omamori"},{"floor":14,"key":"Odd Mushroom"},{"floor":24,"key":"Bag of Preparation"},{"floor":26,"key":"CeramicFish"},{"floor":31,"key":"Pear"},{"floor":36,"key":"Mango"},{"floor":40,"key":"HornCleat"},{"floor":41,"key":"Blood Vial"},{"floor":42,"key":"Eternal Feather"},{"floor":43,"key":"Akabeko"},{"floor":44,"key":"Art of War"},{"floor":46,"key":"War Paint"},{"floor":47,"key":"Question Card"}],"event_choices":[{"damage_healed":0,"gold_gain":0,"player_choice":"Fled","damage_taken":0,"max_hp_gain":0,"max_hp_loss":0,"event_name":"Scrap Ooze","floor":3,"gold_loss":0},{"damage_healed":0,"gold_gain":0,"player_choice":"Fought Mushrooms","damage_taken":0,"max_hp_gain":0,"max_hp_loss":0,"event_name":"Mushrooms","floor":14,"gold_loss":0},{"damage_healed":0,"gold_gain":0,"player_choice":"Ignored","damage_taken":0,"max_hp_gain":0,"max_hp_loss":0,"event_name":"Vampires","floor":20,"gold_loss":0},{"damage_healed":0,"gold_gain":0,"player_choice":"Shed Blood","damage_taken":19,"max_hp_gain":5,"max_hp_loss":0,"event_name":"Forgotten Altar","floor":22,"gold_loss":0},{"damage_healed":0,"gold_gain":0,"player_choice":"Fight","damage_taken":0,"max_hp_gain":0,"max_hp_loss":0,"event_name":"MindBloom","floor":36,"gold_loss":0}],"is_beta":false,"boss_relics":[{"not_picked":["Velvet Choker","Empty Cage"],"picked":"Cursed Key"},{"not_picked":["Black Star","Astrolabe"],"picked":"Inserter"}],"items_purged_floors":[4,21,45],"is_endless":false,"potions_floor_spawned":[7,8,11,16,19,31,33,35,38,41,42,47,48],"ascension_level":0}}