{"host":"x1qj4d8ympd5jdqh","time":1609912137,"event":{"mods":["AchievementEnabler","AlwaysNeverKeys","BaseMod","Colored Map","Custom Start","DeckTracker","Highlight Path","Minty Spire (QoL Compilation)","StSLib","SuperFastMode"],"gold_per_floor":[115,135,10,10,10,10,43,43,43,78,78,95,108,8,8,85,85,98,108,53,53,53,53],"floor_reached":22,"playtime":399,"items_purged":["Strike_R","Strike_R"],"score":434,"play_id":"176f4264-2014-4c00-89ad-8eb7d6c0a9fa","local_time":"20210106144857","is_ascension_mode":true,"campfire_choices":[{"data":"Uppercut","floor":6.0,"key":"SMITH"},{"data":"Whirlwind","floor":8.0,"key":"SMITH"},{"data":"Spot Weakness","floor":11.0,"key":"SMITH"},{"data":"Heavy Blade","floor":15.0,"key":"SMITH"}],"circlet_count":0,"master_deck":["AscendersBane","Strike_R","Strike_R","Defend_R","Defend_R","Defend_R","Defend_R","Bash","Whirlwind+1","Uppercut+1","Pommel Strike","Feed","Spot Weakness+1","Heavy Blade+1","Reaper","Shrug It Off"],"relics":["Burning Blood","NeowsBlessing","Bag of Marbles","Peace Pipe","Lantern","SlaversCollar"],"acts_visited":["Exordium","TheCity"],"potions_floor_usage":[19],"damage_taken":[{"damage":0.0,"enemies":"Cultist","floor":1.0,"turns":1.0},{"damage":0.0,"enemies":"2 Louse","floor":2.0,"turns":1.0},{"damage":0.0,"enemies":"Lagavulin","floor":7.0,"turns":1.0},{"damage":20.0,"enemies":"3 Sentries","floor":10.0,"turns":4.0},{"damage":9.0,"enemies":"Jaw Worm","floor":12.0,"turns":2.0},{"damage":11.0,"enemies":"Blue Slaver","floor":13.0,"turns":5.0},{"damage":27.0,"enemies":"Hexaghost","floor":16.0,"turns":6.0},{"damage":44,"enemies":"Shell Parasite","floor":18,"turns":5},{"damage":40,"enemies":"3 Byrds","floor":19,"turns":5},{"damage":24,"enemies":"Snake Plant","floor":22,"turns":3}],"seed_played":"6659063786594860193","potions_obtained":[{"floor":1.0,"key":"Strength Potion"},{"floor":13.0,"key":"Fruit Juice"},{"floor":16.0,"key":"BloodPotion"},{"floor":19,"key":"Swift Potion"},{"floor":21,"key":"EntropicBrew"}],"is_trial":false,"path_per_floor":["M","M","$","?","?","R","E","R","T","E","R","M","M","$","R","B",null,"M","M","$","?","M"],"character_chosen":"IRONCLAD","items_purchased":["Pommel Strike","Swift Potion"],"campfire_rested":0,"item_purchase_floors":[3,20],"current_hp_per_floor":[74,75,75,80,80,80,80,80,80,66,66,63,66,66,66,45,77,51,36,36,36,12,12],"gold":53,"neow_bonus":"THREE_ENEMY_KILL","is_daily":false,"chose_seed":false,"campfire_upgraded":4,"win_rate":0.0,"timestamp":1609912137,"path_taken":["M","?","$","?","?","R","E","R","T","E","R","M","M","$","R","BOSS","M","?","?","?","?"],"items_purchased_type":["Card","Potion"],"build_version":"2020-12-22","purchased_purges":2,"victory":false,"max_hp_per_floor":[75,75,75,80,80,80,80,80,80,80,80,80,88,88,88,88,88,88,88,88,88,88,88],"card_choices":[{"not_picked":["Clothesline","Perfected Strike"],"picked":"Whirlwind","floor":1.0},{"not_picked":["Flex","Clothesline"],"picked":"Uppercut","floor":2.0},{"not_picked":["Barricade","Clash"],"picked":"Feed","floor":7.0},{"not_picked":["Entrench","Clothesline"],"picked":"Spot Weakness","floor":10.0},{"not_picked":["Armaments","Bloodletting","Clothesline"],"picked":"SKIP","floor":12.0},{"not_picked":["Body Slam","Heavy Blade","Sever Soul"],"picked":"SKIP","floor":13.0},{"not_picked":["Body Slam","Sever Soul"],"picked":"Heavy Blade","floor":13.0},{"not_picked":["Demon Form","Bludgeon"],"picked":"Reaper","floor":16.0},{"not_picked":["Clash","Spot Weakness","Pommel Strike"],"picked":"SKIP","floor":18},{"not_picked":["Clash","Spot Weakness","Pommel Strike"],"picked":"SKIP","floor":18},{"not_picked":["Iron Wave","Flex"],"picked":"Shrug It Off","floor":19}],"player_experience":1319303,"relics_obtained":[{"floor":7.0,"key":"Bag of Marbles"},{"floor":9.0,"key":"Peace Pipe"},{"floor":10.0,"key":"Lantern"}],"event_choices":[{"damage_healed":0.0,"max_hp_gain":5.0,"max_hp_loss":0.0,"gold_gain":0.0,"event_name":"Big Fish","player_choice":"Donut","floor":4.0,"gold_loss":0.0,"damage_taken":0.0},{"cards_removed":["Strike_R"],"damage_healed":0.0,"max_hp_gain":0.0,"max_hp_loss":0.0,"gold_gain":0.0,"event_name":"Purifier","player_choice":"Purged","floor":5.0,"gold_loss":0.0,"damage_taken":0.0},{"damage_healed":0,"gold_gain":0,"player_choice":"Got Potions","damage_taken":0,"max_hp_gain":0,"max_hp_loss":0,"event_name":"Lab","floor":21,"gold_loss":0}],"is_beta":false,"boss_relics":[{"not_picked":["Pandora\u0027s Box","Fusion Hammer"],"picked":"SlaversCollar"}],"items_purged_floors":[3,14],"is_endless":false,"potions_floor_spawned":[1,13,16,19],"killed_by":"Snake Plant","ascension_level":20}}