{"host":"df48i9djcn92c5sx","time":1609945861,"event":{"mods":["BaseMod","Downfall","Marisa（F雨　魔理沙）","Minty Spire (QoL Compilation)","READ ME - Guardian Mod","READ ME - Snecko Mod","Reimu（博丽灵梦）","Remilia（蕾米莉亚）","Replay The Spire","Shop Mod","StSLib","The Jungle","The Servant 0.9.4"],"gold_per_floor":[99,99,99,99,99,115,115,115,165,158,158,158,158,167,181,284,284,284,284,284,300,300,300,300,283,275,125,119,114,114,133,131,228,228,228,218,225,64,64,77,77,2,2,2,30,44,64,64,64],"floor_reached":48,"playtime":2899,"items_purged":["Poor:ReiMu"],"score":697,"play_id":"f4fa16a6-ca6b-490b-8c84-c10ac635fb61","local_time":"20210106231101","is_ascension_mode":true,"campfire_choices":[{"data":"KidneyShot","floor":1,"key":"SMITH"},{"data":"SilverBlades","floor":8,"key":"SMITH"},{"data":"Ricochet","floor":11,"key":"SMITH"},{"data":"Deadline","floor":13,"key":"SMITH"},{"data":"Dilation","floor":18,"key":"SMITH"},{"data":"Deny","floor":23,"key":"SMITH"},{"data":"Misdirection","floor":27,"key":"SMITH"},{"data":"Snipe","floor":30,"key":"SMITH"},{"floor":35,"key":"RECALL"},{"floor":42,"key":"REST"}],"circlet_count":0,"master_deck":["Strike_S","Strike_S","Strike_S","Strike_S","Defend_S","Defend_S","Defend_S","Defend_S","KidneyShot+1","Exchange","Deadline+1","Ricochet+1","Misdirection+1","SilverBlades+1","Deny+1","Snipe+1","BottledTime","Dilation+1","CurseOfTheBell","theJungle:PetSnecko","GearUp+1","SilverBlades+1","Luminosity+1","Collapse+1","MurderousAura","Sadistic Nature","LightFlow","KillingDoll"],"relics":["Uniform","downfall:HeartsMalice","YidongShenshe:ReiMu","ReplayTheSpireMod:TigerMarble","Snack Pack","Juzu Bracelet","AntiCross","Replay:Baseball","downfall:HeartBlessingGreen","downfall:HeartBlessingBlue","Painkiller Herb","Bottled Lightning","downfall:HeartBlessingRed","downfall:TeleportStone","MerchantsRug"],"acts_visited":["Exordium","Exordium","TheBeyond"],"potions_floor_usage":[16,16,25,29,33,33,37,37],"damage_taken":[{"damage":0,"enemies":"2 Louse","floor":2,"turns":1},{"damage":0,"enemies":"Jaw Worm","floor":3,"turns":1},{"damage":0,"enemies":"Small Slimes","floor":5,"turns":1},{"damage":3,"enemies":"3 Louse","floor":6,"turns":3},{"damage":14,"enemies":"Lots of Slimes","floor":10,"turns":4},{"damage":0,"enemies":"Lagavulin","floor":14,"turns":4},{"damage":1,"enemies":"2 Fungi Beasts","floor":15,"turns":2},{"damage":13,"enemies":"downfall:Watcher","floor":16,"turns":6},{"damage":0,"enemies":"theJungle:MUSHROOMGANG","floor":21,"turns":2},{"damage":0,"enemies":"theJungle:Cassacara","floor":25,"turns":5},{"damage":7,"enemies":"theJungle:GiantWrat","floor":26,"turns":4},{"damage":25,"enemies":"theJungle:2_Flameangoes","floor":28,"turns":5},{"damage":0,"enemies":"theJungle:2_Snecko_Cultists","floor":29,"turns":3},{"damage":0,"enemies":"theJungle:Lyon","floor":31,"turns":2},{"damage":10,"enemies":"theJungle:2_Flameangoes","floor":32,"turns":2},{"damage":6,"enemies":"downfall:Silent","floor":33,"turns":4},{"damage":22,"enemies":"3 Shapes","floor":36,"turns":3},{"damage":16,"enemies":"3 Darklings","floor":37,"turns":2},{"damage":0,"enemies":"downfall:FleeingMerchant","floor":38,"turns":4},{"damage":17,"enemies":"Transient","floor":40,"turns":5},{"damage":0,"enemies":"downfall:FleeingMerchant","floor":45,"turns":4},{"damage":15,"enemies":"4 Shapes","floor":46,"turns":4},{"damage":0,"enemies":"Maw","floor":47,"turns":5},{"damage":176,"enemies":"Reptomancer","floor":48,"turns":1}],"seed_played":"-4469232388155016937","potions_obtained":[{"floor":10,"key":"Guardian:BlockOnCardUsePotion"},{"floor":15,"key":"FearPotion"},{"floor":16,"key":"Strength Potion"},{"floor":28,"key":"Fire Potion"},{"floor":29,"key":"Adrenaline Potion"},{"floor":33,"key":"Fire Potion"},{"floor":36,"key":"Toxic Potion"},{"floor":46,"key":"Adrenaline Potion"},{"floor":47,"key":"FearPotion"}],"is_trial":false,"path_per_floor":["R","M","M","?","M","M","T","R","T","M","R","?","R","E","M","B",null,"R","?","?","M","?","R","T","E","M","R","M","M","R","M","M","B",null,"T","?","?","T","T","?","T","T","?","?","T","?","?","E"],"character_chosen":"THE_SERVANT","items_purchased":["MurderousAura","MerchantsRug","Sadistic Nature","LightFlow"],"campfire_rested":1,"item_purchase_floors":[38,45,45,45],"current_hp_per_floor":[59,59,59,59,59,56,56,56,56,42,42,47,47,47,46,35,61,61,61,61,61,61,61,61,65,60,70,45,45,45,45,37,31,68,68,46,30,30,30,17,17,41,41,90,90,77,77,0,0],"gold":64,"neow_bonus":"THREE_ENEMY_KILL","is_daily":false,"chose_seed":false,"campfire_upgraded":8,"win_rate":0.0,"timestamp":1609945861,"path_taken":["R","M","M","?","M","M","T","R","?","M","R","?","R","E","M","BOSS","R","?","?","M","?","R","T","E","M","R","M","M","R","M","M","BOSS","T","?","?","T","?","?","T","T","?","?","T","?","?","E"],"items_purchased_type":["Card","Relic","Card","Card"],"build_version":"2020-12-22","purchased_purges":1,"victory":false,"max_hp_per_floor":[65,65,65,65,65,65,65,65,65,65,65,70,70,70,70,70,70,70,70,70,70,70,70,70,70,70,80,80,80,80,80,80,80,80,80,80,80,80,80,80,80,80,80,90,90,90,90,90,90],"card_choices":[{"not_picked":["Gouge","Alleviate"],"picked":"Deadline","floor":2},{"not_picked":["Starlight","Defy"],"picked":"Ricochet","floor":3},{"not_picked":["Potential","Unruled"],"picked":"Misdirection","floor":5},{"not_picked":["Revamp","Misdirection"],"picked":"SilverBlades","floor":6},{"not_picked":["FastForward","BestPractice"],"picked":"Deny","floor":10},{"not_picked":["Rearm","TimeWarp"],"picked":"Snipe","floor":14},{"not_picked":["Revamp","Defy"],"picked":"BottledTime","floor":15},{"not_picked":["PendulumOfEternity","TheWorld"],"picked":"Dilation","floor":16},{"not_picked":["Contraction","Gouge"],"picked":"GearUp+1","floor":21},{"not_picked":["Defy","Rewind","Revamp"],"picked":"SKIP","floor":25},{"not_picked":["Defy","Rewind","Revamp"],"picked":"SKIP","floor":25},{"not_picked":["Defy","Potential"],"picked":"SilverBlades+1","floor":26},{"not_picked":["Potential","BottledTime+1","TimeTheft"],"picked":"SKIP","floor":28},{"not_picked":["Potential","BottledTime+1","TimeTheft"],"picked":"SKIP","floor":28},{"not_picked":["Sabotage+1","Desolation"],"picked":"Luminosity+1","floor":29},{"not_picked":["ShatteredReality","Luminosity","RealityMarble"],"picked":"SKIP","floor":31},{"not_picked":["ShiftingGears","Shuttle","Ricochet+1"],"picked":"SKIP","floor":32},{"not_picked":["Duplication","SilverMatrix"],"picked":"TrueSight","floor":33},{"not_picked":["Starlight","Revamp","Defy"],"picked":"SKIP","floor":36},{"not_picked":["Starlight","Revamp","Defy"],"picked":"SKIP","floor":36},{"not_picked":["ShatteredReality+1","Foresight","DoubleEdge"],"picked":"SKIP","floor":37},{"not_picked":["Rearm+1","Rewind"],"picked":"Collapse+1","floor":38},{"not_picked":["RealityMarble+1","ShatteredReality","FastForward"],"picked":"SKIP","floor":40},{"not_picked":["Replace","Revamp","Rearm"],"picked":"SKIP","floor":45},{"not_picked":["Deadline+1","BottledTime+1","SilverBlades"],"picked":"SKIP","floor":46},{"not_picked":["Advance+1","Manipulate+1"],"picked":"KillingDoll","floor":47}],"player_experience":1398441,"relics_obtained":[{"floor":9,"key":"ReplayTheSpireMod:TigerMarble"},{"floor":14,"key":"Snack Pack"},{"floor":17,"key":"Juzu Bracelet"},{"floor":17,"key":"AntiCross"},{"floor":17,"key":"Shovel"},{"floor":24,"key":"Mercury Hourglass"},{"floor":25,"key":"Replay:Baseball"},{"floor":39,"key":"Bottled Lightning"},{"floor":41,"key":"Simple Rune"}],"event_choices":[{"damage_healed":0,"gold_gain":0,"player_choice":"带走神社","damage_taken":0,"relics_obtained":["YidongShenshe:ReiMu"],"max_hp_gain":0,"max_hp_loss":0,"event_name":"yidonshenshe","floor":4,"gold_loss":0,"cards_obtained":["Poor:ReiMu"]},{"damage_healed":0,"gold_gain":0,"player_choice":"Donut","damage_taken":0,"max_hp_gain":5,"max_hp_loss":0,"event_name":"Big Fish","floor":12,"gold_loss":0},{"cards_removed":["TrueSight"],"damage_healed":39,"gold_gain":0,"player_choice":"Offered Rare","damage_taken":0,"max_hp_gain":10,"max_hp_loss":0,"event_name":"Bonfire Elementals","floor":44,"gold_loss":0}],"is_beta":false,"boss_relics":[{"not_picked":["MysterySword","Replay:Ancient Bell"],"picked":"Calling Bell"},{"not_picked":["Tiny House","expansioncontent:StudyCardRelic"],"picked":"Painkiller Herb"}],"items_purged_floors":[38],"is_endless":false,"potions_floor_spawned":[10,15,16,28,29,32,33,36,46,47],"killed_by":"Reptomancer","ascension_level":6}}