{"host":"9d9dhukr2jywmy0f","time":1609947715,"event":{"mods":["2.2 Compatiblity","Alarm Clock","BaseMod","Bestiary","Block Reminder","Colored Map","Colored Powertips","Curses Come First","DeckTracker","Highlight Path","Infinite Spire","Key Reminder","Keyboard Shortcuts","Minty Spire (QoL Compilation)","Quick Restart","Rare Cards Sparkle","Relic Sorter","Relic Stats","Spire Birthday Party","StSLib","SuperFastMode","Synergy Search","Unceasing Turn Reminder","Unknown Chances"],"gold_per_floor":[114,114,71,71,81,81,81,81,108,108,122,154,154,169,169,240,240,252,227,227,246,126,159,159,159,159,179,179,197,236,251,251,334,334,345,356,368,387,404,404,419,419,443,468,468,503,503,519,519,519,519,519,519,83,110,126],"floor_reached":57,"playtime":4107,"items_purged":["Zap","Defend_B","Strike_B"],"score":3008,"play_id":"9a03767a-db9c-4bce-9644-1aadaa5f7371","local_time":"20210106234155","is_ascension_mode":true,"campfire_choices":[{"data":"Recycle","floor":6.0,"key":"SMITH"},{"data":"Reprogram","floor":8.0,"key":"SMITH"},{"floor":10.0,"key":"RECALL"},{"floor":13.0,"key":"REST"},{"data":"Hologram","floor":15.0,"key":"SMITH"},{"data":"Buffer","floor":24.0,"key":"SMITH"},{"floor":32.0,"key":"REST"},{"data":"Recycle","floor":40.0,"key":"SMITH"},{"data":"Seek","floor":45.0,"key":"SMITH"},{"data":"infinitespire:Gouge","floor":49.0,"key":"SMITH"},{"data":"Defend_B","floor":53.0,"key":"SMITH"}],"circlet_count":0,"master_deck":["AscendersBane","Strike_B","Strike_B","Defend_B+1","Defend_B+1","Defend_B+1","Reprogram+1","Recycle+1","Seek+1","Hologram+1","Buffer+1","Hologram+1","Recycle+1","infinitespire:Gouge+1","infinitespire:Menacing+1","Hologram+1","Gash+1","Skim+1","Compile Driver"],"relics":["Cracked Core","NeowsBlessing","Pen Nib","War Paint","Nuclear Battery","Membership Card","infinitespire:Beetle Shell","infinitespire:Midas Blood","HornCleat","Strawberry","Coffee Dripper","Anchor","Pocketwatch","Ancient Tea Set","TungstenRod","InkBottle","HandDrill","Shuriken"],"acts_visited":["Exordium","TheCity","TheBeyond","TheEnding"],"potions_floor_usage":[56,56],"damage_taken":[{"damage":0.0,"enemies":"2 Louse","floor":1.0,"turns":1.0},{"damage":0.0,"enemies":"Cultist","floor":5.0,"turns":1.0},{"damage":0.0,"enemies":"Small Slimes","floor":11.0,"turns":1.0},{"damage":60.0,"enemies":"Gremlin Nob","floor":12.0,"turns":5.0},{"damage":5.0,"enemies":"Gremlin Gang","floor":14.0,"turns":5.0},{"damage":9.0,"enemies":"Slime Boss","floor":16.0,"turns":10.0},{"damage":0.0,"enemies":"Shell Parasite","floor":18.0,"turns":12.0},{"damage":7.0,"enemies":"2 Thieves","floor":19.0,"turns":4.0},{"damage":7.0,"enemies":"Centurion and Healer","floor":21.0,"turns":9.0},{"damage":0.0,"enemies":"Book of Stabbing","floor":23.0,"turns":1.0},{"damage":0.0,"enemies":"Snecko","floor":27.0,"turns":7.0},{"damage":0.0,"enemies":"Chosen and Byrds","floor":29.0,"turns":8.0},{"damage":28.0,"enemies":"Slavers","floor":30.0,"turns":11.0},{"damage":0.0,"enemies":"Cultist and Chosen","floor":31.0,"turns":7.0},{"damage":5.0,"enemies":"Champ","floor":33.0,"turns":11.0},{"damage":0.0,"enemies":"3 Darklings","floor":35.0,"turns":7.0},{"damage":0.0,"enemies":"3 Shapes","floor":36.0,"turns":8.0},{"damage":0.0,"enemies":"Maw","floor":37.0,"turns":8.0},{"damage":0.0,"enemies":"Transient","floor":38.0,"turns":6.0},{"damage":17.0,"enemies":"Jaw Worm Horde","floor":39.0,"turns":5.0},{"damage":0.0,"enemies":"Maw","floor":41.0,"turns":8.0},{"damage":0.0,"enemies":"Nemesis","floor":44.0,"turns":7.0},{"damage":3.0,"enemies":"Reptomancer","floor":46.0,"turns":8.0},{"damage":0.0,"enemies":"4 Shapes","floor":48.0,"turns":5.0},{"damage":0.0,"enemies":"Donu and Deca","floor":50.0,"turns":9.0},{"damage":0.0,"enemies":"Awakened One","floor":51.0,"turns":8.0},{"damage":0,"enemies":"Shield and Spear","floor":55,"turns":7},{"damage":8,"enemies":"The Heart","floor":56,"turns":11}],"seed_played":"5932282033314482458","potions_obtained":[{"floor":1.0,"key":"Block Potion"},{"floor":12.0,"key":"Explosive Potion"},{"floor":14.0,"key":"AttackPotion"},{"floor":16.0,"key":"FearPotion"},{"floor":18.0,"key":"AttackPotion"},{"floor":28.0,"key":"EntropicBrew"},{"floor":28.0,"key":"SneckoOil"},{"floor":29.0,"key":"PotionOfCapacity"},{"floor":31.0,"key":"infinitespire:BlackPotion"},{"floor":37.0,"key":"FairyPotion"},{"floor":38.0,"key":"DuplicationPotion"},{"floor":39.0,"key":"CultistPotion"},{"floor":46.0,"key":"DuplicationPotion"},{"floor":48.0,"key":"DuplicationPotion"}],"is_trial":false,"path_per_floor":["M","?","$","T","M","R","?","R","T","R","M","E","R","M","R","B",null,"M","M","AVR","M","$","E","R","?","T","M","?","M","E","M","R","B",null,"M","M","M","M","M","R","M","?","T","E","R","E","?","M","R","B","B",null,"R","$","E","B",null],"character_chosen":"DEFECT","items_purchased":["Reprogram","infinitespire:Beetle Shell","TungstenRod","InkBottle","HandDrill"],"campfire_rested":2,"item_purchase_floors":[3,22,54,54,54],"current_hp_per_floor":[64,64,64,64,64,64,64,64,64,64,64,4,25,20,20,11,56,56,49,49,42,42,42,42,42,42,42,42,42,21,21,44,39,68,68,68,68,68,61,61,61,61,61,61,61,58,58,58,58,58,58,73,73,73,73,65],"gold":126,"neow_bonus":"THREE_ENEMY_KILL","is_daily":false,"chose_seed":false,"campfire_upgraded":8,"win_rate":0.0,"timestamp":1609947715,"path_taken":["M","?","$","?","?","R","?","R","T","R","M","E","R","M","R","BOSS","M","M","AVR","M","$","E","R","?","T","?","?","M","E","M","R","BOSS","M","M","?","M","M","R","M","?","T","E","R","E","?","M","R","BOSS","BOSS","R","$","E","BOSS"],"items_purchased_type":["Card","Relic","Relic","Relic","Relic"],"build_version":"2020-11-30","purchased_purges":3,"victory":true,"max_hp_per_floor":[71,71,71,71,71,71,71,71,71,71,71,71,71,71,71,71,71,71,71,71,71,71,71,71,71,71,71,71,71,78,78,78,78,78,78,78,78,78,78,78,78,78,78,78,78,78,78,78,78,78,78,78,78,78,78,78],"relic_stats":{"counters":[28,190],"Shuriken":[7],"Pen Nib":[35],"HandDrill":[2],"War Paint":["Defend_B","Defend_B"],"obtain_stats":[{"NeowsBlessing":0,"Pen Nib":4,"infinitespire:Beetle Shell":22,"War Paint":12,"Ancient Tea Set":46,"Nuclear Battery":17,"keyreminder:keyreminder":9,"Anchor":43,"HornCleat":26,"Shuriken":55,"Strawberry":30,"Coffee Dripper":34,"HandDrill":54,"Membership Card":20,"Cracked Core":0,"TungstenRod":54,"InkBottle":54,"infinitespire:Midas Blood":23,"Pocketwatch":44},{"NeowsBlessing":0,"Pen Nib":1,"infinitespire:Beetle Shell":9,"War Paint":4,"Ancient Tea Set":23,"Nuclear Battery":6,"keyreminder:keyreminder":2,"Anchor":21,"HornCleat":10,"Shuriken":27,"Strawberry":13,"Coffee Dripper":15,"HandDrill":26,"Membership Card":8,"Cracked Core":0,"TungstenRod":26,"InkBottle":26,"infinitespire:Midas Blood":10,"Pocketwatch":22},{"NeowsBlessing":0,"Pen Nib":1,"infinitespire:Beetle Shell":48,"War Paint":8,"Ancient Tea Set":150,"Nuclear Battery":23,"keyreminder:keyreminder":2,"Anchor":135,"HornCleat":49,"Shuriken":179,"Strawberry":75,"Coffee Dripper":93,"HandDrill":172,"Membership Card":39,"Cracked Core":0,"TungstenRod":172,"InkBottle":172,"infinitespire:Midas Blood":49,"Pocketwatch":142}],"TungstenRod":8,"InkBottle":[13],"Pocketwatch":[12]},"card_choices":[{"not_picked":["Leap","Force Field","Cold Snap"],"picked":"SKIP","floor":1.0},{"not_picked":["Rebound","Beam Cell"],"picked":"Recycle","floor":5.0},{"not_picked":["Compile Driver","Coolheaded"],"picked":"Seek","floor":11.0},{"not_picked":["Cold Snap","Beam Cell"],"picked":"Hologram","floor":12.0},{"not_picked":["Rebound","Ball Lightning","Steam Power"],"picked":"SKIP","floor":14.0},{"not_picked":["Multi-Cast","Thunder Strike"],"picked":"Buffer","floor":16.0},{"not_picked":["Redo","Cold Snap"],"picked":"Hologram+1","floor":18.0},{"not_picked":["Steam","Compile Driver"],"picked":"Recycle","floor":19.0},{"not_picked":["Compile Driver","Static Discharge"],"picked":"Hologram+1","floor":21.0},{"not_picked":["Sunder","Hello World+1","Ball Lightning"],"picked":"SKIP","floor":23.0},{"not_picked":["Barrage","Gash","Go for the Eyes"],"picked":"SKIP","floor":27.0},{"not_picked":["Tempest+1","Steam"],"picked":"Gash+1","floor":29.0},{"not_picked":["Rebound+1","Cold Snap","Thunder Strike"],"picked":"SKIP","floor":30.0},{"not_picked":["Hologram","Stack","Ball Lightning"],"picked":"SKIP","floor":31.0},{"not_picked":["Barrage","Static Discharge","Steam"],"picked":"SKIP","floor":35.0},{"not_picked":["Turbo+1","Stack+1"],"picked":"Skim+1","floor":36.0},{"not_picked":["Compile Driver","Beam Cell","Sweeping Beam"],"picked":"SKIP","floor":37.0},{"not_picked":["Go for the Eyes","Ball Lightning+1","Darkness"],"picked":"SKIP","floor":38.0},{"not_picked":["Cold Snap+1","Compile Driver","Chill+1"],"picked":"SKIP","floor":39.0},{"not_picked":["Sunder","Fusion","Hologram"],"picked":"SKIP","floor":41.0},{"not_picked":["Cold Snap","White Noise+1","Fusion"],"picked":"SKIP","floor":44.0},{"not_picked":["Blizzard+1","Go for the Eyes","Turbo"],"picked":"SKIP","floor":46.0},{"not_picked":["Hologram","Barrage+1","Coolheaded"],"picked":"SKIP","floor":48.0},{"not_picked":["FTL+1","Conserve Battery+1","Scrape"],"picked":"SKIP","floor":55}],"player_experience":788501,"relics_obtained":[{"floor":4.0,"key":"Pen Nib"},{"floor":12.0,"key":"War Paint"},{"floor":23.0,"key":"infinitespire:Midas Blood"},{"floor":26.0,"key":"HornCleat"},{"floor":30.0,"key":"Strawberry"},{"floor":43.0,"key":"Anchor"},{"floor":44.0,"key":"Pocketwatch"},{"floor":46.0,"key":"Ancient Tea Set"},{"floor":55,"key":"Shuriken"}],"event_choices":[{"damage_healed":0.0,"max_hp_gain":0.0,"max_hp_loss":0.0,"gold_gain":0.0,"event_name":"Match and Keep!","player_choice":"0 cards matched","floor":2.0,"gold_loss":0.0,"damage_taken":0.0,"cards_obtained":[]},{"cards_removed":["Dualcast"],"damage_healed":0.0,"max_hp_gain":0.0,"max_hp_loss":0.0,"gold_gain":0.0,"event_name":"Bonfire Elementals","player_choice":"Offered Basic","floor":7.0,"gold_loss":0.0,"damage_taken":0.0},{"damage_healed":0.0,"max_hp_gain":0.0,"max_hp_loss":0.0,"gold_gain":0.0,"event_name":"Upgrade Shrine","player_choice":"Upgraded","floor":25.0,"gold_loss":0.0,"damage_taken":0.0,"cards_upgraded":["infinitespire:Menacing"]},{"damage_healed":0.0,"max_hp_gain":0.0,"max_hp_loss":0.0,"gold_gain":0.0,"event_name":"Lab","player_choice":"Got Potions","floor":28.0,"gold_loss":0.0,"damage_taken":0.0},{"damage_healed":0.0,"max_hp_gain":0.0,"max_hp_loss":0.0,"gold_gain":0.0,"event_name":"Tomb of Lord Red Mask","player_choice":"Ignored","floor":42.0,"gold_loss":0.0,"damage_taken":0.0},{"damage_healed":0.0,"max_hp_gain":0.0,"max_hp_loss":0.0,"gold_gain":0.0,"cards_transformed":["Strike_B"],"event_name":"Transmorgrifier","player_choice":"Transformed","floor":47.0,"gold_loss":0.0,"damage_taken":0.0,"cards_obtained":["Compile Driver"]}],"is_beta":false,"boss_relics":[{"not_picked":["Snecko Eye","Philosopher\u0027s Stone"],"picked":"Nuclear Battery"},{"not_picked":["Velvet Choker","FrozenCore"],"picked":"Coffee Dripper"}],"items_purged_floors":[20,22,54],"is_endless":false,"potions_floor_spawned":[1,12,14,16,18,29,31,37,38,39,46,48,55],"ascension_level":20}}