{"host":"2lqi9xx9scmc3cqh","time":1609942491,"event":{"mods":["AchievementEnabler","BaseMod","Colored Map","Minty Spire (QoL Compilation)","Remove Card Discount Mod","StSLib"],"gold_per_floor":[5116,4634,4654,4046,4046,4071,4071,4097,4120,4120,4136,4146,4146,4160,4160,9239,9239,9251,9251,8276,8293,7552,7587,7587,7616,7643,7661,7693,7707,7707,7718,7718,7790,7790,7800,7800,7817,2574,2608,2642,2642,2656,2733,2244,2260,0,30,44,44,44],"floor_reached":51,"playtime":1959,"items_purged":["Strike_G","Defend_G","Defend_G","Strike_G","Strike_G","Defend_G","Regret","Defend_G","Strike_G","Forethought","Choke+1","Injury"],"score":2173,"play_id":"c14c4345-7964-47bc-b02e-9c93d8f06c6a","local_time":"20210106231451","is_ascension_mode":true,"campfire_choices":[{"data":"Survivor","floor":7.0,"key":"SMITH"},{"data":"Accuracy","floor":10.0,"key":"SMITH"},{"data":"Footwork","floor":15.0,"key":"SMITH"},{"data":"Accuracy","floor":32.0,"key":"SMITH"},{"data":"Shame","floor":41,"key":"PURGE"},{"data":"Blade Dance","floor":49,"key":"SMITH"}],"circlet_count":2,"master_deck":["AscendersBane","Strike_G+1","Defend_G+1","Survivor+1","Neutralize","Backstab","Footwork+1","Backflip+1","Accuracy+1","Acrobatics","Dagger Spray","Storm of Steel","After Image+1","Cloak And Dagger","Cloak And Dagger+1","Accuracy+1","Tactician+1","Blade Dance+1","Phantasmal Killer","CurseOfTheBell","Blade Dance+1","Finisher+1","Accuracy+1"],"relics":["Ring of the Snake","NeowsBlessing","Juzu Bracelet","Anchor","Boot","TheAbacus","Dream Catcher","Bag of Preparation","Toy Ornithopter","TungstenRod","Vajra","War Paint","Omamori","Cursed Key","PreservedInsect","ClockworkSouvenir","Calipers","Eternal Feather","MealTicket","Sling","Bottled Lightning","Oddly Smooth Stone","Bag of Marbles","Blood Vial","Art of War","Question Card","Calling Bell","Mango","The Courier","Potion Belt","Kunai","Membership Card","Shovel","Nunchaku","Snake Skull","Sundial","Meat on the Bone","StoneCalendar","Akabeko","Peace Pipe","Toxic Egg 2","Tough Bandages","Ancient Tea Set","FossilizedHelix","Ginger","Ornamental Fan","Strawberry","White Beast Statue","Shuriken","HornCleat","Orichalcum","CeramicFish","Lantern","Whetstone","Bronze Scales","Happy Flower","Molten Egg 2","Omamori","Pear","Ice Cream","Pen Nib","Regal Pillow","Gremlin Horn","Bottled Flame","Centennial Puzzle","Pantograph","The Specimen","Bottled Tornado","InkBottle","Blue Candle","Letter Opener","Tingsha","Darkstone Periapt","Mercury Hourglass","Bird Faced Urn","Ninja Scroll","Frozen Egg 2","Paper Crane","Matryoshka","Mummified Hand","Lizard Tail","Thread and Needle","Turnip","Singing Bowl","WingedGreaves","Unceasing Top","Incense Burner","CaptainsWheel","Torii","Circlet","TwistedFunnel","Red Mask"],"acts_visited":["Exordium","TheCity","TheBeyond"],"potions_floor_usage":[50],"damage_taken":[{"damage":0.0,"enemies":"2 Louse","floor":1.0,"turns":1.0},{"damage":0.0,"enemies":"Small Slimes","floor":3.0,"turns":1.0},{"damage":0.0,"enemies":"3 Sentries","floor":6.0,"turns":1.0},{"damage":13.0,"enemies":"Lagavulin","floor":8.0,"turns":9.0},{"damage":0.0,"enemies":"Jaw Worm","floor":11.0,"turns":4.0},{"damage":1.0,"enemies":"Blue Slaver","floor":12.0,"turns":4.0},{"damage":3.0,"enemies":"Exordium Wildlife","floor":14.0,"turns":7.0},{"damage":6.0,"enemies":"Slime Boss","floor":16.0,"turns":6.0},{"damage":0.0,"enemies":"Shell Parasite","floor":18.0,"turns":2.0},{"damage":0.0,"enemies":"2 Thieves","floor":21.0,"turns":3.0},{"damage":0.0,"enemies":"Slavers","floor":23.0,"turns":1.0},{"damage":0.0,"enemies":"Gremlin Leader","floor":25.0,"turns":4.0},{"damage":0.0,"enemies":"Snecko","floor":27.0,"turns":4.0},{"damage":0.0,"enemies":"Book of Stabbing","floor":28.0,"turns":3.0},{"damage":0.0,"enemies":"Shelled Parasite and Fungi","floor":29.0,"turns":2.0},{"damage":0.0,"enemies":"Snake Plant","floor":31.0,"turns":2.0},{"damage":0.0,"enemies":"Collector","floor":33.0,"turns":5.0},{"damage":20.0,"enemies":"3 Shapes","floor":35.0,"turns":3.0},{"damage":0.0,"enemies":"Orb Walker","floor":37.0,"turns":2.0},{"damage":0,"enemies":"Mind Bloom Boss Battle","floor":39,"turns":1},{"damage":0,"enemies":"Reptomancer","floor":40,"turns":1},{"damage":0,"enemies":"Sphere and 2 Shapes","floor":42,"turns":1},{"damage":0,"enemies":"Maw","floor":45,"turns":2},{"damage":0,"enemies":"Giant Head","floor":47,"turns":1},{"damage":0,"enemies":"Spire Growth","floor":48,"turns":1},{"damage":0,"enemies":"Awakened One","floor":50,"turns":3}],"seed_played":"6789519530080858457","potions_obtained":[{"floor":1.0,"key":"EssenceOfSteel"},{"floor":11.0,"key":"Poison Potion"},{"floor":16.0,"key":"SpeedPotion"},{"floor":18.0,"key":"CunningPotion"},{"floor":23.0,"key":"Poison Potion"},{"floor":35.0,"key":"FearPotion"},{"floor":39,"key":"GhostInAJar"},{"floor":42,"key":"SkillPotion"},{"floor":48,"key":"BlessingOfTheForge"}],"is_trial":false,"path_per_floor":["M","$","M","$","?","E","R","E","T","R","M","M","?","M","R","B",null,"M","?","$","M","$","E","?","E","T","M","E","M","T","M","R","B",null,"M","?","M","$","?","E","R","M","T","$","M","?","E","M","R","B",null],"character_chosen":"THE_SILENT","items_purchased":["Juzu Bracelet","Anchor","Footwork","Fire Potion","Boot","TheAbacus","Dream Catcher","Strength Potion","Backflip","ClockworkSouvenir","Calipers","Eternal Feather","After Image","Cloak And Dagger","MealTicket","Sling","Accuracy","Bottled Lightning","Forethought","Kunai","Membership Card","Shovel","Nunchaku","Snake Skull","Sundial","Meat on the Bone","StoneCalendar","Akabeko","Peace Pipe","Toxic Egg 2","Tough Bandages","Ancient Tea Set","FossilizedHelix","Ginger","Ornamental Fan","Strawberry","White Beast Statue","Shuriken","HornCleat","Orichalcum","CeramicFish","Lantern","Whetstone","Bronze Scales","Happy Flower","Molten Egg 2","Omamori","Pear","Ice Cream","Pen Nib","Regal Pillow","Gremlin Horn","Bottled Flame","Centennial Puzzle","Pantograph","The Specimen","Bottled Tornado","InkBottle","Blue Candle","Letter Opener","Tingsha","Darkstone Periapt","Mercury Hourglass","Bird Faced Urn","Ninja Scroll","Frozen Egg 2","Paper Crane","Matryoshka","Mummified Hand","Lizard Tail","Thread and Needle","Turnip","Singing Bowl","CaptainsWheel","Torii","Circlet","TwistedFunnel"],"campfire_rested":0,"item_purchase_floors":[2,2,2,2,4,4,4,4,4,20,20,20,20,20,22,22,22,22,22,38,38,38,38,38,38,38,38,38,38,38,38,38,38,38,38,38,38,38,38,38,38,38,38,38,38,38,38,38,38,38,38,38,38,38,38,38,38,38,38,38,38,38,38,38,38,38,38,38,38,38,38,38,38,44,44,44,44],"current_hp_per_floor":[59,59,59,59,59,59,59,53,53,53,53,52,52,54,54,48,62,62,62,62,62,62,66,66,66,66,66,66,66,66,66,66,66,80,60,60,62,94,97,97,97,99,105,105,107,107,109,111,111,111],"gold":44,"neow_bonus":"THREE_ENEMY_KILL","is_daily":false,"chose_seed":false,"campfire_upgraded":5,"win_rate":0.0,"timestamp":1609942491,"path_taken":["M","$","M","$","?","E","R","E","T","R","M","M","?","M","R","BOSS","M","?","$","M","$","E","?","E","T","M","E","M","?","M","R","BOSS","M","?","M","$","?","E","R","M","T","$","M","?","E","M","R","BOSS"],"items_purchased_type":["Relic","Relic","Card","Potion","Relic","Relic","Relic","Potion","Card","Relic","Relic","Relic","Card","Card","Relic","Relic","Card","Relic","Card","Relic","Relic","Relic","Relic","Relic","Relic","Relic","Relic","Relic","Relic","Relic","Relic","Relic","Relic","Relic","Relic","Relic","Relic","Relic","Relic","Relic","Relic","Relic","Relic","Relic","Relic","Relic","Relic","Relic","Relic","Relic","Relic","Relic","Relic","Relic","Relic","Relic","Relic","Relic","Relic","Relic","Relic","Relic","Relic","Relic","Relic","Relic","Relic","Relic","Relic","Relic","Relic","Relic","Relic","Relic","Relic","Undefined","Relic"],"build_version":"2020-12-22","purchased_purges":12,"victory":true,"max_hp_per_floor":[66,66,66,66,66,66,66,66,66,66,66,66,66,66,66,66,66,66,66,66,66,66,66,66,66,66,66,66,66,66,66,66,66,80,80,80,80,97,97,97,97,99,105,105,107,107,109,111,111,111],"card_choices":[{"not_picked":["Riddle With Holes","Bouncing Flask"],"picked":"Backstab","floor":1.0},{"not_picked":["Slice","Blur","Flechettes"],"picked":"SKIP","floor":3.0},{"not_picked":["Outmaneuver","Storm of Steel","PiercingWail"],"picked":"SKIP","floor":6.0},{"not_picked":["Concentrate","Skewer"],"picked":"Accuracy","floor":8.0},{"not_picked":["Catalyst","Dagger Throw"],"picked":"Acrobatics","floor":11.0},{"not_picked":["Sucker Punch","Flechettes","Underhanded Strike"],"picked":"SKIP","floor":12.0},{"not_picked":["Quick Slash","Crippling Poison"],"picked":"Dagger Spray","floor":14.0},{"not_picked":["Malaise","Wraith Form v2"],"picked":"Storm of Steel","floor":16.0},{"not_picked":["Slice","Endless Agony","Flying Knee"],"picked":"SKIP","floor":18.0},{"not_picked":["Sucker Punch","Bane"],"picked":"Cloak And Dagger+1","floor":21.0},{"not_picked":["Sucker Punch+1","Bouncing Flask","Deflect+1"],"picked":"SKIP","floor":23.0},{"not_picked":["Concentrate","Tactician+1","Doppelganger"],"picked":"SKIP","floor":25.0},{"not_picked":["Concentrate","Doppelganger"],"picked":"Tactician+1","floor":25.0},{"not_picked":["Flechettes","Infinite Blades"],"picked":"Choke","floor":27.0},{"not_picked":["Dash","Tactician"],"picked":"Blade Dance","floor":28.0},{"not_picked":["Choke","Dagger Spray","Well Laid Plans"],"picked":"SKIP","floor":29.0},{"not_picked":["Quick Slash","Bane","Endless Agony","Prepared"],"picked":"SKIP","floor":31.0},{"not_picked":["Doppelganger","Adrenaline","Tools of the Trade"],"picked":"Phantasmal Killer","floor":33.0},{"not_picked":["Slice","Predator+1","Riddle With Holes"],"picked":"Blade Dance+1","floor":35.0},{"not_picked":["Outmaneuver","Choke","Dagger Throw+1","Deflect"],"picked":"SKIP","floor":37.0},{"not_picked":["Acrobatics+1","All Out Attack+1","Skewer+1"],"picked":"Finisher+1","floor":39},{"not_picked":["Setup+1","Flying Knee+1","Dagger Spray+1"],"picked":"Accuracy+1","floor":40},{"not_picked":["Expertise+1","Bouncing Flask+1","Crippling Poison+1","Quick Slash+1"],"picked":"Singing Bowl","floor":42},{"not_picked":["Deflect+1","Choke+1","Acrobatics+1","Dodge and Roll+1"],"picked":"Singing Bowl","floor":45},{"not_picked":["Concentrate+1","PiercingWail+1","Dagger Spray+1","Sucker Punch+1"],"picked":"Singing Bowl","floor":47},{"not_picked":["Flying Knee+1","Deadly Poison+1","Grand Finale+1","Distraction+1"],"picked":"Singing Bowl","floor":48}],"player_experience":389467,"relics_obtained":[{"floor":6.0,"key":"Toy Ornithopter"},{"floor":8.0,"key":"TungstenRod"},{"floor":9.0,"key":"Vajra"},{"floor":23.0,"key":"Oddly Smooth Stone"},{"floor":25.0,"key":"Bag of Marbles"},{"floor":26.0,"key":"Blood Vial"},{"floor":28.0,"key":"Art of War"},{"floor":30.0,"key":"Question Card"},{"floor":34.0,"key":"Mango"},{"floor":34.0,"key":"The Courier"},{"floor":34.0,"key":"Potion Belt"},{"floor":39,"key":"WingedGreaves"},{"floor":40,"key":"Unceasing Top"},{"floor":43,"key":"Incense Burner"},{"floor":47,"key":"Circlet"}],"event_choices":[{"damage_healed":0.0,"max_hp_gain":0.0,"max_hp_loss":0.0,"gold_gain":0.0,"event_name":"Big Fish","player_choice":"Box","floor":5.0,"gold_loss":0.0,"damage_taken":0.0,"relics_obtained":["Bag of Preparation"],"cards_obtained":["Regret"]},{"damage_healed":0.0,"max_hp_gain":0.0,"max_hp_loss":0.0,"gold_gain":0.0,"event_name":"Dead Adventurer","player_choice":"Searched \u00272\u0027 times","floor":13.0,"gold_loss":0.0,"damage_taken":0.0,"relics_obtained":["War Paint"]},{"damage_healed":0.0,"max_hp_gain":0.0,"max_hp_loss":0.0,"gold_gain":0.0,"event_name":"The Mausoleum","player_choice":"Opened","floor":19.0,"gold_loss":0.0,"damage_taken":0.0,"relics_obtained":["PreservedInsect"],"cards_obtained":["Writhe"]},{"damage_healed":0.0,"max_hp_gain":0.0,"max_hp_loss":0.0,"gold_gain":0.0,"event_name":"Beggar","player_choice":"Ignored","floor":24.0,"gold_loss":0.0,"damage_taken":0.0},{"damage_healed":0.0,"max_hp_gain":0.0,"max_hp_loss":0.0,"gold_gain":0.0,"event_name":"Upgrade Shrine","player_choice":"Upgraded","floor":36.0,"gold_loss":0.0,"damage_taken":0.0,"cards_upgraded":["After Image"]},{"damage_healed":0,"gold_gain":0,"player_choice":"Fight","damage_taken":0,"max_hp_gain":0,"max_hp_loss":0,"event_name":"MindBloom","floor":39,"gold_loss":0},{"damage_healed":0,"gold_gain":0,"player_choice":"Paid","damage_taken":0,"relics_obtained":["Red Mask"],"max_hp_gain":0,"max_hp_loss":0,"event_name":"Tomb of Lord Red Mask","floor":46,"gold_loss":2260}],"is_beta":false,"boss_relics":[{"not_picked":["Fusion Hammer","Pandora\u0027s Box"],"picked":"Cursed Key"},{"not_picked":["Velvet Choker","Snecko Eye"],"picked":"Calling Bell"}],"items_purged_floors":[2,2,2,2,2,4,20,22,22,22,38,44],"is_endless":false,"potions_floor_spawned":[1,6,11,16,18,21,23,29,31,35,39,40,42,45,47,48],"ascension_level":18}}