{"host":"5jzx1090woovszu4","time":1609907598,"event":{"mods":["BaseMod","Minty Spire (QoL Compilation)","Spicy Shops","StSLib","The Bug Knight"],"gold_per_floor":[12,187,187,187,211,247,247,247,292,307,33,33,67,20,20,144,144,133,133,133,152,152,152,171,215,215,215,7,7,7],"floor_reached":29,"playtime":6808,"items_purged":["HollowMod:SharpenedShadows"],"score":238,"play_id":"d6fc38e1-52fc-4bd1-b592-0107f04892b1","local_time":"20210106053318","is_ascension_mode":true,"campfire_choices":[{"floor":7,"key":"REST"},{"floor":12,"key":"REST"},{"floor":15,"key":"REST"},{"data":"HollowMod:HowlingWraiths","floor":23,"key":"SMITH"},{"floor":27,"key":"REST"}],"circlet_count":0,"master_deck":["HollowMod:NailStrikeStart","HollowMod:NailStrikeStart","HollowMod:NailStrikeStart","HollowMod:NailStrikeStart","HollowMod:QuickDashStart","HollowMod:QuickDashStart","HollowMod:QuickDashStart","HollowMod:FocusHealStart","HollowMod:PogoStrike","HollowMod:AwokenDreamNail","HollowMod:SoulEater","HollowMod:BaldurShell","HollowMod:CloakDash","HollowMod:SoulSplash","HollowMod:BaldurShell","HollowMod:CycloneSlash","HollowMod:HowlingWraiths+1","HollowMod:SoulMaster","HollowMod:CloakDash","HollowMod:CornifersMapStart","HollowMod:HowlingWraiths","HollowMod:MonomonsArchive","HollowMod:VengefulSpirit","HollowMod:GoodIntentions"],"relics":["HollowMod:VesselMask","Golden Idol","Sundial","Oddly Smooth Stone","DollysMirror","Lizard Tail","SacredBark","Red Mask","Darkstone Periapt"],"acts_visited":["Exordium","TheCity"],"potions_floor_usage":[6,6,21,25,25],"damage_taken":[{"damage":3,"enemies":"Small Slimes","floor":1,"turns":4},{"damage":11,"enemies":"2 Louse","floor":5,"turns":3},{"damage":31,"enemies":"Lagavulin","floor":6,"turns":5},{"damage":3,"enemies":"Cultist","floor":10,"turns":4},{"damage":47,"enemies":"Gremlin Nob","floor":13,"turns":6},{"damage":42,"enemies":"The Guardian","floor":16,"turns":12},{"damage":29,"enemies":"2 Thieves","floor":18,"turns":4},{"damage":3,"enemies":"3 Byrds","floor":21,"turns":5},{"damage":18,"enemies":"Cultist and Chosen","floor":24,"turns":7},{"damage":36,"enemies":"Masked Bandits","floor":25,"turns":6},{"damage":81,"enemies":"Book of Stabbing","floor":29,"turns":8}],"seed_played":"-8281394350739806935","potions_obtained":[{"floor":1,"key":"FearPotion"},{"floor":5,"key":"DuplicationPotion"},{"floor":10,"key":"GamblersBrew"},{"floor":13,"key":"Energy Potion"},{"floor":24,"key":"Swift Potion"}],"is_trial":false,"path_per_floor":["M","?","?","?","M","E","R","?","T","M","$","R","E","$","R","B",null,"M","?","$","M","$","R","M","?","T","R","$","E"],"character_chosen":"THE_BUGKNIGHT","items_purchased":["HollowMod:SoulSplash","DollysMirror","HollowMod:HowlingWraiths","HollowMod:MonomonsArchive","HollowMod:VengefulSpirit","HollowMod:GoodIntentions"],"campfire_rested":4,"item_purchase_floors":[11,11,14,28,28,28],"current_hp_per_floor":[75,75,57,57,46,15,37,37,37,40,40,62,21,21,43,13,75,46,46,46,53,53,53,41,11,11,33,33,0,0],"gold":7,"neow_bonus":"THREE_RARE_CARDS","is_daily":false,"chose_seed":false,"campfire_upgraded":1,"win_rate":0.0,"timestamp":1609907598,"path_taken":["M","?","?","?","?","E","R","?","T","?","$","R","E","$","R","BOSS","M","?","$","M","$","R","M","?","T","R","?","E"],"items_purchased_type":["Card","Relic","Card","Card","Card","Card"],"build_version":"2020-12-22","purchased_purges":1,"victory":false,"max_hp_per_floor":[75,75,75,75,75,75,75,75,75,75,75,75,75,75,75,75,75,75,75,75,75,75,75,75,75,75,75,75,75,75],"card_choices":[{"not_picked":["HollowMod:ElderbugsWisdom","HollowMod:HornetsHelp"],"picked":"HollowMod:AwokenDreamNail","floor":0},{"not_picked":["HollowMod:MonomonsArchive","HollowMod:PureNailStrike"],"picked":"HollowMod:SoulEater","floor":1},{"not_picked":["HollowMod:NewLittleFool","HollowMod:ShapeofUnn","HollowMod:InfectedCysts"],"picked":"SKIP","floor":5},{"not_picked":["HollowMod:DoubleDash","HollowMod:HeavyBlow"],"picked":"HollowMod:BaldurShell","floor":6},{"not_picked":["HollowMod:CycloneSlash","HollowMod:InfectionAssault"],"picked":"HollowMod:CloakDash","floor":10},{"not_picked":["HollowMod:ShadowDash","HollowMod:MawleksShell"],"picked":"HollowMod:CycloneSlash","floor":13},{"not_picked":["HollowMod:LordofShades","HollowMod:ZotesMagnificence"],"picked":"HollowMod:SoulMaster","floor":16},{"not_picked":["HollowMod:NewLittleFool","HollowMod:AbyssShriek","HollowMod:TaintedHusks"],"picked":"SKIP","floor":18},{"not_picked":["HollowMod:LuriensSpire","HollowMod:WraithStrike"],"picked":"HollowMod:CloakDash","floor":21},{"not_picked":["HollowMod:InfectionAssault","HollowMod:InfectedCysts"],"picked":"HollowMod:CornifersMapStart","floor":24},{"not_picked":["HollowMod:InfectedAttack","HollowMod:HeavyBlow"],"picked":"HollowMod:HowlingWraiths","floor":25}],"player_experience":628600,"relics_obtained":[{"floor":6,"key":"Sundial"},{"floor":9,"key":"Oddly Smooth Stone"},{"floor":13,"key":"Lizard Tail"},{"floor":25,"key":"Red Mask"},{"floor":26,"key":"Darkstone Periapt"}],"event_choices":[{"damage_healed":0,"gold_gain":175,"player_choice":"AGREE","damage_taken":0,"max_hp_gain":0,"max_hp_loss":0,"event_name":"Liars Game","floor":2,"gold_loss":0,"cards_obtained":["Doubt"]},{"damage_healed":0,"gold_gain":0,"player_choice":"Take Damage","damage_taken":18,"relics_obtained":["Golden Idol"],"max_hp_gain":0,"max_hp_loss":0,"event_name":"Golden Idol","floor":3,"gold_loss":0},{"damage_healed":0,"gold_gain":0,"cards_transformed":["HollowMod:QuickDashStart"],"player_choice":"Transformed","damage_taken":0,"max_hp_gain":0,"max_hp_loss":0,"event_name":"Transmorgrifier","floor":4,"gold_loss":0,"cards_obtained":["HollowMod:SharpenedShadows"]},{"cards_removed":["Doubt"],"damage_healed":0,"gold_gain":0,"player_choice":"Purged","damage_taken":0,"max_hp_gain":0,"max_hp_loss":0,"event_name":"Purifier","floor":8,"gold_loss":0},{"damage_healed":0,"gold_gain":0,"player_choice":"Ignored","damage_taken":0,"max_hp_gain":0,"max_hp_loss":0,"event_name":"Ghosts","floor":19,"gold_loss":0},{"damage_healed":0,"gold_gain":0,"player_choice":"Fought Bandits","damage_taken":0,"max_hp_gain":0,"max_hp_loss":0,"event_name":"Masked Bandits","floor":25,"gold_loss":0}],"is_beta":false,"boss_relics":[{"not_picked":["Busted Crown","Pandora\u0027s Box"],"picked":"SacredBark"}],"items_purged_floors":[11],"is_endless":false,"potions_floor_spawned":[1,5,10,13,24],"killed_by":"Book of Stabbing","ascension_level":1}}