{"host":"f6xgumyvn8a66tyr","time":1609892043,"event":{"mods":["BaseMod","Card Forge","ChefMod","Colored Powertips","Custom Start","Downfall","GungeonMod","Hermit","Infinite Spire","Jedi Mod","Marisa????????","Melee Mod","Minty Spire (QoL Compilation)","Pikachu Mod","Replay The Spire","Shade Mod","Small Relic Pack","Spicy Shops","StSLib","The Alterego","The Bladedancer","The Forsaken","The Marked","The Necromancer","The Runesmith","The Servant 0.9.4","The Wild Card","TheSwordswoman","Waifu the Spire","WarShipGirlsR/????R mod","Yuri Mod","??????REMEMod"],"gold_per_floor":[114,114,128,146,146,172,34,52,75,100,100,100,21,33,33,136,136,146,160,160,160,179,210,210,210,256,256,256],"floor_reached":27,"playtime":1141,"items_purged":["theForsaken:PlagueCurse"],"score":266,"play_id":"b504b4a5-eb51-4927-b2fa-2cc4298bdd08","local_time":"20210105161403","is_ascension_mode":false,"campfire_choices":[{"data":"Flex","floor":11,"key":"SMITH"},{"data":"Inflame","floor":15,"key":"SMITH"},{"floor":25,"key":"REST"}],"circlet_count":0,"master_deck":["Strike_R","Strike_R","Strike_R","Strike_R","Strike_R","Defend_R","Defend_R","Defend_R","Defend_R","Bash+1","Twin Strike","Headbutt","Thunderclap","Feed","Flex+1","Spot Weakness","Pommel Strike","Inflame+1","Dropkick","Limit Break","Warcry+1","Flex","Normality","Immolate","Iron Wave"],"relics":["Burning Blood","Hammer of Thor","Seething Fire","Anvil of the Gods","REME_ComplimentaryCards","theForsaken:PlagueMask","Eternal Feather","Runesmith:AutoHammer","DemoMod:LamentConfigurum","jedi:bottledfury","infinitespire:Burning Sword","Ring of Searing","Ring of Peace","Replay:Towering Pillar of Hats","MutagenicStrength","Ancient Tea Set"],"acts_visited":["Exordium","TheCity"],"potions_floor_usage":[6,16,27],"damage_taken":[{"damage":12,"enemies":"Jaw Worm","floor":1,"turns":5},{"damage":0,"enemies":"Cultist","floor":3,"turns":4},{"damage":3,"enemies":"Small Slimes","floor":4,"turns":3},{"damage":24,"enemies":"Gremlin Nob","floor":6,"turns":5},{"damage":8,"enemies":"Blue Slaver","floor":8,"turns":3},{"damage":22,"enemies":"3 Sentries","floor":10,"turns":5},{"damage":9,"enemies":"Looter","floor":14,"turns":2},{"damage":47,"enemies":"Hexaghost","floor":16,"turns":5},{"damage":1,"enemies":"Chosen","floor":18,"turns":3},{"damage":13,"enemies":"Shell Parasite","floor":19,"turns":3},{"damage":36,"enemies":"Shelled Parasite and Fungi","floor":22,"turns":4},{"damage":46,"enemies":"Book of Stabbing","floor":23,"turns":5},{"damage":74,"enemies":"Replay:Snechameleon","floor":27,"turns":4}],"seed_played":"-1501972331179600016","potions_obtained":[{"floor":1,"key":"Dexterity Potion"},{"floor":4,"key":"infinitespire:BlackPotion"},{"floor":6,"key":"Elixir"},{"floor":10,"key":"Milkshake"},{"floor":16,"key":"SpeedPotion"},{"floor":22,"key":"Explosive Potion"}],"is_trial":false,"path_per_floor":["M","?","M","M","?","E","$","M","T","E","R","T","$","M","R","B",null,"M","M","?","?","M","E","?","R","T","E"],"character_chosen":"IRONCLAD","items_purchased":["Flex","Inflame"],"campfire_rested":1,"item_purchase_floors":[7,13],"current_hp_per_floor":[82,82,88,88,88,70,70,71,71,58,67,67,67,64,73,32,94,97,90,90,90,63,23,23,68,68,0,0],"gold":256,"neow_bonus":"TEN_PERCENT_HP_BONUS","is_daily":false,"chose_seed":false,"campfire_upgraded":2,"win_rate":0.0,"timestamp":1609892043,"path_taken":["M","?","M","?","?","E","$","M","T","E","R","?","?","M","R","BOSS","M","M","?","?","M","E","?","R","T","E"],"items_purchased_type":["Card","Card"],"build_version":"2020-12-22","purchased_purges":1,"victory":false,"max_hp_per_floor":[88,88,88,88,88,88,88,91,91,94,94,94,94,94,94,94,94,97,97,97,97,100,100,100,100,100,100,100],"card_choices":[{"not_picked":["Intimidate","Heavy Blade"],"picked":"Twin Strike","floor":1},{"not_picked":["ReplayTheSpireMod:LeadingStrike","Abandon"],"picked":"Headbutt","floor":3},{"not_picked":["Entrench","Feel No Pain"],"picked":"Thunderclap","floor":4},{"not_picked":["Havoc","Battle Trance"],"picked":"Feed","floor":6},{"not_picked":["Armaments","Wild Strike"],"picked":"Spot Weakness","floor":8},{"not_picked":["Thunderclap","ReplayTheSpireMod:Limb From Limb"],"picked":"Pommel Strike","floor":10},{"not_picked":["Run Through","Shrug It Off"],"picked":"Dropkick","floor":14},{"not_picked":["Barricade","Eclipse"],"picked":"Limit Break","floor":16},{"not_picked":["jedi:MakeshiftSword+1","Perfected Strike"],"picked":"Warcry+1","floor":18},{"not_picked":["Anger","Thunderclap"],"picked":"Flex","floor":19},{"not_picked":["Run Through","Blood for Blood"],"picked":"Immolate","floor":22},{"not_picked":["Replay:Undeath\u0027s Touch","Dark Embrace"],"picked":"Iron Wave","floor":23}],"player_experience":269524,"relics_obtained":[{"floor":6,"key":"Eternal Feather"},{"floor":9,"key":"Runesmith:AutoHammer"},{"floor":10,"key":"DemoMod:LamentConfigurum"},{"floor":12,"key":"jedi:bottledfury"},{"floor":20,"key":"Ring of Searing"},{"floor":20,"key":"Ring of Peace"},{"floor":23,"key":"Replay:Towering Pillar of Hats"},{"floor":26,"key":"Ancient Tea Set"}],"event_choices":[{"damage_healed":0,"gold_gain":0,"player_choice":"Upgraded","damage_taken":0,"max_hp_gain":0,"max_hp_loss":0,"event_name":"Upgrade Shrine","floor":2,"gold_loss":0,"cards_upgraded":["Bash"]},{"damage_healed":0,"gold_gain":0,"player_choice":"Obtain Plague Curse","damage_taken":0,"max_hp_gain":0,"max_hp_loss":0,"event_name":"Plague Doctor","floor":5,"gold_loss":0,"cards_obtained":["theForsaken:PlagueCurse"]},{"damage_healed":0,"gold_gain":0,"player_choice":"Ignored","damage_taken":0,"max_hp_gain":0,"max_hp_loss":0,"event_name":"Ghosts","floor":21,"gold_loss":0},{"damage_healed":0,"gold_gain":0,"player_choice":"Inject Mutagens","damage_taken":0,"relics_obtained":["MutagenicStrength"],"max_hp_gain":0,"max_hp_loss":0,"event_name":"Drug Dealer","floor":24,"gold_loss":0}],"is_beta":false,"boss_relics":[{"not_picked":["Runic Cube","Runic Pyramid"],"picked":"infinitespire:Burning Sword"}],"items_purged_floors":[7],"is_endless":false,"potions_floor_spawned":[1,4,6,10,16,22],"killed_by":"Replay:Snechameleon","ascension_level":0}}