{"host":"b995t17pt6d05w8c","time":1609947447,"event":{"mods":["AchievementEnabler","BaseMod","Colored Map","Minty Spire (QoL Compilation)","SuperFastMode"],"gold_per_floor":[112,124,124,144,167,167,183,216,216,291,310,351,351,367,367,367,367],"floor_reached":16,"playtime":413,"items_purged":[],"score":131,"play_id":"706e414f-2049-4e80-a7bf-fb72b8fc2709","local_time":"20210107003727","is_ascension_mode":true,"campfire_choices":[{"data":"Body Slam","floor":6.0,"key":"SMITH"},{"floor":15.0,"key":"REST"}],"circlet_count":0,"master_deck":["Strike_R","Strike_R","Strike_R","Strike_R","Defend_R","Defend_R","Defend_R","Defend_R","Bash","Headbutt","Dark Embrace","Clash","Body Slam+1","Shrug It Off","Seeing Red","Fiend Fire","Feel No Pain","Second Wind"],"relics":["Burning Blood","Golden Idol","Unceasing Top","Nunchaku","Vajra","Prayer Wheel"],"acts_visited":[],"potions_floor_usage":[16],"damage_taken":[{"damage":1.0,"enemies":"Cultist","floor":1.0,"turns":3.0},{"damage":4.0,"enemies":"2 Louse","floor":2.0,"turns":3.0},{"damage":2.0,"enemies":"Jaw Worm","floor":4.0,"turns":3.0},{"damage":11.0,"enemies":"Blue Slaver","floor":5.0,"turns":3.0},{"damage":12.0,"enemies":"Lots of Slimes","floor":7.0,"turns":4.0},{"damage":8.0,"enemies":"Gremlin Nob","floor":8.0,"turns":3.0},{"damage":14.0,"enemies":"Red Slaver","floor":11.0,"turns":3.0},{"damage":17.0,"enemies":"Lagavulin","floor":12.0,"turns":5.0},{"damage":7.0,"enemies":"2 Fungi Beasts","floor":14.0,"turns":3.0},{"damage":44,"enemies":"Hexaghost","floor":16,"turns":11}],"seed_played":"2178144209646439048","potions_obtained":[{"floor":1.0,"key":"Strength Potion"},{"floor":5.0,"key":"Strength Potion"},{"floor":12.0,"key":"FearPotion"}],"is_trial":false,"path_per_floor":["M","M","?","M","M","R","M","E","T","?","M","E","T","M","R","B"],"character_chosen":"IRONCLAD","items_purchased":[],"campfire_rested":1,"item_purchase_floors":[],"current_hp_per_floor":[80,80,60,64,59,59,53,51,51,40,32,21,21,20,44,0,0],"gold":367,"neow_bonus":"TRANSFORM_CARD","is_daily":false,"chose_seed":false,"campfire_upgraded":1,"win_rate":0.0,"timestamp":1609947447,"path_taken":["M","?","?","M","M","R","M","E","T","?","M","E","?","?","R","BOSS"],"items_purchased_type":[],"build_version":"2020-12-22","purchased_purges":0,"victory":false,"max_hp_per_floor":[80,80,80,80,80,80,80,80,80,80,80,80,80,80,80,80,80],"card_choices":[{"not_picked":["Sword Boomerang","Wild Strike"],"picked":"Dark Embrace","floor":1.0},{"not_picked":["Spot Weakness","Cleave"],"picked":"Clash","floor":2.0},{"not_picked":["Perfected Strike","Armaments"],"picked":"Body Slam","floor":4.0},{"not_picked":["Dark Embrace","Entrench"],"picked":"Shrug It Off","floor":5.0},{"not_picked":["Inflame","Combust"],"picked":"Seeing Red","floor":7.0},{"not_picked":["Perfected Strike","Rampage"],"picked":"Fiend Fire","floor":8.0},{"not_picked":["Shrug It Off","Headbutt","Power Through"],"picked":"SKIP","floor":11.0},{"not_picked":["Whirlwind","Perfected Strike"],"picked":"Feel No Pain","floor":12.0},{"not_picked":["Pummel","Entrench"],"picked":"Second Wind","floor":14.0},{"not_picked":["Anger","Headbutt","Body Slam"],"picked":"SKIP","floor":14.0}],"player_experience":24814,"relics_obtained":[{"floor":8.0,"key":"Unceasing Top"},{"floor":9.0,"key":"Nunchaku"},{"floor":12.0,"key":"Vajra"},{"floor":13.0,"key":"Prayer Wheel"}],"event_choices":[{"damage_healed":0.0,"max_hp_gain":0.0,"max_hp_loss":0.0,"gold_gain":0.0,"event_name":"Golden Idol","player_choice":"Take Damage","floor":3.0,"gold_loss":0.0,"damage_taken":20.0,"relics_obtained":["Golden Idol"]},{"damage_healed":0.0,"max_hp_gain":0.0,"max_hp_loss":0.0,"gold_gain":75.0,"event_name":"World of Goop","player_choice":"Gather Gold","floor":10.0,"gold_loss":0.0,"damage_taken":11.0}],"is_beta":false,"boss_relics":[],"items_purged_floors":[],"is_endless":false,"potions_floor_spawned":[1,5,12],"killed_by":"Hexaghost","ascension_level":3}}