{"host":"2g41bct3ym47kwx7","time":1609907641,"event":{"mods":["BaseMod","Minty Spire (QoL Compilation)","Somnambulant","StSLib","The Cursed","The Death Knight","The Disciple","The Hierophant","The Marked","The Necromancer","The Runesmith","The Servant 0.9.4"],"gold_per_floor":[109,40,40,56,72,72,72,72,95,107,135,147,179,202,214,328,340,364,12,27,47,47,47,47,47,47,67,67,87,61,14,14,14,14],"floor_reached":33,"playtime":2521,"items_purged":[],"score":237,"play_id":"ccd8b252-2d48-4f56-8020-38e9cfcc8437","local_time":"20210105233401","is_ascension_mode":false,"campfire_choices":[{"data":"DeathKnight:Strike_DeathKnight","floor":6,"key":"SMITH"},{"floor":8,"key":"REST"},{"data":"DeathKnight:DeathCoil","floor":10,"key":"SMITH"},{"data":"DeathKnight:Defend_DeathKnight","floor":12,"key":"SMITH"},{"floor":15,"key":"REST"},{"floor":23,"key":"REST"},{"floor":25,"key":"REST"},{"floor":28,"key":"REST"},{"floor":32,"key":"REST"}],"circlet_count":0,"master_deck":["DeathKnight:Strike_DeathKnight+1","DeathKnight:Strike_DeathKnight","DeathKnight:Strike_DeathKnight","DeathKnight:Strike_DeathKnight","DeathKnight:Strike_DeathKnight","DeathKnight:Defend_DeathKnight+1","DeathKnight:Defend_DeathKnight+1","DeathKnight:Defend_DeathKnight","DeathKnight:Defend_DeathKnight","DeathKnight:Defend_DeathKnight","DeathKnight:RuneTap+1","DeathKnight:RuneStrike","DeathKnight:AntiMagicShell","DeathKnight:DeathAndDecay","DeathKnight:IcyTouch+1","DeathKnight:DeathCoil+1","DeathKnight:Pestilence","DeathKnight:DancingRuneblade","DeathKnight:HowlingBlast","DeathKnight:IceboundArmor","DeathKnight:ReapingStrike","DeathKnight:Parry+1","DeathKnight:BloodBoil","DeathKnight:Contagion","DeathKnight:Ossuary","DeathKnight:DreadStrike","DeathKnight:FoulBulwark","DeathKnight:FrosPresence","DeathKnight:Marrowrend","DeathKnight:DeathStrike","DeathKnight:DeathAndDecay","DeathKnight:UnholyPresence"],"relics":["DeathKnight:BrokenRuneblade","MawBank","Runesmith:UraniumAnvil","DeathKnight:CorpseWagon","Toxic Egg 2"],"acts_visited":["Exordium","TheCity"],"potions_floor_usage":[13,16,21,33,33],"damage_taken":[{"damage":8,"enemies":"Jaw Worm","floor":1,"turns":5},{"damage":1,"enemies":"Cultist","floor":4,"turns":4},{"damage":0,"enemies":"Small Slimes","floor":5,"turns":4},{"damage":7,"enemies":"Blue Slaver","floor":11,"turns":4},{"damage":16,"enemies":"Exordium Thugs","floor":13,"turns":5},{"damage":6,"enemies":"Red Slaver","floor":14,"turns":4},{"damage":63,"enemies":"The Guardian","floor":16,"turns":11},{"damage":30,"enemies":"3 Byrds","floor":18,"turns":5},{"damage":1,"enemies":"2 Thieves","floor":20,"turns":4},{"damage":35,"enemies":"Snecko","floor":21,"turns":7},{"damage":32,"enemies":"Centurion and Healer","floor":27,"turns":7},{"damage":7,"enemies":"3 Cultists","floor":29,"turns":6},{"damage":72,"enemies":"Champ","floor":33,"turns":10}],"seed_played":"-2316309175106501117","potions_obtained":[{"floor":3,"key":"FearPotion"},{"floor":3,"key":"DeathKnight:RimePotion"},{"floor":3,"key":"Fruit Juice"},{"floor":13,"key":"Energy Potion"},{"floor":20,"key":"Fire Potion"},{"floor":27,"key":"Weak Potion"}],"is_trial":false,"path_per_floor":["M","$","?","M","M","R","?","R","T","R","M","R","M","M","R","B",null,"M","$","M","M","$","R","?","R","T","M","R","M","$","$","R","B"],"character_chosen":"DEATH_KNIGHT","items_purchased":["DeathKnight:DeathAndDecay","DeathKnight:IcyTouch","DeathKnight:BloodBoil","DeathKnight:Contagion","DeathKnight:CorpseWagon","DeathKnight:Ossuary","DeathKnight:DreadStrike","DeathKnight:DeathAndDecay","DeathKnight:UnholyPresence"],"campfire_rested":6,"item_purchase_floors":[2,2,19,19,19,19,19,30,31],"current_hp_per_floor":[67,67,67,66,66,66,51,73,73,73,66,66,55,49,73,10,80,50,50,49,14,14,38,38,62,62,30,54,47,47,47,71,0,0],"gold":14,"neow_bonus":"","is_daily":false,"chose_seed":false,"campfire_upgraded":3,"win_rate":0.0,"timestamp":1609907641,"path_taken":["M","$","?","?","M","R","?","R","T","R","M","R","M","M","R","BOSS","M","$","M","M","$","R","?","R","T","M","R","M","?","$","R","BOSS"],"items_purchased_type":["Card","Card","Card","Card","Relic","Card","Card","Card","Card"],"build_version":"2020-12-22","purchased_purges":0,"victory":false,"max_hp_per_floor":[75,75,75,75,75,75,75,75,75,75,75,75,80,80,80,80,80,80,80,80,80,80,80,80,80,80,80,80,80,80,80,80,80,80],"card_choices":[{"not_picked":["DeathKnight:Hemostasis","DeathKnight:BludPresence"],"picked":"DeathKnight:AntiMagicShell","floor":1},{"not_picked":["DeathKnight:BoneSpear","DeathKnight:WraithWalk"],"picked":"DeathKnight:DeathCoil","floor":4},{"not_picked":["DeathKnight:DeathsAdvance","DeathKnight:AntiMagicShell"],"picked":"DeathKnight:Pestilence","floor":5},{"not_picked":["DeathKnight:BloodTap","DeathKnight:Hemostasis"],"picked":"DeathKnight:DancingRuneblade","floor":11},{"not_picked":["DeathKnight:BladedArmor","DeathKnight:DancingRuneblade"],"picked":"DeathKnight:HowlingBlast","floor":13},{"not_picked":["DeathKnight:Hysteria","DeathKnight:DeathAndDecay"],"picked":"DeathKnight:IceboundArmor","floor":14},{"not_picked":["DeathKnight:Outbreak","DeathKnight:MarkOfBlood"],"picked":"DeathKnight:ReapingStrike","floor":16},{"not_picked":["DeathKnight:BloodPact","DeathKnight:DeathGrip+1"],"picked":"DeathKnight:Parry+1","floor":18},{"not_picked":["DeathKnight:RuneShock","DeathKnight:RunicCorruption"],"picked":"DeathKnight:FoulBulwark","floor":20},{"not_picked":["DeathKnight:BladedArmor+1","DeathKnight:BloodTap"],"picked":"DeathKnight:FrosPresence","floor":21},{"not_picked":["DeathKnight:GargoyleSkin+1","DeathKnight:BloodEchoes+1"],"picked":"DeathKnight:Marrowrend","floor":27},{"not_picked":["DeathKnight:BoneSpear","DeathKnight:UnholyFrenzy+1"],"picked":"DeathKnight:DeathStrike","floor":29}],"player_experience":0,"relics_obtained":[{"floor":9,"key":"MawBank"},{"floor":26,"key":"Toxic Egg 2"}],"event_choices":[{"damage_healed":0,"gold_gain":0,"player_choice":"Got Potions","damage_taken":0,"max_hp_gain":0,"max_hp_loss":0,"event_name":"Lab","floor":3,"gold_loss":0},{"damage_healed":0,"gold_gain":0,"player_choice":"Entered Light","damage_taken":15,"max_hp_gain":0,"max_hp_loss":0,"event_name":"Shining Light","floor":7,"gold_loss":0,"cards_upgraded":["DeathKnight:Defend_DeathKnight","DeathKnight:RuneTap"]},{"damage_healed":0,"gold_gain":0,"player_choice":"Forge","damage_taken":0,"max_hp_gain":0,"max_hp_loss":0,"event_name":"Accursed Blacksmith","floor":24,"gold_loss":0,"cards_upgraded":["DeathKnight:IcyTouch"]}],"is_beta":false,"boss_relics":[{"not_picked":["Fusion Hammer","Ectoplasm"],"picked":"Runesmith:UraniumAnvil"}],"items_purged_floors":[],"is_endless":false,"potions_floor_spawned":[13,14,20,27],"killed_by":"Champ","ascension_level":0}}