{"host":"acczert1kscx59ut","time":1609934021,"event":{"mods":["AchievementEnabler","Act Like it!","Aspiration","Astrologer","BaseMod","Beaked The Cultist","Bestiary","BetterRewards","Conspire","Decade(???)","Dio Mod","Downfall","Duelist Mod","Elementarium","Gensokyo","GifTheSpireLib","Glutton Mod","Gold Saver","Gremlin Mod","GungeonMod","Hallownest","Hermit","Hero for Fun","Hubris","Infinite Spire","Jorbs\u0027s Wanderer Trilogy","Koishi","Lobotomy","LobotomyExtend","Magitek Elite","Melee Mod","Minty Spire (QoL Compilation)","Quick Restart","Replay The Spire","Robot Space Explorer","Shade Mod","Shedinja","Shop Mod","Somnambulant","Spicy Shops","StSLib","Stuff the Spire","SuperFastMode","Td1madao Mod","The Animator","The Blackbeard","The Bug Knight","The Clintock","The Construct","The Cursed","The Disciple","The Dragon Tamer","The Exalted","The Factory","The Forsaken","The Gatherer","The Hayseed","The Hierophant","The Jungle","The Kombatant","The Necromancer","The Problem Sleuth","The Runesmith","The Showman","The Valiant","The Vixen","The Wild Card","TheFirefly","thorton","vexMod"],"gold_per_floor":[282,323,19,34,34,63,63,73,73,87,106,140,140,140,140,244,244,255,275,291,6,26,26,52,52,52,71,89,114,134,150,150,254,254,268,285,285,298,318,318,318,318,318,328,359,374,394,414,414,414],"floor_reached":51,"playtime":3960,"items_purged":["Doubt"],"score":612,"play_id":"46fc0cb2-7bb8-4708-a3ee-4a3e8751dfa1","local_time":"20210106065341","is_ascension_mode":false,"campfire_choices":[{"data":"RobotSpaceExplorer:ShovelStrike","floor":7,"key":"SMITH"},{"data":"RobotSpaceExplorer:SwiftStep","floor":13,"key":"SMITH"},{"data":"RobotSpaceExplorer:ImprovisedAttack","floor":15,"key":"SMITH"},{"data":"RobotSpaceExplorer:DualCore","floor":23,"key":"SMITH"},{"floor":32,"key":"REST"},{"data":"RobotSpaceExplorer:MiniBoosters","floor":40,"key":"SMITH"},{"data":"RobotSpaceExplorer:MiniBoosters+1","floor":49,"key":"SMITH"}],"circlet_count":0,"master_deck":["RobotSpaceExplorer:Strike","RobotSpaceExplorer:Strike","RobotSpaceExplorer:Strike","RobotSpaceExplorer:Strike","RobotSpaceExplorer:Defend","RobotSpaceExplorer:Defend","RobotSpaceExplorer:Defend","RobotSpaceExplorer:Defend","RobotSpaceExplorer:Scan","RobotSpaceExplorer:MiniLasers","RobotSpaceExplorer:ScrapMissile","RobotSpaceExplorer:DualCore+1","RobotSpaceExplorer:ShovelStrike+1","RobotSpaceExplorer:TurboDodge","RobotSpaceExplorer:MiniDrones","RobotSpaceExplorer:ImprovisedAttack","RobotSpaceExplorer:FranticSearch","RobotSpaceExplorer:SwiftStep+1","RobotSpaceExplorer:ImprovisedAttack+1","RobotSpaceExplorer:Autoloader","RobotSpaceExplorer:MiniDrones+1","RobotSpaceExplorer:ScrapMissile","RobotSpaceExplorer:DroneSwarm","RobotSpaceExplorer:JunkDive","RobotSpaceExplorer:MiniDrones+1","RobotSpaceExplorer:Calculate","StuffTheSpire:Brawn","RobotSpaceExplorer:LuckyStrike+1","RobotSpaceExplorer:ShockMissile","RobotSpaceExplorer:PowerGlove","RobotSpaceExplorer:Ammunition+1","RobotSpaceExplorer:SwiftStep+1","RobotSpaceExplorer:Reload+1","RobotSpaceExplorer:MiniDrones","Decay","RobotSpaceExplorer:ShovelStrike","RobotSpaceExplorer:MiniBoosters+2","hubris:Fate+1","RobotSpaceExplorer:PowerCollector+1","RobotSpaceExplorer:StarLightning","RobotSpaceExplorer:StunGrenade+1","RobotSpaceExplorer:Ammunition+1","RobotSpaceExplorer:ScrapMissile+1"],"relics":["RobotSpaceExplorer:TurboCore","LetterFromLob","StuffTheSpire:MayFlowers","Guard_Bracelet","Vajra","aspiration:EmptySkull","Smiling Mask","Bag of Marbles","DemoMod:MonsterBlood","CultistMask","RobotSpaceExplorer:SearchSpecs","Blue Doll","Ice Cream","conspire:InfiniteJournal","Toxic Egg 2","Mirror","Bromod:ArcaneMomentum","aspiration:MobileForge","vexMod:MemoryStick","hubris:PeanutButter","Durian"],"acts_visited":["Exordium","TheCity","TheBeyond"],"potions_floor_usage":[6,33,50],"damage_taken":[{"damage":0,"enemies":"Small Slimes","floor":1,"turns":3},{"damage":25,"enemies":"conspire:MimicChest","floor":2,"turns":8},{"damage":1,"enemies":"Jaw Worm","floor":4,"turns":3},{"damage":3,"enemies":"Gremlin Nob","floor":6,"turns":4},{"damage":0,"enemies":"Cultist","floor":8,"turns":3},{"damage":15,"enemies":"Large Slime","floor":10,"turns":4},{"damage":0,"enemies":"Lots of Slimes","floor":11,"turns":1},{"damage":4,"enemies":"3 Sentries","floor":12,"turns":8},{"damage":20,"enemies":"Fading Forest","floor":16,"turns":11},{"damage":14,"enemies":"3 Byrds","floor":18,"turns":5},{"damage":0,"enemies":"conspire:FuzzyDice","floor":19,"turns":5},{"damage":6,"enemies":"Shelled Parasite and Fungi","floor":20,"turns":4},{"damage":13,"enemies":"Snake Plant","floor":22,"turns":5},{"damage":6,"enemies":"Slavers","floor":24,"turns":5},{"damage":0,"enemies":"Snecko","floor":27,"turns":2},{"damage":14,"enemies":"Chosen and Byrds","floor":28,"turns":3},{"damage":6,"enemies":"HollowMod:Nosk","floor":29,"turns":9},{"damage":1,"enemies":"Cultist and Chosen","floor":30,"turns":4},{"damage":0,"enemies":"Snake Plant","floor":31,"turns":5},{"damage":12,"enemies":"conspire:MysteriousRune","floor":33,"turns":8},{"damage":11,"enemies":"3 Shapes","floor":35,"turns":4},{"damage":0,"enemies":"Orb Walker","floor":36,"turns":1},{"damage":0,"enemies":"Spire Growth","floor":38,"turns":4},{"damage":1,"enemies":"Maw","floor":39,"turns":8},{"damage":0,"enemies":"Sphere and 2 Shapes","floor":44,"turns":1},{"damage":0,"enemies":"Nemesis","floor":45,"turns":3},{"damage":0,"enemies":"Spire Growth","floor":46,"turns":3},{"damage":0,"enemies":"HollowMod:SlobberingHusk","floor":47,"turns":3},{"damage":0,"enemies":"Jaw Worm Horde","floor":48,"turns":1},{"damage":0,"enemies":"Replay:Hell Engine","floor":50,"turns":5},{"damage":22,"enemies":"Malkuth","floor":51,"turns":7}],"seed_played":"-7455232296728356448","potions_obtained":[{"floor":2,"key":"Fire Potion"},{"floor":10,"key":"Elixir"},{"floor":11,"key":"RobotSpaceExplorer:PlasmaFlask"},{"floor":12,"key":"DuplicationPotion"},{"floor":16,"key":"Adrenaline Potion"},{"floor":35,"key":"DemoMod:LeadSkinPotion"}],"is_trial":false,"path_per_floor":["M","?","$","M","?","E","R","M","T","M","M","E","R","?","R","B",null,"M","M","M","$","M","R","E","?","T","M","M","E","M","M","R","B",null,"M","M","?","M","M","R","?","AVR","T","M","E","M","M","M","R","B",null],"character_chosen":"RobotSpaceExplorer","items_purchased":["Guard_Bracelet","Vajra","Blue Doll","RobotSpaceExplorer:JunkDive","Ice Cream"],"campfire_rested":1,"item_purchase_floors":[3,3,21,21,21],"current_hp_per_floor":[75,50,50,49,49,46,46,46,46,31,31,40,40,40,40,48,82,68,68,62,62,49,49,43,28,28,28,14,14,13,13,37,31,82,71,71,71,71,76,76,76,76,76,76,81,81,81,81,81,81],"gold":414,"neow_bonus":"HUNDRED_GOLD","is_daily":false,"chose_seed":false,"campfire_upgraded":6,"win_rate":0.0,"timestamp":1609934021,"path_taken":["M","?","$","M","?","E","R","M","T","M","?","E","R","?","R","BOSS","M","M","M","?","M","R","E","?","T","M","M","E","?","M","R","BOSS","M","M","?","M","?","R","?","AVR","T","M","E","M","?","?","R","BOSS"],"items_purchased_type":["Relic","Relic","Relic","Card","Relic"],"build_version":"2020-12-22","purchased_purges":1,"victory":true,"max_hp_per_floor":[75,75,75,75,75,75,75,75,75,75,75,82,82,82,82,82,82,82,82,82,82,82,82,82,82,82,82,82,82,82,82,82,82,82,82,82,82,82,82,82,82,82,82,82,87,87,87,87,87,87],"card_choices":[{"not_picked":["RobotSpaceExplorer:PowerCollector","RobotSpaceExplorer:IronShell"],"picked":"RobotSpaceExplorer:ScrapMissile","floor":1},{"not_picked":["RobotSpaceExplorer:Electropulse","RobotSpaceExplorer:Ammunition"],"picked":"RobotSpaceExplorer:DualCore","floor":2},{"not_picked":["RobotSpaceExplorer:SwiftStep","RobotSpaceExplorer:Counterblock"],"picked":"RobotSpaceExplorer:ShovelStrike","floor":4},{"not_picked":["RobotSpaceExplorer:Exploration","RobotSpaceExplorer:Jetpack"],"picked":"RobotSpaceExplorer:MiniDrones","floor":6},{"not_picked":["RobotSpaceExplorer:GlueShot","RobotSpaceExplorer:SwiftStep"],"picked":"RobotSpaceExplorer:ImprovisedAttack","floor":8},{"not_picked":["RobotSpaceExplorer:ShovelStrike","RobotSpaceExplorer:GearShield"],"picked":"RobotSpaceExplorer:FranticSearch","floor":10},{"not_picked":["RobotSpaceExplorer:Jetpack","RobotSpaceExplorer:StunGrenade"],"picked":"RobotSpaceExplorer:SwiftStep","floor":11},{"not_picked":["RobotSpaceExplorer:HighVoltage","RobotSpaceExplorer:MetalStrike"],"picked":"RobotSpaceExplorer:ImprovisedAttack","floor":12},{"not_picked":["RobotSpaceExplorer:BlastShield","RobotSpaceExplorer:Wormhole"],"picked":"RobotSpaceExplorer:Autoloader","floor":16},{"not_picked":["RobotSpaceExplorer:StunGrenade","RobotSpaceExplorer:SwiftStep"],"picked":"RobotSpaceExplorer:MiniDrones+1","floor":18},{"not_picked":["RobotSpaceExplorer:ScrapToss","RobotSpaceExplorer:FreezingShield"],"picked":"RobotSpaceExplorer:ScrapMissile","floor":19},{"not_picked":["RobotSpaceExplorer:SurgingStrike","RobotSpaceExplorer:SlimeMissile"],"picked":"RobotSpaceExplorer:DroneSwarm","floor":20},{"not_picked":["RobotSpaceExplorer:StarDust","RobotSpaceExplorer:Pulsar"],"picked":"RobotSpaceExplorer:MiniDrones+1","floor":22},{"not_picked":["RobotSpaceExplorer:FrostMissile","RobotSpaceExplorer:GlueShot"],"picked":"RobotSpaceExplorer:Calculate","floor":24},{"not_picked":["RobotSpaceExplorer:SwiftStep+1","RobotSpaceExplorer:FranticSearch+1"],"picked":"RobotSpaceExplorer:LuckyStrike+1","floor":27},{"not_picked":["RobotSpaceExplorer:FrostMissile","RobotSpaceExplorer:SlimeMissile"],"picked":"RobotSpaceExplorer:ShockMissile","floor":28},{"not_picked":["RobotSpaceExplorer:GlueShot+1","RobotSpaceExplorer:Smokescreen+1"],"picked":"RobotSpaceExplorer:PowerGlove","floor":29},{"not_picked":["RobotSpaceExplorer:Smokescreen+1","RobotSpaceExplorer:MetalStrike"],"picked":"RobotSpaceExplorer:Ammunition+1","floor":30},{"not_picked":["RobotSpaceExplorer:SurgingShield+1","RobotSpaceExplorer:SelfCleaning+1"],"picked":"RobotSpaceExplorer:SwiftStep+1","floor":31},{"not_picked":["RobotSpaceExplorer:Scanner","RobotSpaceExplorer:Comet+1"],"picked":"RobotSpaceExplorer:Exploration+1","floor":33},{"not_picked":["RobotSpaceExplorer:SlimeMissile+1","RobotSpaceExplorer:FrostMissile"],"picked":"RobotSpaceExplorer:Reload+1","floor":35},{"not_picked":["RobotSpaceExplorer:Counterblock+1","RobotSpaceExplorer:Ammunition+1"],"picked":"RobotSpaceExplorer:MiniDrones","floor":36},{"not_picked":["RobotSpaceExplorer:Counterblock+1","RobotSpaceExplorer:TrailblazerForm"],"picked":"RobotSpaceExplorer:ShovelStrike","floor":38},{"not_picked":["RobotSpaceExplorer:SlimeMissile","RobotSpaceExplorer:FreezingShield+1"],"picked":"RobotSpaceExplorer:MiniBoosters","floor":39},{"not_picked":["RobotSpaceExplorer:GlueSpray+1","RobotSpaceExplorer:MetalStrike"],"picked":"RobotSpaceExplorer:PowerCollector+1","floor":44},{"not_picked":["RobotSpaceExplorer:SlimeMissile","RobotSpaceExplorer:RigExplosive+1"],"picked":"RobotSpaceExplorer:StarLightning","floor":45},{"not_picked":["RobotSpaceExplorer:GearShield+1","RobotSpaceExplorer:MetalStrike"],"picked":"RobotSpaceExplorer:StunGrenade+1","floor":46},{"not_picked":["RobotSpaceExplorer:Probe","RobotSpaceExplorer:PlasmaMissile"],"picked":"RobotSpaceExplorer:Ammunition+1","floor":47},{"not_picked":["RobotSpaceExplorer:Probe","RobotSpaceExplorer:StarLightning+1"],"picked":"RobotSpaceExplorer:ScrapMissile+1","floor":48}],"player_experience":181476,"relics_obtained":[{"floor":1,"key":"LetterFromLob"},{"floor":2,"key":"StuffTheSpire:MayFlowers"},{"floor":6,"key":"aspiration:EmptySkull"},{"floor":6,"key":"Smiling Mask"},{"floor":9,"key":"Bag of Marbles"},{"floor":12,"key":"DemoMod:MonsterBlood"},{"floor":24,"key":"conspire:InfiniteJournal"},{"floor":26,"key":"Toxic Egg 2"},{"floor":29,"key":"Mirror"},{"floor":35,"key":"Bromod:ArcaneMomentum"},{"floor":43,"key":"hubris:PeanutButter"},{"floor":45,"key":"Durian"}],"event_choices":[{"damage_healed":0,"gold_gain":0,"player_choice":"2 cards matched","damage_taken":0,"max_hp_gain":0,"max_hp_loss":0,"event_name":"Match and Keep!","floor":5,"gold_loss":0,"cards_obtained":["RobotSpaceExplorer:TurboDodge","RobotSpaceExplorer:LuckyFind"]},{"damage_healed":0,"gold_gain":0,"player_choice":"Trade","damage_taken":0,"relics_obtained":["CultistMask"],"max_hp_gain":0,"max_hp_loss":0,"event_name":"FaceTrader","floor":14,"gold_loss":0},{"damage_healed":0,"gold_gain":0,"player_choice":"Cursed","damage_taken":0,"max_hp_gain":0,"max_hp_loss":0,"event_name":"Wheel of Change","floor":37,"gold_loss":0,"cards_obtained":["Decay"]},{"damage_healed":0,"gold_gain":0,"player_choice":"Got Potions","damage_taken":0,"max_hp_gain":0,"max_hp_loss":0,"event_name":"Lab","floor":41,"gold_loss":0}],"is_beta":false,"boss_relics":[{"not_picked":["thethorton:CrushedCigarette","vexMod:NewClearReactor"],"picked":"RobotSpaceExplorer:SearchSpecs"},{"not_picked":["Golden_Hairpin","StuffTheSpire:ModemDavis"],"picked":"RobotSpaceExplorer:TurboCore"}],"items_purged_floors":[42],"is_endless":false,"potions_floor_spawned":[2,10,11,12,16,19,20,28,29,30,35,44,48],"ascension_level":0}}