{"host":"lq7kzi2nz43yw1nt","time":1609975859,"event":{"mods":["AchievementEnabler","Act Like it!","BaseMod","Better Third Choice","BetterRewards","Block Reminder","Conspire","Gensokyo","GifTheSpireLib","Hubris","Infinite Spire","Koishi","Marisa????????","Minty Spire (QoL Compilation)","Quick Restart","Rare Cards Sparkle","Relic Sorter","Remilia??????","Replay The Spire","Shop Mod","Spicy Shops","Spikes Relics","StSLib","SuperFastMode","The Servant 0.9.4","Trackpad"],"gold_per_floor":[124,124,124,147,164,164,186,210,265,265,301,321,321,332,391,498,498,523,523,534,543,570,570,590,612,612,612,636,654,697,697,697,806,806,826,35,55,55,3,33,33,68,68,68,80,8,25,42,42,42],"floor_reached":51,"playtime":1882,"items_purged":["Strike_R"],"score":1411,"play_id":"2183d06f-f3d6-44ba-b965-6af9086331fb","local_time":"20210106183059","is_ascension_mode":true,"campfire_choices":[{"floor":6,"key":"REST"},{"data":"Flex","floor":13,"key":"SMITH"},{"floor":23,"key":"REST"},{"floor":27,"key":"REST"},{"floor":32,"key":"REST"},{"floor":41,"key":"REST"},{"floor":44,"key":"REST"},{"floor":49,"key":"REST"}],"circlet_count":0,"master_deck":["Strike_R","Strike_R","Strike_R","Strike_R","Defend_R","Defend_R","Defend_R","Bash","Flex+1","Feed","Apotheosis+1","Thunderclap","Perfected Strike","Infernal Blade","ReplayTheSpireMod:Muscle Training","Double Tap","Invigoration","Battle Trance","Limit Break","Twin Strike","infinitespire:Gouge","Flex+1","Sword Boomerang","Iron Wave","Invigoration","Double Tap","Intimidate","Flex+1","Invigoration","Invigoration","Spot Weakness","Reaper","Absolvement+1","Heavy Blade+1","Gensokyo:BlemishedSteel","Heavy Blade+1","Flex"],"relics":["Burning Blood","hubris:IronBody","trackpad:ZombieHeart","trackpad:BottledTsunami","CultistMask","hubris:SlimyHat","trackpad:ByrdBGone","Sundial","trackpad:DemonHeart","Spirit Poop","SnailShell","Nloth\u0027s Gift","Black Star","Pantograph","HandDrill","MerchantsRug","Replay:Lucky Slots","Replay:Baseball","Strawberry","LugNut","Gremlin Horn","infinitespire:Golems Mask"],"acts_visited":["Exordium","TheCity","TheCity"],"potions_floor_usage":[11,16,16,24],"damage_taken":[{"damage":3,"enemies":"Cultist","floor":1,"turns":4},{"damage":2,"enemies":"2 Louse","floor":4,"turns":3},{"damage":2,"enemies":"Small Slimes","floor":5,"turns":2},{"damage":10,"enemies":"3 Louse","floor":7,"turns":3},{"damage":3,"enemies":"2 Fungi Beasts","floor":8,"turns":3},{"damage":19,"enemies":"Gremlin Nob","floor":11,"turns":3},{"damage":8,"enemies":"Exordium Thugs","floor":12,"turns":4},{"damage":18,"enemies":"3 Louse","floor":14,"turns":3},{"damage":42,"enemies":"Hexaghost","floor":16,"turns":6},{"damage":8,"enemies":"Chosen","floor":18,"turns":3},{"damage":43,"enemies":"2 Thieves","floor":20,"turns":4},{"damage":5,"enemies":"Sentry and Sphere","floor":22,"turns":3},{"damage":15,"enemies":"Chosen and Byrds","floor":24,"turns":3},{"damage":20,"enemies":"Snake Plant","floor":25,"turns":3},{"damage":9,"enemies":"3 Cultists","floor":28,"turns":4},{"damage":6,"enemies":"Snecko","floor":29,"turns":5},{"damage":40,"enemies":"Book of Stabbing","floor":30,"turns":4},{"damage":57,"enemies":"Champ","floor":33,"turns":8},{"damage":8,"enemies":"Gensokyo:3_Bats","floor":35,"turns":3},{"damage":30,"enemies":"Gensokyo:3_Boulders","floor":37,"turns":7},{"damage":38,"enemies":"Gensokyo:Kasen","floor":40,"turns":7},{"damage":13,"enemies":"Gensokyo:Doremy","floor":42,"turns":5},{"damage":10,"enemies":"Gensokyo:SeedOfUnknown","floor":45,"turns":4},{"damage":13,"enemies":"Gensokyo:Dusk_and_Dawn","floor":47,"turns":3},{"damage":27,"enemies":"Gensokyo:3_Boulders","floor":48,"turns":5},{"damage":35,"enemies":"Gensokyo:Shinki","floor":50,"turns":7}],"seed_played":"-2545028737349163134","potions_obtained":[{"floor":5,"key":"Fire Potion"},{"floor":8,"key":"Energy Potion"},{"floor":14,"key":"Venom Potion"},{"floor":15,"key":"infinitespire:BlackPotion"},{"floor":22,"key":"Fire Potion"},{"floor":25,"key":"Elixir"}],"is_trial":false,"path_per_floor":["M","?","?","M","M","R","M","M","T","?","E","M","R","M","R","B",null,"M","?","M","?","M","R","M","M","T","R","M","M","E","?","R","B",null,"M","$","M","?","$","E","R","E","T","R","M","COS","M","M","R","B",null],"character_chosen":"IRONCLAD","items_purchased":["hubris:IronBody","Flex","Feed","Apotheosis","CeramicFish","Thunderclap","Pantograph","DollysMirror","HandDrill","Invigoration","Spot Weakness","MerchantsRug","Replay:Lucky Slots"],"campfire_rested":7,"item_purchase_floors":[0,0,0,0,0,0,36,36,36,36,36,36,39],"current_hp_per_floor":[36,36,36,46,55,82,84,93,93,93,81,81,81,76,76,41,97,96,96,61,33,36,72,65,52,52,88,92,93,64,64,104,54,116,121,121,100,100,100,76,122,116,116,156,153,153,148,141,162,135],"gold":42,"neow_bonus":"","is_daily":false,"chose_seed":false,"campfire_upgraded":1,"win_rate":0.0,"timestamp":1609975859,"path_taken":["M","?","?","M","?","R","M","M","T","?","E","M","R","M","R","BOSS","M","?","?","?","M","R","M","M","T","R","M","M","E","?","R","BOSS","M","$","?","?","?","E","R","E","T","R","M","COS","M","M","R","BOSS"],"items_purchased_type":["Relic","Card","Card","Card","Relic","Card","Relic","Relic","Relic","Card","Card","Relic","Relic"],"build_version":"2020-12-22","purchased_purges":1,"victory":true,"max_hp_per_floor":[81,81,81,87,92,92,98,104,104,104,105,107,107,114,114,115,115,116,116,118,118,120,120,122,123,123,123,130,131,136,136,136,137,137,144,144,147,147,147,155,155,156,156,156,157,157,159,162,162,164],"card_choices":[{"not_picked":["ReplayTheSpireMod:LeadingStrike","Thunderclap"],"picked":"Perfected Strike","floor":1},{"not_picked":["Twin Strike","Run Through"],"picked":"Infernal Blade","floor":4},{"not_picked":["Dual Wield","Wild Strike","Anger"],"picked":"SKIP","floor":5},{"not_picked":["Anger","Shrug It Off"],"picked":"ReplayTheSpireMod:Muscle Training","floor":7},{"not_picked":["True Grit","Perfected Strike"],"picked":"Double Tap","floor":8},{"not_picked":["Fire Breathing","Armaments"],"picked":"Invigoration","floor":11},{"not_picked":["Carnage","Whirlwind"],"picked":"Battle Trance","floor":12},{"not_picked":["Run Through","Thunderclap","Evolve"],"picked":"SKIP","floor":14},{"not_picked":["conspire:HitWhereItHurts","Reaper"],"picked":"Limit Break","floor":16},{"not_picked":["Blood for Blood","Hemokinesis+1"],"picked":"Twin Strike","floor":18},{"not_picked":["hubris:ReadiedAction+1","Thunderclap+1","Abandon"],"picked":"SKIP","floor":20},{"not_picked":["hubris:ReadiedAction+1","Thunderclap+1","Abandon"],"picked":"SKIP","floor":20},{"not_picked":["infinitespire:Execution","infinitespire:DeathsTouch"],"picked":"infinitespire:Gouge","floor":21},{"not_picked":["Clothesline","Dark Embrace"],"picked":"Flex+1","floor":22},{"not_picked":["Replay:Undeath\u0027s Touch+1","Power Through","Body Slam"],"picked":"SKIP","floor":24},{"not_picked":["conspire:Purge","Defy Death"],"picked":"Sword Boomerang","floor":25},{"not_picked":["Bloodletting","Armaments"],"picked":"Iron Wave","floor":28},{"not_picked":["Hemokinesis+1","BarbarianYell+1","hubris:ReadiedAction+1"],"picked":"SKIP","floor":29},{"not_picked":["infinitespire:OneForAll","Replay:Many Hands"],"picked":"Invigoration","floor":30},{"not_picked":["Barricade","Corruption"],"picked":"Double Tap","floor":33},{"not_picked":["ReplayTheSpireMod:Corrosion Curse","Pommel Strike"],"picked":"Intimidate","floor":35},{"not_picked":["Clothesline","True Grit+1","Armaments"],"picked":"SKIP","floor":37},{"not_picked":["Corruption","Cleave"],"picked":"Reaper","floor":40},{"not_picked":["Immolate","Reaper"],"picked":"Absolvement+1","floor":42},{"not_picked":["Dropkick","Berserk"],"picked":"Heavy Blade+1","floor":45},{"not_picked":["Rupture+1","ReplayTheSpireMod:Strike From Hell"],"picked":"Heavy Blade+1","floor":47},{"not_picked":["Twin Strike+1","Anger"],"picked":"Flex","floor":48}],"player_experience":529600,"relics_obtained":[{"floor":2,"key":"trackpad:BottledTsunami"},{"floor":9,"key":"hubris:SlimyHat"},{"floor":11,"key":"trackpad:ByrdBGone"},{"floor":15,"key":"Sundial"},{"floor":26,"key":"SnailShell"},{"floor":30,"key":"trackpad:GuardianSpirit"},{"floor":40,"key":"Replay:Baseball"},{"floor":40,"key":"Strawberry"},{"floor":42,"key":"LugNut"},{"floor":42,"key":"Gremlin Horn"},{"floor":43,"key":"infinitespire:Golems Mask"}],"event_choices":[{"damage_healed":0,"gold_gain":0,"player_choice":"Trade","damage_taken":0,"relics_obtained":["CultistMask"],"max_hp_gain":0,"max_hp_loss":0,"event_name":"FaceTrader","floor":3,"gold_loss":0},{"damage_healed":0,"gold_gain":0,"player_choice":"Leave","damage_taken":0,"max_hp_gain":0,"max_hp_loss":0,"event_name":"conspire:Investor","floor":10,"gold_loss":0},{"cards_removed":["ReplayTheSpireMod:Splinters"],"damage_healed":0,"gold_gain":0,"player_choice":"Offered Curse","damage_taken":0,"relics_obtained":["Spirit Poop"],"max_hp_gain":0,"max_hp_loss":0,"event_name":"Bonfire Elementals","floor":19,"gold_loss":0},{"damage_healed":0,"gold_gain":0,"player_choice":"Traded Relic","damage_taken":0,"relics_obtained":["Nloth\u0027s Gift"],"max_hp_gain":0,"max_hp_loss":0,"event_name":"N\u0027loth","floor":31,"relics_lost":["trackpad:GuardianSpirit"],"gold_loss":0}],"is_beta":false,"boss_relics":[{"not_picked":["trackpad:Coffee","hubris:ScarierMask"],"picked":"trackpad:DemonHeart"},{"not_picked":["hubris:CrackedHourglass","Kintsugi"],"picked":"Black Star"}],"items_purged_floors":[36],"is_endless":false,"potions_floor_spawned":[5,8,14,22,25,30,33,40,47],"ascension_level":8}}