{"host":"i09pxcjttd31eh4q","time":1609931436,"event":{"mods":["AchievementEnabler","BaseMod","Colored Map","Keyboard Shortcuts","Minty Spire (QoL Compilation)","StSLib","SuperFastMode"],"gold_per_floor":[116,191,209,134,134,134,163,174,200,229,244,254,179,209,209,285,285,300,328,62,79,79,79,104,104,130,30,64,64,82,99,99,173,173,185,196,214,225,242,242,270,286,364,364,418,418,418,438,438,438,438],"floor_reached":50,"playtime":1222,"items_purged":["Strike_P","Defend_P"],"score":1314,"play_id":"688b4b42-947b-4716-908c-adb3f9098c7b","local_time":"20210106201036","is_ascension_mode":true,"campfire_choices":[{"data":"Eruption","floor":6.0,"key":"SMITH"},{"data":"Tantrum","floor":15.0,"key":"SMITH"},{"data":"Vault","floor":23.0,"key":"SMITH"},{"floor":32.0,"key":"RECALL"},{"data":"Wallop","floor":40.0,"key":"SMITH"},{"data":"Scrawl","floor":44.0,"key":"SMITH"},{"data":"Swivel","floor":46.0,"key":"SMITH"},{"data":"Vault","floor":49,"key":"SMITH"}],"circlet_count":0,"master_deck":["AscendersBane","Strike_P+1","Strike_P+1","Defend_P","Defend_P","Eruption+1","Vigilance","Tantrum+1","EmptyBody","Wallop+1","EmptyFist","Vault+1","Scrawl+1","Swivel+1","CrushJoints+1","Vault+1"],"relics":["PureWater","NeowsBlessing","Whetstone","Tiny Chest","MealTicket","Mummified Hand","Runic Pyramid","Red Mask","Sundial","MutagenicStrength","Art of War","InkBottle","Vajra","Coffee Dripper","Oddly Smooth Stone","Letter Opener","Unceasing Top"],"acts_visited":["Exordium","TheCity","TheBeyond"],"potions_floor_usage":[50,50],"damage_taken":[{"damage":0.0,"enemies":"2 Louse","floor":1.0,"turns":1.0},{"damage":0.0,"enemies":"Small Slimes","floor":3.0,"turns":1.0},{"damage":0.0,"enemies":"Lagavulin","floor":7.0,"turns":1.0},{"damage":5.0,"enemies":"Jaw Worm","floor":8.0,"turns":2.0},{"damage":2.0,"enemies":"3 Sentries","floor":10.0,"turns":6.0},{"damage":0.0,"enemies":"2 Fungi Beasts","floor":11.0,"turns":3.0},{"damage":7.0,"enemies":"3 Louse","floor":12.0,"turns":3.0},{"damage":0.0,"enemies":"Gremlin Nob","floor":14.0,"turns":3.0},{"damage":30.0,"enemies":"The Guardian","floor":16.0,"turns":14.0},{"damage":0.0,"enemies":"3 Byrds","floor":18.0,"turns":4.0},{"damage":0.0,"enemies":"Masked Bandits","floor":19.0,"turns":4.0},{"damage":6.0,"enemies":"Shell Parasite","floor":21.0,"turns":4.0},{"damage":14.0,"enemies":"Book of Stabbing","floor":24.0,"turns":5.0},{"damage":0.0,"enemies":"Gremlin Leader","floor":28.0,"turns":5.0},{"damage":7.0,"enemies":"Snecko","floor":30.0,"turns":5.0},{"damage":0.0,"enemies":"Centurion and Healer","floor":31.0,"turns":4.0},{"damage":0.0,"enemies":"Automaton","floor":33.0,"turns":7.0},{"damage":0.0,"enemies":"Orb Walker","floor":35.0,"turns":3.0},{"damage":0.0,"enemies":"3 Shapes","floor":36.0,"turns":4.0},{"damage":23.0,"enemies":"Maw","floor":37.0,"turns":6.0},{"damage":1.0,"enemies":"4 Shapes","floor":38.0,"turns":4.0},{"damage":7.0,"enemies":"3 Darklings","floor":39.0,"turns":4.0},{"damage":9.0,"enemies":"Nemesis","floor":41.0,"turns":4.0},{"damage":0.0,"enemies":"Maw","floor":42.0,"turns":5.0},{"damage":0.0,"enemies":"2 Orb Walkers","floor":45.0,"turns":2.0},{"damage":0,"enemies":"Jaw Worm Horde","floor":48,"turns":3},{"damage":27,"enemies":"Time Eater","floor":50,"turns":4}],"seed_played":"-7028609061710304492","potions_obtained":[{"floor":3.0,"key":"AttackPotion"},{"floor":7.0,"key":"FearPotion"},{"floor":11.0,"key":"StancePotion"},{"floor":18.0,"key":"LiquidMemories"},{"floor":21.0,"key":"Ancient Potion"},{"floor":24.0,"key":"Swift Potion"},{"floor":35.0,"key":"SmokeBomb"},{"floor":42.0,"key":"SpeedPotion"},{"floor":45.0,"key":"Energy Potion"},{"floor":48,"key":"Dexterity Potion"}],"is_trial":false,"path_per_floor":["M","?","M","?","?","R","E","M","T","E","M","M","$","E","R","B",null,"M","?","$","M","?","R","E","T","T","$","E","$","M","M","R","B",null,"M","M","M","M","M","R","E","M","T","R","?","R","T","M","R","B"],"character_chosen":"WATCHER","items_purchased":["Sundial"],"campfire_rested":0,"item_purchase_floors":[20],"current_hp_per_floor":[61,50,50,50,50,50,50,45,45,43,43,36,51,51,51,21,56,56,56,68,62,62,62,48,48,48,63,63,68,61,61,61,61,66,66,66,43,42,35,35,26,26,26,26,26,26,26,26,26,0,0],"gold":438,"neow_bonus":"THREE_ENEMY_KILL","is_daily":false,"chose_seed":false,"campfire_upgraded":7,"win_rate":0.0,"timestamp":1609931436,"path_taken":["M","?","M","?","?","R","E","M","T","E","?","M","$","E","R","BOSS","M","?","$","M","?","R","E","?","T","$","E","?","?","M","R","BOSS","M","M","M","M","M","R","E","M","T","R","?","R","?","M","R","BOSS"],"items_purchased_type":["Relic"],"build_version":"2020-12-22","purchased_purges":2,"victory":false,"max_hp_per_floor":[68,68,68,68,68,68,68,68,68,68,68,68,68,68,68,68,68,68,68,68,68,68,68,68,68,68,68,68,68,68,68,68,68,68,68,68,68,68,68,68,68,68,68,68,68,68,68,68,68,68,68],"card_choices":[{"not_picked":["EmptyBody","ClearTheMind"],"picked":"Tantrum","floor":1.0},{"not_picked":["Consecrate","Halt"],"picked":"EmptyBody","floor":3.0},{"not_picked":["Prostrate","Wish","Crescendo"],"picked":"SKIP","floor":7.0},{"not_picked":["ForeignInfluence","ClearTheMind","Wireheading"],"picked":"SKIP","floor":8.0},{"not_picked":["BowlingBash","Prostrate"],"picked":"Wallop","floor":10.0},{"not_picked":["Collect","JustLucky","WindmillStrike"],"picked":"SKIP","floor":11.0},{"not_picked":["Protect","Collect"],"picked":"EmptyFist","floor":12.0},{"not_picked":["Conclude","Crescendo","CutThroughFate"],"picked":"SKIP","floor":14.0},{"not_picked":["DeusExMachina","Brilliance"],"picked":"Vault","floor":16.0},{"not_picked":["FlyingSleeves","ClearTheMind","Prostrate+1"],"picked":"SKIP","floor":18.0},{"not_picked":["Wish","Meditate+1","FlyingSleeves"],"picked":"SKIP","floor":21.0},{"not_picked":["EmptyBody","Prostrate","PathToVictory+1"],"picked":"SKIP","floor":24.0},{"not_picked":["Protect","Study","ClearTheMind"],"picked":"SKIP","floor":28.0},{"not_picked":["EmptyFist","CutThroughFate","Halt"],"picked":"SKIP","floor":30.0},{"not_picked":["BowlingBash","Halt+1","LessonLearned"],"picked":"SKIP","floor":31.0},{"not_picked":["ConjureBlade","Blasphemy"],"picked":"Scrawl","floor":33.0},{"not_picked":["DeceiveReality","Prostrate","CrushJoints"],"picked":"SKIP","floor":35.0},{"not_picked":["BattleHymn+1","CrushJoints","LikeWater+1"],"picked":"SKIP","floor":36.0},{"not_picked":["FlyingSleeves+1","Vengeance","PathToVictory"],"picked":"SKIP","floor":37.0},{"not_picked":["Weave","FlurryOfBlows","Conclude+1"],"picked":"SKIP","floor":38.0},{"not_picked":["Fasting2+1","Evaluate","EmptyBody"],"picked":"SKIP","floor":39.0},{"not_picked":["Swivel","Collect","Vengeance"],"picked":"SKIP","floor":41.0},{"not_picked":["Collect","Vengeance"],"picked":"Swivel","floor":41.0},{"not_picked":["Prostrate+1","FlyingSleeves"],"picked":"CrushJoints+1","floor":42.0},{"not_picked":["JustLucky+1","Crescendo"],"picked":"Vault","floor":48}],"player_experience":831317,"relics_obtained":[{"floor":7.0,"key":"Whetstone"},{"floor":9.0,"key":"Tiny Chest"},{"floor":10.0,"key":"MealTicket"},{"floor":14.0,"key":"Mummified Hand"},{"floor":19.0,"key":"Red Mask"},{"floor":24.0,"key":"Art of War"},{"floor":25.0,"key":"InkBottle"},{"floor":28.0,"key":"Vajra"},{"floor":41.0,"key":"Oddly Smooth Stone"},{"floor":43.0,"key":"Letter Opener"},{"floor":45.0,"key":"Unceasing Top"}],"event_choices":[{"damage_healed":0.0,"max_hp_gain":0.0,"max_hp_loss":0.0,"gold_gain":75.0,"event_name":"World of Goop","player_choice":"Gather Gold","floor":2.0,"gold_loss":0.0,"damage_taken":11.0},{"cards_removed":["Strike_P"],"damage_healed":0.0,"max_hp_gain":0.0,"max_hp_loss":0.0,"gold_gain":0.0,"event_name":"The Cleric","player_choice":"Card Removal","floor":4.0,"gold_loss":75.0,"damage_taken":0.0},{"cards_removed":["Defend_P"],"damage_healed":0.0,"max_hp_gain":0.0,"max_hp_loss":0.0,"gold_gain":0.0,"event_name":"Living Wall","player_choice":"Forget","floor":5.0,"gold_loss":0.0,"damage_taken":0.0},{"damage_healed":0.0,"max_hp_gain":0.0,"max_hp_loss":0.0,"gold_gain":0.0,"event_name":"Masked Bandits","player_choice":"Fought Bandits","floor":19.0,"gold_loss":0.0,"damage_taken":0.0},{"damage_healed":0.0,"max_hp_gain":0.0,"max_hp_loss":0.0,"gold_gain":0.0,"event_name":"Drug Dealer","player_choice":"Inject Mutagens","floor":22.0,"gold_loss":0.0,"damage_taken":0.0,"relics_obtained":["MutagenicStrength"]},{"damage_healed":0.0,"max_hp_gain":0.0,"max_hp_loss":0.0,"gold_gain":0.0,"event_name":"Mysterious Sphere","player_choice":"Fight","floor":45.0,"gold_loss":0.0,"damage_taken":0.0}],"is_beta":false,"boss_relics":[{"not_picked":["VioletLotus","Philosopher\u0027s Stone"],"picked":"Runic Pyramid"},{"not_picked":["Busted Crown","Snecko Eye"],"picked":"Coffee Dripper"}],"items_purged_floors":[13,27],"is_endless":false,"potions_floor_spawned":[3,7,11,18,21,24,28,35,42,45,48],"killed_by":"Time Eater","ascension_level":20}}