{"host":"mydft8i2zzydgggw","time":1609951777,"event":{"mods":["AchievementEnabler","BaseMod","BetterRewards","Colored Map","Colored Powertips","DeckTracker","Keyboard Shortcuts","Minty Spire (QoL Compilation)","Quick Restart","Rare Cards Sparkle","StSLib","SuperFastMode","The Poker Player","everything is the same but u backflip on backflip"],"gold_per_floor":[113,38,54,64,64,93,41,41,41,41,41,66,101,126,126,126,126],"floor_reached":16,"playtime":397,"items_purged":["Normality"],"score":121,"play_id":"293091ae-5964-46d1-88a8-36a87b443ff1","local_time":"20210107014937","is_ascension_mode":true,"campfire_choices":[{"data":"Armaments","floor":11,"key":"SMITH"},{"data":"Warcry","floor":15,"key":"SMITH"}],"circlet_count":0,"master_deck":["Strike_R","Strike_R","Strike_R","Strike_R","Defend_R","Defend_R","Defend_R","Defend_R","Bash","Fiend Fire","Body Slam+1","Feel No Pain","Anger","Armaments+1","Flame Barrier","Spot Weakness","Warcry+1"],"relics":["Burning Blood","Pantograph","CeramicFish","Akabeko"],"acts_visited":["Exordium"],"potions_floor_usage":[6,13],"damage_taken":[{"damage":0,"enemies":"Cultist","floor":1,"turns":4},{"damage":3,"enemies":"2 Louse","floor":3,"turns":3},{"damage":0,"enemies":"Small Slimes","floor":4,"turns":3},{"damage":8,"enemies":"Gremlin Nob","floor":6,"turns":4},{"damage":8,"enemies":"Exordium Thugs","floor":12,"turns":5},{"damage":27,"enemies":"Lagavulin","floor":13,"turns":10},{"damage":13,"enemies":"Blue Slaver","floor":14,"turns":3},{"damage":73,"enemies":"Slime Boss","floor":16,"turns":7}],"seed_played":"1015598750647204758","potions_obtained":[{"floor":1,"key":"FearPotion"},{"floor":4,"key":"SpeedPotion"},{"floor":12,"key":"PowerPotion"}],"is_trial":false,"path_per_floor":["M","$","M","M","?","E","$","?","T","?","R","M","E","M","R","B"],"character_chosen":"IRONCLAD","items_purchased":["Armaments"],"campfire_rested":0,"item_purchase_floors":[7],"current_hp_per_floor":[80,80,80,80,80,78,78,78,78,78,78,76,55,48,48,0,0],"gold":126,"neow_bonus":"THREE_RARE_CARDS","is_daily":false,"chose_seed":false,"campfire_upgraded":2,"win_rate":0.0,"timestamp":1609951777,"path_taken":["M","?","?","?","?","E","?","?","T","?","R","M","E","M","R","BOSS"],"items_purchased_type":["Card"],"build_version":"2020-12-22","purchased_purges":1,"victory":false,"max_hp_per_floor":[80,80,80,80,80,80,80,80,80,80,80,80,80,80,80,80,80],"card_choices":[{"not_picked":["Limit Break","Bludgeon"],"picked":"Fiend Fire","floor":0},{"not_picked":["Infernal Blade","Iron Wave"],"picked":"Body Slam","floor":1},{"not_picked":["Clash","Heavy Blade"],"picked":"Feel No Pain","floor":3},{"not_picked":["Clash","Evolve"],"picked":"Anger","floor":4},{"not_picked":["Havoc","Barricade","Whirlwind"],"picked":"SKIP","floor":6},{"not_picked":["Entrench","Flex"],"picked":"Flame Barrier","floor":12},{"not_picked":["Twin Strike","Blood for Blood"],"picked":"Spot Weakness","floor":13},{"not_picked":["Headbutt","Rampage"],"picked":"Warcry","floor":14}],"player_experience":121575,"relics_obtained":[{"floor":6,"key":"Pantograph"},{"floor":9,"key":"CeramicFish"},{"floor":13,"key":"Akabeko"}],"event_choices":[{"damage_healed":0,"gold_gain":0,"player_choice":"Upgraded","damage_taken":0,"max_hp_gain":0,"max_hp_loss":0,"event_name":"Upgrade Shrine","floor":5,"gold_loss":0,"cards_upgraded":["Body Slam"]},{"damage_healed":0,"gold_gain":0,"player_choice":"Leave","damage_taken":0,"max_hp_gain":0,"max_hp_loss":0,"event_name":"The Cleric","floor":8,"gold_loss":0},{"cards_removed":["Strike_R"],"damage_healed":0,"gold_gain":0,"player_choice":"Offered Basic","damage_taken":0,"max_hp_gain":0,"max_hp_loss":0,"event_name":"Bonfire Elementals","floor":10,"gold_loss":0}],"is_beta":false,"boss_relics":[],"items_purged_floors":[2],"is_endless":false,"potions_floor_spawned":[1,4,12],"killed_by":"Slime Boss","ascension_level":2}}