{"host":"91blwi3hgehj6ch9","time":1609961678,"event":{"mods":["2.2 Compatiblity","AchievementEnabler","BaseMod","Colored Map","DeckTracker","Keyboard Shortcuts","Minty Spire (QoL Compilation)","Permanent Neow","Quick Restart","StSLib","SuperFastMode"],"gold_per_floor":[110,35,45,45,55,55,88,103,127,127,127,127,127,144,144,244,244,255,0,13,24,36,36,36],"floor_reached":23,"playtime":712,"items_purged":["Defend_R"],"score":203,"play_id":"fd35c0be-4698-449c-9309-641332db9d30","local_time":"20210107043438","is_ascension_mode":true,"campfire_choices":[{"data":"Power Through","floor":6.0,"key":"SMITH"},{"data":"Searing Blow","floor":10.0,"key":"SMITH"},{"data":"Searing Blow+1","floor":13.0,"key":"SMITH"},{"data":"Searing Blow+2","floor":15.0,"key":"SMITH"}],"circlet_count":0,"master_deck":["Strike_R","Strike_R","Strike_R","Strike_R","Defend_R","Defend_R","Defend_R","Bash","Power Through+1","Headbutt","Twin Strike","Flex","Searing Blow+3","True Grit","Double Tap","Corruption","True Grit+1","Shrug It Off+1"],"relics":["Burning Blood","Thread and Needle","Art of War","Bag of Marbles","Coffee Dripper","Sundial"],"acts_visited":["Exordium","TheCity"],"potions_floor_usage":[23],"damage_taken":[{"damage":1.0,"enemies":"Small Slimes","floor":1.0,"turns":3.0},{"damage":3.0,"enemies":"2 Louse","floor":3.0,"turns":3.0},{"damage":2.0,"enemies":"Cultist","floor":5.0,"turns":3.0},{"damage":28.0,"enemies":"3 Sentries","floor":7.0,"turns":11.0},{"damage":3.0,"enemies":"Blue Slaver","floor":8.0,"turns":3.0},{"damage":0.0,"enemies":"Looter","floor":14.0,"turns":3.0},{"damage":37.0,"enemies":"Hexaghost","floor":16.0,"turns":6.0},{"damage":0.0,"enemies":"Shell Parasite","floor":18.0,"turns":1.0},{"damage":0.0,"enemies":"Chosen","floor":20.0,"turns":3.0},{"damage":0.0,"enemies":"Centurion and Healer","floor":21.0,"turns":4.0},{"damage":29.0,"enemies":"Chosen and Byrds","floor":22.0,"turns":7.0},{"damage":56,"enemies":"Gremlin Leader","floor":23,"turns":4}],"seed_played":"8963544721802936066","potions_obtained":[{"floor":1.0,"key":"FearPotion"},{"floor":3.0,"key":"EntropicBrew"},{"floor":8.0,"key":"PowerPotion"}],"is_trial":false,"path_per_floor":["M","$","M","$","M","R","E","M","T","R","?","?","R","M","R","B",null,"M","$","M","M","M","E"],"character_chosen":"IRONCLAD","items_purchased":["Sundial"],"campfire_rested":0,"item_purchase_floors":[19],"current_hp_per_floor":[72,72,72,72,72,72,50,53,53,53,58,58,58,64,64,33,77,77,77,77,77,54,0,0],"gold":36,"neow_bonus":"ONE_RARE_RELIC","is_daily":false,"chose_seed":false,"campfire_upgraded":4,"win_rate":0.0,"timestamp":1609961678,"path_taken":["M","$","M","$","M","R","E","M","T","R","?","?","R","M","R","BOSS","M","$","M","M","M","E"],"items_purchased_type":["Relic"],"build_version":"2020-12-22","purchased_purges":1,"victory":false,"max_hp_per_floor":[72,72,72,72,72,72,72,72,72,72,77,77,77,77,77,77,77,77,77,77,77,77,77,77],"card_choices":[{"not_picked":["Blood for Blood","Disarm"],"picked":"Power Through","floor":1.0},{"not_picked":["Sword Boomerang","Clash"],"picked":"Headbutt","floor":3.0},{"not_picked":["Perfected Strike","Shockwave"],"picked":"Twin Strike","floor":5.0},{"not_picked":["Havoc","Fire Breathing"],"picked":"Flex","floor":7.0},{"not_picked":["Shrug It Off","Sword Boomerang"],"picked":"Searing Blow","floor":8.0},{"not_picked":["Blood for Blood","Clothesline"],"picked":"Double Tap","floor":14.0},{"not_picked":["Juggernaut","Berserk"],"picked":"Corruption","floor":16.0},{"not_picked":["Thunderclap","Spot Weakness","Rampage"],"picked":"SKIP","floor":18.0},{"not_picked":["Clash","Perfected Strike","Armaments"],"picked":"SKIP","floor":20.0},{"not_picked":["Blood for Blood","Cleave+1"],"picked":"True Grit+1","floor":21.0},{"not_picked":["Clothesline","Heavy Blade"],"picked":"Shrug It Off+1","floor":22.0}],"player_experience":105359,"relics_obtained":[{"floor":7.0,"key":"Art of War"},{"floor":9.0,"key":"Bag of Marbles"}],"event_choices":[{"damage_healed":0.0,"max_hp_gain":5.0,"max_hp_loss":0.0,"gold_gain":0.0,"event_name":"Big Fish","player_choice":"Donut","floor":11.0,"gold_loss":0.0,"damage_taken":0.0},{"damage_healed":0.0,"max_hp_gain":0.0,"max_hp_loss":0.0,"gold_gain":0.0,"cards_transformed":["Strike_R"],"event_name":"Transmorgrifier","player_choice":"Transformed","floor":12.0,"gold_loss":0.0,"damage_taken":0.0,"cards_obtained":["True Grit"]}],"is_beta":false,"boss_relics":[{"not_picked":["Busted Crown","Runic Pyramid"],"picked":"Coffee Dripper"}],"items_purged_floors":[2],"is_endless":false,"potions_floor_spawned":[1,3,8,20,21],"killed_by":"Gremlin Leader","ascension_level":1}}