{"host":"ixqzyafodex1tsi5","time":1609922072,"event":{"mods":["ATMod(°¢èªMod)","AchievementEnabler","Act Like it!","BaseMod","Gensokyo","GifTheSpireLib","Lobotomy","LobotomyExtend","Luminous","Minty Spire (QoL Compilation)","Relic Stats","Replay The Spire","RumiaBox-Â¶Ã×æ«µÄÉñÃØºÐ×Ó","Shop Mod","Spicy Shops","StSLib","The Cursed","[IsaacMod]ÒÔÈö¼âËþ","¡¾¹¦ÄÜMod¡¿»ìãçÖ®»·ÐÞ¸´²¹¶¡","¡¾ÒÅÎï¿¨ÅÆ¡¿REMEMod"],"gold_per_floor":[116,128,128,128,148,148,158,158,158,184,208,240,240,240,251,251,251,346,346,359,359],"floor_reached":20,"playtime":700,"items_purged":[],"score":290,"play_id":"1b025bc8-5d9b-40d1-9ea4-d7d2b8a91013","local_time":"20210106163432","is_ascension_mode":true,"campfire_choices":[{"data":"Sunder","floor":6,"key":"SMITH"},{"data":"Conserve Battery","floor":13,"key":"SMITH"},{"data":"Genetic Algorithm","floor":17,"key":"SMITH"}],"circlet_count":0,"master_deck":["Dualcast","AT_DrawKnifeCut+1","Rebound","Sunder+1","Loop","Conserve Battery+1","Genetic Algorithm+1","REME_ForAll","Static Discharge+1"],"relics":["REME_ComplimentaryCards","HushsDoor","AT_ATBox","DoctorsRemote","EasyGame_NEW","LetterFromLob","Bag of Preparation","Toy Ornithopter","Question Card","Heaven_r","Replay:Grab Bag","Runic Dome"],"acts_visited":["Exordium","TheCity"],"potions_floor_usage":[18,18],"damage_taken":[{"damage":0,"enemies":"Small Slimes","floor":1,"turns":2},{"damage":0,"enemies":"Jaw Worm","floor":2,"turns":1},{"damage":0,"enemies":"2 Louse","floor":5,"turns":1},{"damage":9,"enemies":"2 Fungi Beasts","floor":7,"turns":2},{"damage":0,"enemies":"Gremlin Nob","floor":10,"turns":2},{"damage":10,"enemies":"3 Sentries","floor":12,"turns":3},{"damage":15,"enemies":"Exordium Wildlife","floor":14,"turns":2},{"damage":0,"enemies":"Exordium Wildlife","floor":15,"turns":1},{"damage":20,"enemies":"The Guardian","floor":18,"turns":6},{"damage":23,"enemies":"Shell Parasite","floor":20,"turns":4}],"seed_played":"-4117596167172965598","potions_obtained":[{"floor":1,"key":"EssenceOfSteel"},{"floor":10,"key":"Adrenaline Potion"},{"floor":12,"key":"Fire Potion"},{"floor":15,"key":"FearPotion"},{"floor":18,"key":"PotionOfCapacity"}],"is_trial":false,"path_per_floor":["M","M","?","?","M","R","M","PTL","PTL","E","T","E","R","M","M","?","R","B",null,"M"],"character_chosen":"DEFECT","items_purchased":[],"campfire_rested":0,"item_purchase_floors":[],"current_hp_per_floor":[68,68,75,75,75,75,66,66,66,66,66,56,56,41,41,46,46,36,69,46,46],"gold":359,"neow_bonus":"BOSS_RELIC","is_daily":false,"chose_seed":false,"campfire_upgraded":3,"win_rate":0.0,"timestamp":1609922072,"path_taken":["M","M","?","?","M","R","?","PTL","PTL","E","T","E","R","M","M","?","R","BOSS","M"],"items_purchased_type":[],"build_version":"2020-12-22","purchased_purges":0,"victory":false,"max_hp_per_floor":[75,75,75,75,75,75,75,75,75,75,75,75,75,75,75,80,80,80,80,80,80],"relic_stats":{"counters":[10,24],"Bag of Preparation":[6],"Question Card":3,"obtain_stats":[{"KeepersGift":0,"DoctorsRemote":0,"AT_ATBox":0,"Replay:Grab Bag":19,"Bag of Preparation":10,"Question Card":12,"Heaven_r":14,"Runic Dome":19,"LetterFromLob":1,"Cracked Core":0,"HushsDoor":0,"EasyGame_NEW":0,"Toy Ornithopter":11,"REME_ComplimentaryCards":0},{"KeepersGift":0,"DoctorsRemote":0,"AT_ATBox":0,"Replay:Grab Bag":9,"Bag of Preparation":5,"Question Card":6,"Heaven_r":7,"Runic Dome":9,"LetterFromLob":1,"Cracked Core":0,"HushsDoor":0,"EasyGame_NEW":0,"Toy Ornithopter":5,"REME_ComplimentaryCards":0},{"KeepersGift":0,"DoctorsRemote":0,"AT_ATBox":0,"Replay:Grab Bag":20,"Bag of Preparation":8,"Question Card":11,"Heaven_r":13,"Runic Dome":20,"LetterFromLob":2,"Cracked Core":0,"HushsDoor":0,"EasyGame_NEW":0,"Toy Ornithopter":8,"REME_ComplimentaryCards":0}],"Toy Ornithopter":10},"card_choices":[{"not_picked":[],"picked":"Bomb","floor":0},{"not_picked":["Coolheaded","Force Field","Ball Lightning"],"picked":"SKIP","floor":1},{"not_picked":["Ball Lightning","Steam"],"picked":"Rebound","floor":2},{"not_picked":["Hyperbeam","Go for the Eyes"],"picked":"Sunder","floor":5},{"not_picked":["BasicCrystalCard","Static Discharge","Turbo"],"picked":"SKIP","floor":7},{"not_picked":["Cold Snap","Redo"],"picked":"Loop","floor":10},{"not_picked":["BasicCrystalCard","Melter"],"picked":"Conserve Battery","floor":12},{"not_picked":["ReplaySolidLightProjector","Leap","Redo"],"picked":"Genetic Algorithm","floor":15},{"not_picked":["ElectricPowerLearning","ReplayTheSpireMod:Omega Cannon","ReplayRNGCard"],"picked":"REME_ForAll","floor":18},{"not_picked":["Leap","REME_DataAnalysis","Hologram"],"picked":"Static Discharge+1","floor":20}],"player_experience":232743,"relics_obtained":[{"floor":1,"key":"LetterFromLob"},{"floor":10,"key":"Bag of Preparation"},{"floor":11,"key":"Toy Ornithopter"},{"floor":12,"key":"Question Card"}],"event_choices":[{"damage_healed":0,"gold_gain":0,"player_choice":"Donut","damage_taken":0,"max_hp_gain":5,"max_hp_loss":0,"event_name":"Big Fish","floor":16,"gold_loss":0}],"is_beta":false,"boss_relics":[{"not_picked":["REME_ChargedStone","MagicMushroom"],"picked":"Replay:Grab Bag"},{"not_picked":["ChampionBelt","Busted Crown"],"picked":"Runic Dome"},{"not_picked":[]}],"items_purged_floors":[],"is_endless":false,"potions_floor_spawned":[1,10,12,15,18],"killed_by":"Shell Parasite","ascension_level":8}}