{"host":"0nfdmr2b19ur4mbc","time":1609953919,"event":{"mods":["2.2 Compatiblity","AchievementEnabler","Aspiration","BaseMod","Better Match","Better Note","Better Third Choice","Better Vampires","Disable Question Mark Monsters","Hubris","Infinite Spire","Minty Spire (QoL Compilation)","Quick Restart","Rare Cards Sparkle","Replay The Spire","StSLib"],"gold_per_floor":[115,126,126,138,313,342,342,369,369,397,408,408,408,428,428,533,533,551,650,725,361,376,376,402,327,327,327,327,337,349,349,349,449,449,595,695,708,719,572,589,589,621,621,637,637,537,671,741,768,788,788,788],"floor_reached":53,"playtime":1966,"items_purged":["Defend_R","Parasite"],"score":1332,"play_id":"0e0d070a-255e-4784-b298-af34c98bf2fd","local_time":"20210106182519","is_ascension_mode":true,"campfire_choices":[{"data":"infinitespire:SevenWalls","floor":7.0,"key":"SMITH"},{"data":"Bludgeon","floor":13.0,"key":"SMITH"},{"floor":15.0,"key":"DIG"},{"floor":23.0,"key":"REST"},{"floor":27.0,"key":"REST"},{"floor":34,"key":"REST"},{"floor":51,"key":"REST"}],"circlet_count":0,"master_deck":["Strike_R","Strike_R","Strike_R","Strike_R","Strike_R","Defend_R","Defend_R","Bash","Bludgeon+1","Headbutt","Thunderclap","infinitespire:SevenWalls+1","ReplayTheSpireMod:Stacked","Run Through","Cleave","Intimidate","Dual Wield","Anger+1","Seeing Red+1","Limit Break+1","Carnage","hubris:DuctTapeCard","Thunderclap","Perfected Strike","hubris:ReadiedAction+1","Pot Of Greed","Pot Of Greed","Pot Of Greed"],"relics":["Burning Blood","Regal Pillow","hubris:BottledRain","Matryoshka","Golden Egg","hubris:MobiusCoin","Replay:Grab Bag","Ooze Armor","Fusion Hammer","aspiration:PoetsPen_weak","Blood Vial","aspiration:TomeofQuesting","Replay:Ringing Soul","Akabeko","hubris:Metronome","hubris:SphereOfDissonance","Replay:Wanted Poster","Pen Nib","Replay:Baseball","hubris:DeckOfHolding","ReplayTheSpireMod:Ninjato","hubris:DuctTape","Grinning Jar"],"acts_visited":["Exordium","TheCity","TheBeyond"],"potions_floor_usage":[35,52],"damage_taken":[{"damage":5.0,"enemies":"Small Slimes","floor":1.0,"turns":2.0},{"damage":2.0,"enemies":"Jaw Worm","floor":2.0,"turns":3.0},{"damage":1.0,"enemies":"2 Louse","floor":4.0,"turns":2.0},{"damage":20.0,"enemies":"Lagavulin","floor":6.0,"turns":5.0},{"damage":10.0,"enemies":"3 Sentries","floor":8.0,"turns":8.0},{"damage":0.0,"enemies":"Gremlin Nob","floor":10.0,"turns":4.0},{"damage":0.0,"enemies":"Blue Slaver","floor":11.0,"turns":2.0},{"damage":0.0,"enemies":"Looter","floor":14.0,"turns":2.0},{"damage":8.0,"enemies":"Slime Boss","floor":16.0,"turns":11.0},{"damage":3.0,"enemies":"Shell Parasite","floor":18.0,"turns":3.0},{"damage":10.0,"enemies":"2 Thieves","floor":22.0,"turns":2.0},{"damage":12.0,"enemies":"Gremlin Leader","floor":24.0,"turns":4.0},{"damage":0,"enemies":"Sentry and Sphere","floor":29,"turns":2},{"damage":20,"enemies":"Shelled Parasite and Fungi","floor":30,"turns":2},{"damage":6,"enemies":"hubris:MusketHawk","floor":35,"turns":4},{"damage":0,"enemies":"Orb Walker","floor":37,"turns":1},{"damage":26,"enemies":"3 Shapes","floor":38,"turns":2},{"damage":0,"enemies":"Writhing Mass","floor":40,"turns":2},{"damage":8,"enemies":"Nightmare","floor":42,"turns":3},{"damage":0,"enemies":"3 Darklings","floor":44,"turns":1},{"damage":6,"enemies":"Jaw Worm Horde","floor":48,"turns":1},{"damage":6,"enemies":"R_Hoarder","floor":49,"turns":2},{"damage":0,"enemies":"Spire Growth","floor":50,"turns":1},{"damage":12,"enemies":"Donu and Deca","floor":52,"turns":2}],"seed_played":"4891223369950408852","potions_obtained":[{"floor":4.0,"key":"Weak Potion"},{"floor":6.0,"key":"Toxic Potion"},{"floor":8.0,"key":"FearPotion"},{"floor":16.0,"key":"FearPotion"},{"floor":22.0,"key":"Fire Potion"},{"floor":30,"key":"Block Potion"},{"floor":35,"key":"Milkshake"},{"floor":40,"key":"Death Potion"},{"floor":49,"key":"Ancient Potion"}],"is_trial":false,"path_per_floor":["M","M","?","M","?","E","R","E","T","E","M","?","R","M","R","B",null,"M","?","?","$","M","R","E","?","T","R","AVR","M","M","PTL","PTL","?","R","B",null,"M","M","$","M","AVR","NM","?","M","T","$","?","M","E","M","R","B",null],"character_chosen":"IRONCLAD","items_purchased":["Blood Vial","aspiration:TomeofQuesting","Pen Nib"],"campfire_rested":4,"item_purchase_floors":[21,21,39],"current_hp_per_floor":[73,77,56,61,61,47,47,43,43,49,55,55,55,61,61,59,75,78,78,70,70,68,80,77,77,77,83,83,83,72,72,72,72,86,89,89,89,69,69,80,80,80,89,92,95,92,72,74,79,87,98,92],"gold":788,"neow_bonus":"ONE_RANDOM_RARE_CARD","is_daily":false,"chose_seed":false,"campfire_upgraded":2,"win_rate":0.0,"timestamp":1609953919,"path_taken":["M","M","?","M","?","E","R","E","T","E","M","?","R","M","R","BOSS","M","?","?","$","?","R","E","?","T","R","AVR","M","M","PTL","PTL","?","R","BOSS","M","M","?","M","AVR","NM","?","M","T","?","?","M","E","M","R","BOSS"],"items_purchased_type":["Relic","Relic","Relic"],"build_version":"2020-12-22","purchased_purges":2,"victory":true,"max_hp_per_floor":[80,80,80,80,80,80,80,80,80,80,80,80,80,80,80,80,80,80,80,80,80,80,80,83,83,83,83,83,83,86,86,86,86,86,89,89,89,89,89,92,92,92,92,92,95,92,95,95,98,98,98,98],"card_choices":[{"not_picked":["Havoc","Heavy Blade"],"picked":"Headbutt","floor":1.0},{"not_picked":["Havoc","Armaments"],"picked":"Thunderclap","floor":2.0},{"not_picked":["ReplayTheSpireMod:??????????????????????","infinitespire:DeathsTouch"],"picked":"infinitespire:SevenWalls","floor":3.0},{"not_picked":["Blood for Blood","Demonic Infusion"],"picked":"ReplayTheSpireMod:Stacked","floor":4.0},{"not_picked":["Fire Breathing","ReplayReversal"],"picked":"Run Through","floor":6.0},{"not_picked":["Fire Breathing","hubris:ReadiedAction"],"picked":"Cleave","floor":8.0},{"not_picked":["Eclipse","Wild Strike"],"picked":"Berserk","floor":10.0},{"not_picked":["Pommel Strike","Shrug It Off","Heavy Blade"],"picked":"SKIP","floor":11.0},{"not_picked":["Pommel Strike","Replay:Undeath\u0027s Touch"],"picked":"Intimidate","floor":14.0},{"not_picked":["Berserk","Brutality"],"picked":"Offering","floor":16.0},{"not_picked":["Combust","ReplayTheSpireMod:Strike From Hell+1","Massacre"],"picked":"SKIP","floor":18.0},{"not_picked":["Armaments","Massacre+1"],"picked":"Dual Wield","floor":22.0},{"not_picked":["Massacre","Uppercut"],"picked":"Anger+1","floor":24.0},{"not_picked":["Havoc+1","Dual Wield","Entrench"],"picked":"SKIP","floor":29},{"not_picked":["Pommel Strike","Anger"],"picked":"Seeing Red+1","floor":30},{"not_picked":["Brutality","Barricade"],"picked":"Limit Break","floor":35},{"not_picked":["Clash+1","Whirlwind+1","Life Link+1"],"picked":"SKIP","floor":37},{"not_picked":["Flame Barrier+1","Sword Boomerang+1","hubris:ReadiedAction+1"],"picked":"SKIP","floor":38},{"not_picked":["Run Through","Shrug It Off"],"picked":"Carnage","floor":40},{"not_picked":["Dark Embrace","Armaments+1","Evolve"],"picked":"SKIP","floor":42},{"not_picked":["Intimidate","ReplayReversal+1","Cleave"],"picked":"SKIP","floor":44},{"not_picked":["Disarm+1","infinitespire:OneForAll+1"],"picked":"Thunderclap","floor":47},{"not_picked":["ReplayTheSpireMod:LeadingStrike","Shrug It Off"],"picked":"Perfected Strike","floor":47},{"not_picked":["Dark Embrace","Burning Pact+1"],"picked":"hubris:ReadiedAction+1","floor":47},{"not_picked":["Fire Breathing+1","hubris:SharpeningStone","Wild Strike+1"],"picked":"SKIP","floor":48},{"not_picked":["Fire Breathing+1","hubris:SharpeningStone","Wild Strike+1"],"picked":"SKIP","floor":48},{"not_picked":["Replay:Undeath\u0027s Touch+1","ReplayTheSpireMod:LeadingStrike","Second Wind"],"picked":"SKIP","floor":49},{"not_picked":["Replay:Undeath\u0027s Touch+1","ReplayTheSpireMod:LeadingStrike","Second Wind"],"picked":"SKIP","floor":49},{"not_picked":["Replay:Undeath\u0027s Touch+1","ReplayTheSpireMod:LeadingStrike","Second Wind"],"picked":"SKIP","floor":49},{"not_picked":["Life Link+1","Iron Wave","Offering"],"picked":"SKIP","floor":50}],"player_experience":157859,"relics_obtained":[{"floor":6.0,"key":"Regal Pillow"},{"floor":8.0,"key":"hubris:BottledRain"},{"floor":9.0,"key":"Matryoshka"},{"floor":10.0,"key":"Golden Egg"},{"floor":15.0,"key":"hubris:MobiusCoin"},{"floor":24.0,"key":"Replay:Ringing Soul"},{"floor":26.0,"key":"Akabeko"},{"floor":26.0,"key":"hubris:Metronome"},{"floor":42,"key":"hubris:DeckOfHolding"},{"floor":45,"key":"ReplayTheSpireMod:Ninjato"},{"floor":45,"key":"hubris:DuctTape"},{"floor":49,"key":"Grinning Jar"}],"event_choices":[{"damage_healed":0.0,"max_hp_gain":0.0,"max_hp_loss":0.0,"gold_gain":175.0,"event_name":"betterThird:BetterSerpent","player_choice":"AGREE","floor":5.0,"gold_loss":0.0,"damage_taken":138.0},{"cards_removed":["Doubt"],"damage_healed":0.0,"max_hp_gain":0.0,"max_hp_loss":0.0,"gold_gain":0.0,"event_name":"Living Wall","player_choice":"Forget","floor":12.0,"gold_loss":0.0,"damage_taken":0.0},{"damage_healed":0.0,"max_hp_gain":0.0,"max_hp_loss":0.0,"gold_gain":99.0,"event_name":"betterThird:BetterNest","player_choice":"Steal","floor":19.0,"gold_loss":0.0,"damage_taken":0.0},{"damage_healed":0.0,"max_hp_gain":0.0,"max_hp_loss":0.0,"gold_gain":75.0,"event_name":"FaceTrader","player_choice":"Touch","floor":20.0,"gold_loss":0.0,"damage_taken":8.0},{"cards_removed":["Defend_R"],"damage_healed":0.0,"max_hp_gain":0.0,"max_hp_loss":0.0,"gold_gain":0.0,"event_name":"Beggar","player_choice":"Gave Gold","floor":25.0,"gold_loss":75.0,"damage_taken":0.0},{"damage_healed":0,"gold_gain":100,"player_choice":"Pray","damage_taken":0,"max_hp_gain":0,"max_hp_loss":0,"event_name":"Golden Shrine","floor":33,"gold_loss":0}],"is_beta":false,"boss_relics":[{"not_picked":["Pandora\u0027s Box","hubris:HollowSoul"],"picked":"Replay:Grab Bag"},{"not_picked":["Abe\u0027s Treasure","hubris:TerracottaHorce"],"picked":"Ooze Armor"},{"not_picked":["hubris:CrackedHourglass","infinitespire:Cupcake"],"picked":"Fusion Hammer"},{"not_picked":["ReplayTheSpireMod:SealedPack","aspiration:DefectSkillbook"],"picked":"aspiration:PoetsPen_weak"},{"not_picked":["aspiration:RunicSpoon","Snecko Heart"],"picked":"Replay:Wanted Poster"}],"items_purged_floors":[21,46],"is_endless":false,"potions_floor_spawned":[4,6,8,16,22,30,35,38,40,49,50],"ascension_level":8}}