{"host":"lxihx0b6awoz2w1j","time":1609975293,"event":{"mods":["Aspiration","BaseMod","Better Third Choice","CapriCore","Colored Powertips","Downfall","Hermit","HololiveMod","Hubris","Infinite Spire","JesterMod","Luminous","Marisa????????","Melee Mod","Minty Spire (QoL Compilation)","Prisma Mod","Quick Restart","Relic Stats","Replay The Spire","Shade Mod","Spicy Shops","StSLib","The Alterego","The Blue Laboratory","The Cursed","The Disciple","The Forsaken","The Immortal","The Jungle","The Marked","The Runesmith","The Senshi","The Servant 0.9.4","Waifu the Spire"],"gold_per_floor":[112,122,133,151,163,190,201,201,201,201,218,218,63,63,63,63,63],"floor_reached":16,"playtime":723,"items_purged":[],"score":104,"play_id":"5e0e4441-7db0-4faa-95ef-a684a9e0f763","local_time":"20210107002133","is_ascension_mode":false,"campfire_choices":[{"floor":8,"key":"REST"},{"floor":10,"key":"REST"},{"data":"infinitespire:Oblivion","floor":15,"key":"SMITH"}],"circlet_count":0,"master_deck":["theMarked:Strike","theMarked:Strike","theMarked:Strike","theMarked:Strike","theMarked:Strike","theMarked:Defend","theMarked:Defend","theMarked:Defend","theMarked:Defend","theMarked:SoldierOfQuellstein+1","theMarked:HeightenedSenses","theMarked:Parkour","theMarked:WastefulDefense","theMarked:Opportunist","theMarked:BanishingStrike","theMarked:Levitate","theMarked:ElectricStrings","theMarked:WastefulAttack","theMarked:ElementalBlade","infinitespire:Oblivion+1"],"relics":["theMarked:ArtifactOfAir","aspiration:SeaSaltIceCream","WristBlade","ReplayTheSpireMod:TigerMarble","TheAbacus"],"acts_visited":["Exordium"],"potions_floor_usage":[],"damage_taken":[{"damage":0,"enemies":"Small Slimes","floor":1,"turns":3},{"damage":4,"enemies":"Jaw Worm","floor":2,"turns":4},{"damage":0,"enemies":"2 Louse","floor":3,"turns":2},{"damage":4,"enemies":"Blue Slaver","floor":4,"turns":4},{"damage":7,"enemies":"Exordium Wildlife","floor":5,"turns":4},{"damage":30,"enemies":"Lagavulin","floor":6,"turns":8},{"damage":2,"enemies":"Red Slaver","floor":7,"turns":3},{"damage":5,"enemies":"Blue Slaver","floor":11,"turns":3},{"damage":0,"enemies":"Fading Forest","floor":16,"turns":2}],"seed_played":"6873025100821642774","potions_obtained":[{"floor":2,"key":"Ancient Potion"},{"floor":5,"key":"Elixir"},{"floor":6,"key":"blueLaboratory:BottleOfVodka"}],"is_trial":false,"path_per_floor":["M","M","M","M","M","E","M","R","T","R","M","?","$","?","R","B"],"character_chosen":"THE_DEFAULT","items_purchased":["TheAbacus","theMarked:ElementalBlade"],"campfire_rested":2,"item_purchase_floors":[13,13],"current_hp_per_floor":[77,73,73,69,62,32,30,53,53,76,71,71,71,51,51,51,51],"gold":63,"neow_bonus":"TEN_PERCENT_HP_BONUS","is_daily":false,"chose_seed":false,"campfire_upgraded":1,"win_rate":0.0,"timestamp":1609975293,"path_taken":["M","M","M","M","M","E","M","R","T","R","M","?","$","?","R","BOSS"],"items_purchased_type":["Relic","Card"],"build_version":"2020-12-22","purchased_purges":0,"victory":false,"max_hp_per_floor":[77,77,77,77,77,77,77,77,77,77,77,77,77,77,77,77,77],"relic_stats":{"TheAbacus":[0],"counters":[9,33],"obtain_stats":[{"theMarked:ArtifactOfAir":0,"TheAbacus":13,"WristBlade":6,"ReplayTheSpireMod:TigerMarble":9,"aspiration:SeaSaltIceCream":6},{"theMarked:ArtifactOfAir":0,"TheAbacus":8,"WristBlade":6,"ReplayTheSpireMod:TigerMarble":7,"aspiration:SeaSaltIceCream":6},{"theMarked:ArtifactOfAir":0,"TheAbacus":31,"WristBlade":25,"ReplayTheSpireMod:TigerMarble":28,"aspiration:SeaSaltIceCream":25}]},"card_choices":[{"not_picked":["theMarked:CreepingChasm","theMarked:LightningStrikesTwice"],"picked":"theMarked:HeightenedSenses","floor":1},{"not_picked":["theMarked:TakeCover","theMarked:TwofoldDefense"],"picked":"theMarked:Parkour","floor":2},{"not_picked":["theMarked:Frustration","theMarked:Generate"],"picked":"theMarked:WastefulDefense","floor":3},{"not_picked":["theMarked:EmpowerWeapon","theMarked:FavorableWinds"],"picked":"theMarked:Opportunist","floor":4},{"not_picked":["theMarked:Convert","theMarked:Parkour"],"picked":"theMarked:BanishingStrike","floor":5},{"not_picked":["theMarked:Generate","theMarked:Aftermath"],"picked":"theMarked:Levitate","floor":6},{"not_picked":["theMarked:TakeCover","theMarked:WastefulAttack"],"picked":"theMarked:ElectricStrings","floor":7},{"not_picked":["theMarked:RepellingDischarge","theMarked:Convert"],"picked":"theMarked:WastefulAttack","floor":11},{"not_picked":["infinitespire:Fortify","infinitespire:SealOfDarkness+"],"picked":"infinitespire:Oblivion","floor":14}],"player_experience":535583,"relics_obtained":[{"floor":6,"key":"aspiration:SeaSaltIceCream"},{"floor":9,"key":"ReplayTheSpireMod:TigerMarble"}],"event_choices":[],"is_beta":false,"boss_relics":[],"items_purged_floors":[],"is_endless":false,"potions_floor_spawned":[2,5,6],"killed_by":"Fading Forest","ascension_level":0}}