{"host":"pq8o62wp0h1hflf3","time":1609963428,"event":{"mods":["BaseMod","Minty Spire (QoL Compilation)","Relic Stats","ojb\u0027s Info Mod"],"gold_per_floor":[116,116,135,153,153,185,185,260,260,260,260,220,234,234,234,234,234],"floor_reached":16,"playtime":1192,"items_purged":[],"score":196,"play_id":"00f491bd-abdb-4a3a-9fca-7d33d50018f8","local_time":"20210106150348","is_ascension_mode":true,"campfire_choices":[{"floor":7,"key":"REST"},{"data":"Sucker Punch","floor":11,"key":"SMITH"},{"data":"Leg Sweep","floor":15,"key":"SMITH"}],"circlet_count":0,"master_deck":["AscendersBane","Strike_G","Strike_G","Strike_G","Strike_G","Defend_G","Defend_G","Defend_G","Defend_G","Defend_G","Survivor","Neutralize+1","Cloak And Dagger","Sucker Punch+1","Flying Knee","Leg Sweep+1"],"relics":["SlaversCollar","Unceasing Top","Regal Pillow","TungstenRod"],"acts_visited":["Exordium"],"potions_floor_usage":[6,16],"damage_taken":[{"damage":0,"enemies":"Small Slimes","floor":1,"turns":5},{"damage":0,"enemies":"Cultist","floor":3,"turns":4},{"damage":1,"enemies":"Jaw Worm","floor":4,"turns":6},{"damage":29,"enemies":"3 Sentries","floor":6,"turns":16},{"damage":1,"enemies":"Looter","floor":12,"turns":4},{"damage":0,"enemies":"2 Fungi Beasts","floor":13,"turns":5},{"damage":31,"enemies":"Hexaghost","floor":16,"turns":14}],"seed_played":"3587741054402065207","potions_obtained":[{"floor":1,"key":"GhostInAJar"},{"floor":13,"key":"Fruit Juice"}],"is_trial":false,"path_per_floor":["M","?","M","M","?","E","R","?","T","?","R","M","M","?","R","B"],"character_chosen":"THE_SILENT","items_purchased":[],"campfire_rested":1,"item_purchase_floors":[],"current_hp_per_floor":[59,59,59,58,32,3,37,26,26,26,26,25,25,25,25,0,0],"gold":234,"neow_bonus":"BOSS_RELIC","is_daily":false,"chose_seed":false,"campfire_upgraded":2,"win_rate":0.0,"timestamp":1609963428,"path_taken":["M","?","?","M","?","E","R","?","T","?","R","M","?","?","R","BOSS"],"items_purchased_type":[],"build_version":"2020-12-22","purchased_purges":0,"victory":false,"max_hp_per_floor":[66,66,66,66,66,66,66,66,66,66,66,66,66,66,66,71,71],"relic_stats":{"Regal Pillow":15,"counters":[7,54],"obtain_stats":[{"SlaversCollar":0,"Regal Pillow":6,"Unceasing Top":5,"TungstenRod":9,"Ring of the Snake":0},{"SlaversCollar":0,"Regal Pillow":4,"Unceasing Top":3,"TungstenRod":4,"Ring of the Snake":0},{"SlaversCollar":0,"Regal Pillow":31,"Unceasing Top":15,"TungstenRod":31,"Ring of the Snake":0}],"Unceasing Top":[12],"TungstenRod":12},"card_choices":[{"not_picked":["Endless Agony","Flying Knee"],"picked":"Cloak And Dagger","floor":1},{"not_picked":["Bane","Prepared"],"picked":"Sucker Punch","floor":3},{"not_picked":["Escape Plan","Dodge and Roll"],"picked":"Flying Knee","floor":4},{"not_picked":["Prepared","Dodge and Roll","Sucker Punch"],"picked":"SKIP","floor":6},{"not_picked":["Dodge and Roll","Deflect"],"picked":"Leg Sweep","floor":12},{"not_picked":["Acrobatics","Finisher","Deflect"],"picked":"SKIP","floor":13}],"player_experience":1113253,"relics_obtained":[{"floor":6,"key":"Regal Pillow"},{"floor":9,"key":"TungstenRod"}],"event_choices":[{"cards_removed":["Strike_G"],"damage_healed":0,"gold_gain":0,"player_choice":"Offered Basic","damage_taken":0,"max_hp_gain":0,"max_hp_loss":0,"event_name":"Bonfire Elementals","floor":2,"gold_loss":0},{"damage_healed":0,"gold_gain":0,"player_choice":"Success","damage_taken":26,"relics_obtained":["Unceasing Top"],"max_hp_gain":0,"max_hp_loss":0,"event_name":"Scrap Ooze","floor":5,"gold_loss":0},{"damage_healed":0,"gold_gain":75,"player_choice":"Gather Gold","damage_taken":11,"max_hp_gain":0,"max_hp_loss":0,"event_name":"World of Goop","floor":8,"gold_loss":0},{"damage_healed":0,"gold_gain":0,"player_choice":"Upgraded","damage_taken":0,"max_hp_gain":0,"max_hp_loss":0,"event_name":"Upgrade Shrine","floor":10,"gold_loss":0,"cards_upgraded":["Neutralize"]},{"damage_healed":0,"gold_gain":0,"player_choice":"Ignored","damage_taken":0,"max_hp_gain":0,"max_hp_loss":0,"event_name":"Liars Game","floor":14,"gold_loss":0}],"is_beta":false,"boss_relics":[],"items_purged_floors":[],"is_endless":false,"potions_floor_spawned":[1,13],"killed_by":"Hexaghost","ascension_level":20}}