{"host":"hcrpk3ks1jn59x6u","time":1609910510,"event":{"mods":["BaseMod","Better Altar","Better Note","Better Sensory Stone","Better Skull","Better Third Choice","BetterRewards","Colored Map","Conspire","Downfall","GifTheSpireLib","Googly Eyes","Halation","Hermit","Highlight Path","Minty Spire (QoL Compilation)","StSLib","Stuff the Spire","The Bug Knight","The Construct","The Hierophant","everything is the same but u backflip on backflip"],"gold_per_floor":[99,114,131,131,144,159,207,224,224,340,340,340,340,92,102,202,202,202,219,219,219,219],"floor_reached":20,"playtime":1346,"items_purged":[],"score":174,"play_id":"393d0ca9-0bec-44ac-aced-29b58f46ca7f","local_time":"20210106132150","is_ascension_mode":false,"campfire_choices":[{"data":"Guardian:TwinSlam","floor":1,"key":"SMITH"},{"data":"Guardian:Strike_Guardian","floor":9,"key":"SMITH"},{"data":"Guardian:BaubleBeam","floor":18,"key":"SMITH"}],"circlet_count":0,"master_deck":["Guardian:Strike_Guardian","Guardian:Strike_Guardian","Guardian:Strike_Guardian","Guardian:Strike_Guardian+1","Guardian:Defend_Guardian","Guardian:Defend_Guardian","Guardian:Defend_Guardian+1","Guardian:Defend_Guardian+1","Guardian:CurlUp","Guardian:TwinSlam+1","Guardian:ShieldCharger","Guardian:PrismaticBarrier","Guardian:ChargeUp","Guardian:MultiBeam+1","Guardian:HyperBeam_Guardian","Regret","Guardian:BaubleBeam+1","Guardian:CrystalBeam","Guardian:RevengeProtocol"],"relics":["Guardian:ModeShifter","StuffTheSpire:TintedRock","MealTicket","halation:SwordOfLegend","Frozen Eye","halation:MonkeysPaw"],"acts_visited":["Exordium","TheCity"],"potions_floor_usage":[16,16],"damage_taken":[{"damage":0,"enemies":"Jaw Worm","floor":2,"turns":3},{"damage":1,"enemies":"Cultist","floor":3,"turns":4},{"damage":2,"enemies":"2 Louse","floor":5,"turns":2},{"damage":5,"enemies":"Exordium Wildlife","floor":6,"turns":5},{"damage":15,"enemies":"3 Louse","floor":8,"turns":4},{"damage":8,"enemies":"Gremlin Nob","floor":10,"turns":4},{"damage":14,"enemies":"downfall:FleeingMerchant","floor":14,"turns":4},{"damage":11,"enemies":"Exordium Thugs","floor":15,"turns":4},{"damage":45,"enemies":"downfall:Defect","floor":16,"turns":8},{"damage":15,"enemies":"Shell Parasite","floor":19,"turns":6},{"damage":0,"enemies":"Snecko","floor":20,"turns":1}],"seed_played":"-4054937768567120371","potions_obtained":[{"floor":3,"key":"champ:CounterPotion"},{"floor":6,"key":"GamblersBrew"},{"floor":15,"key":"Explosive Potion"},{"floor":19,"key":"Strength Potion"}],"is_trial":false,"path_per_floor":["R","M","M","?","M","M","T","M","R","E","?","T","?","$","M","B",null,"R","M","M"],"character_chosen":"GUARDIAN","items_purchased":["Guardian:BaubleBeam","Frozen Eye"],"campfire_rested":0,"item_purchase_floors":[14,14],"current_hp_per_floor":[88,88,87,87,85,80,80,65,65,57,57,57,57,58,47,2,88,88,73,73,73,73],"gold":219,"neow_bonus":"TEN_PERCENT_HP_BONUS","is_daily":false,"chose_seed":false,"campfire_upgraded":3,"win_rate":0.0,"timestamp":1609910510,"path_taken":["R","M","M","?","?","M","T","M","R","E","?","?","?","$","M","BOSS","R","M","M"],"items_purchased_type":["Card","Relic"],"build_version":"2020-12-22","purchased_purges":0,"victory":false,"max_hp_per_floor":[88,88,88,88,88,88,88,88,88,88,88,88,88,88,88,88,88,88,88,88,88,88],"card_choices":[{"not_picked":["Guardian:CrystalBeam","Guardian:Preprogram"],"picked":"Guardian:ShieldCharger","floor":2},{"not_picked":["Guardian:VentSteam","Guardian:PrimingBeam"],"picked":"Guardian:Gem_Crimson","floor":3},{"not_picked":["Guardian:Incinerate","Guardian:Gem_Green"],"picked":"Guardian:PrismaticBarrier","floor":5},{"not_picked":["Guardian:Planning","Guardian:PrimingBeam"],"picked":"Guardian:ChargeUp","floor":6},{"not_picked":["Guardian:Emergency","Guardian:TimeSifter"],"picked":"Guardian:MultiBeam","floor":8},{"not_picked":["Guardian:DecasProtection","Guardian:Emergency"],"picked":"Guardian:HyperBeam_Guardian","floor":10},{"not_picked":["Guardian:Gem_Cyan","Guardian:VentSteam"],"picked":"Guardian:Gem_Red","floor":14},{"not_picked":["Guardian:Reroute","Guardian:Gem_Crimson"],"picked":"Guardian:CrystalBeam","floor":15},{"not_picked":["Guardian:FastForward","Guardian:ExploitGems"],"picked":"Guardian:RevengeProtocol","floor":16},{"not_picked":["Guardian:Reroute+1","Guardian:Gem_Crimson","Guardian:WalkerClaw"],"picked":"SKIP","floor":19}],"player_experience":247596,"relics_obtained":[{"floor":7,"key":"StuffTheSpire:TintedRock"},{"floor":10,"key":"MealTicket"},{"floor":12,"key":"halation:SwordOfLegend"}],"event_choices":[],"is_beta":false,"boss_relics":[{"not_picked":["StuffTheSpire:RunicHypercube","Cursed Key"],"picked":"halation:MonkeysPaw"}],"items_purged_floors":[],"is_endless":false,"potions_floor_spawned":[3,6,15,19],"killed_by":"Snecko","ascension_level":0}}