{"host":"hwrdjx5eod2cxh09","time":1609931147,"event":{"mods":["AchievementEnabler","BaseMod","Bestiary","Minty Spire (QoL Compilation)","Relic Stats"],"gold_per_floor":[118,118,134,134,150,150,164,164,188,215,228,247,247,102,102,206,206,220,237,147,162,162,162],"floor_reached":22,"playtime":945,"items_purged":["Decay"],"score":188,"play_id":"33d0c9ef-3122-4960-9d57-0ca0c62eb18a","local_time":"20210106200547","is_ascension_mode":false,"campfire_choices":[{"data":"Zap","floor":6,"key":"SMITH"},{"data":"Loop","floor":8,"key":"SMITH"},{"floor":15,"key":"REST"}],"circlet_count":0,"master_deck":["Strike_B","Strike_B","Strike_B","Defend_B","Defend_B","Defend_B","Defend_B","Zap+1","Dualcast","Beam Cell","Conserve Battery","Loop+1","Echo Form","Tempest","Fission+1","Undo","Steam"],"relics":["Cracked Core","Blood Vial","Happy Flower","Bird Faced Urn","Black Star"],"acts_visited":["Exordium","TheCity"],"potions_floor_usage":[21],"damage_taken":[{"damage":3,"enemies":"Jaw Worm","floor":1,"turns":3},{"damage":1,"enemies":"2 Louse","floor":3,"turns":2},{"damage":2,"enemies":"Cultist","floor":5,"turns":3},{"damage":8,"enemies":"Large Slime","floor":7,"turns":5},{"damage":47,"enemies":"Lagavulin","floor":10,"turns":7},{"damage":7,"enemies":"Looter","floor":11,"turns":3},{"damage":11,"enemies":"Red Slaver","floor":12,"turns":4},{"damage":17,"enemies":"Hexaghost","floor":16,"turns":9},{"damage":5,"enemies":"Chosen","floor":18,"turns":4},{"damage":4,"enemies":"Spheric Guardian","floor":19,"turns":6},{"damage":74,"enemies":"3 Cultists","floor":21,"turns":9},{"damage":4,"enemies":"Cultist and Chosen","floor":22,"turns":4}],"seed_played":"-7390858261399098702","potions_obtained":[{"floor":5,"key":"LiquidMemories"},{"floor":10,"key":"ColorlessPotion"},{"floor":21,"key":"DistilledChaos"}],"is_trial":false,"path_per_floor":["M","?","M","?","M","R","M","R","T","E","M","M","?","$","R","B",null,"M","M","?","M","M"],"character_chosen":"DEFECT","items_purchased":["Tempest"],"campfire_rested":1,"item_purchase_floors":[14],"current_hp_per_floor":[72,69,70,70,70,70,64,64,64,19,18,13,13,13,35,24,75,74,71,71,1,3,3],"gold":162,"neow_bonus":"THREE_CARDS","is_daily":false,"chose_seed":false,"campfire_upgraded":2,"win_rate":0.0,"timestamp":1609931147,"path_taken":["M","?","M","?","M","R","M","R","T","E","?","M","?","$","R","BOSS","M","M","?","M","?"],"items_purchased_type":["Card"],"build_version":"2020-12-22","purchased_purges":1,"victory":false,"max_hp_per_floor":[75,75,75,75,75,75,75,75,75,75,75,75,75,75,75,75,75,75,75,75,75,75,75],"relic_stats":{"Blood Vial":19,"Happy Flower":[15],"counters":[12,58],"Bird Faced Urn":[22],"Black Star":0,"obtain_stats":[{"Blood Vial":2,"Happy Flower":9,"Bird Faced Urn":10,"Black Star":17,"Cracked Core":0},{"Blood Vial":1,"Happy Flower":4,"Bird Faced Urn":5,"Black Star":8,"Cracked Core":0},{"Blood Vial":3,"Happy Flower":13,"Bird Faced Urn":20,"Black Star":35,"Cracked Core":0}]},"card_choices":[{"not_picked":["Auto Shields","Go for the Eyes"],"picked":"Beam Cell","floor":0},{"not_picked":["Barrage","Double Energy","Turbo"],"picked":"SKIP","floor":1},{"not_picked":["Beam Cell","Stack"],"picked":"Conserve Battery","floor":3},{"not_picked":["Rebound","Force Field","Beam Cell"],"picked":"SKIP","floor":5},{"not_picked":["Streamline","Sweeping Beam"],"picked":"Loop","floor":7},{"not_picked":["Chaos","Chill"],"picked":"Echo Form","floor":10},{"not_picked":["Turbo","Rebound","Genetic Algorithm"],"picked":"SKIP","floor":11},{"not_picked":["Compile Driver","Stack","Capacitor"],"picked":"SKIP","floor":12},{"not_picked":["Amplify","All For One"],"picked":"Fission","floor":16},{"not_picked":["Cold Snap","Tempest"],"picked":"Undo","floor":18},{"not_picked":["Cold Snap","Leap","Stack"],"picked":"SKIP","floor":19},{"not_picked":["Gash+1","Genetic Algorithm"],"picked":"Steam","floor":21}],"player_experience":179514,"relics_obtained":[{"floor":9,"key":"Happy Flower"},{"floor":10,"key":"Bird Faced Urn"}],"event_choices":[{"damage_healed":0,"gold_gain":0,"player_choice":"Success","damage_taken":3,"relics_obtained":["Blood Vial"],"max_hp_gain":0,"max_hp_loss":0,"event_name":"Scrap Ooze","floor":2,"gold_loss":0},{"damage_healed":0,"gold_gain":0,"player_choice":"Cursed","damage_taken":0,"max_hp_gain":0,"max_hp_loss":0,"event_name":"Wheel of Change","floor":4,"gold_loss":0,"cards_obtained":["Decay"]},{"damage_healed":0,"gold_gain":0,"player_choice":"Ignored","damage_taken":0,"max_hp_gain":0,"max_hp_loss":0,"event_name":"Liars Game","floor":13,"gold_loss":0},{"cards_removed":["Strike_B"],"damage_healed":0,"gold_gain":0,"player_choice":"Upgrade and Remove","damage_taken":0,"max_hp_gain":0,"max_hp_loss":0,"event_name":"Designer","floor":20,"gold_loss":90,"cards_upgraded":["Fission"]}],"is_beta":false,"boss_relics":[{"not_picked":["Cursed Key","SlaversCollar"],"picked":"Black Star"}],"items_purged_floors":[14],"is_endless":false,"potions_floor_spawned":[5,10,21],"killed_by":"Cultist and Chosen","ascension_level":0}}