{"host":"2lqi9xx9scmc3cqh","time":1609947067,"event":{"mods":["AchievementEnabler","BaseMod","Colored Map","Minty Spire (QoL Compilation)","Remove Card Discount Mod","StSLib"],"gold_per_floor":[118,130,4393,4318,4318,4343,4355,4355,4355,4355,3719,3749,3749,3760,3760,3831,3831,3848,3863,3880,3895,3275,3275,3303,3303,3328,2637,2637,2654,2681,2705,2705,2792,2792,2808,2024,2024,1337,1337,1337,1357,1386,1386,1398,723,748,759,771,771,771,771],"floor_reached":52,"playtime":2898,"items_purged":["Defend_G","Defend_G","Strike_G","Strike_G","Strike_G","Strike_G","Defend_G"],"score":2053,"play_id":"6ac291fa-e8ef-4a1f-9776-818fa5196361","local_time":"20210107003107","is_ascension_mode":true,"campfire_choices":[{"data":"Footwork","floor":8,"key":"SMITH"},{"data":"Neutralize","floor":10,"key":"SMITH"},{"floor":15,"key":"REST"},{"floor":23,"key":"REST"},{"data":"Noxious Fumes","floor":25,"key":"SMITH"},{"floor":32,"key":"REST"},{"data":"Defend_G","floor":40,"key":"SMITH"},{"floor":49,"key":"REST"}],"circlet_count":0,"master_deck":["AscendersBane","Defend_G+1","Survivor+1","Neutralize+1","Footwork+1","Cloak And Dagger+1","Bouncing Flask+1","Deadly Poison+1","Bouncing Flask+1","Finesse+1","Crippling Poison+1","Adrenaline+1","Distraction+1","Noxious Fumes+1","Dagger Spray+1","Escape Plan+1","Deadly Poison+1","Adrenaline+1","Enlightenment+1","Backflip+1","Bane+1","Corpse Explosion+1","Crippling Poison+1","Prepared+1"],"relics":["Ring of the Serpent","NeowsBlessing","Boot","Chemical X","Toxic Egg 2","Torii","WingedGreaves","Molten Egg 2","MealTicket","Question Card","Omamori","Pantograph","OrangePellets","HornCleat","Happy Flower","CeramicFish","Singing Bowl","DollysMirror","Sundial","Strange Spoon","Pocketwatch","Shuriken","Bag of Preparation","Lee\u0027s Waffle","Du-Vu Doll","Tough Bandages","TwistedFunnel","Ancient Tea Set","Nunchaku"],"acts_visited":["Exordium","TheCity","TheBeyond"],"potions_floor_usage":[12,12,16,31,33,50,50],"damage_taken":[{"damage":0,"enemies":"Jaw Worm","floor":1,"turns":1},{"damage":0,"enemies":"2 Louse","floor":2,"turns":1},{"damage":0,"enemies":"3 Sentries","floor":6,"turns":1},{"damage":1,"enemies":"Small Slimes","floor":7,"turns":3},{"damage":0,"enemies":"Gremlin Nob","floor":12,"turns":3},{"damage":19,"enemies":"Exordium Thugs","floor":14,"turns":4},{"damage":46,"enemies":"Slime Boss","floor":16,"turns":13},{"damage":0,"enemies":"Spheric Guardian","floor":18,"turns":2},{"damage":24,"enemies":"Chosen","floor":19,"turns":4},{"damage":12,"enemies":"3 Cultists","floor":20,"turns":5},{"damage":13,"enemies":"Snake Plant","floor":21,"turns":3},{"damage":11,"enemies":"Slavers","floor":24,"turns":4},{"damage":1,"enemies":"Snecko","floor":29,"turns":4},{"damage":9,"enemies":"Chosen and Byrds","floor":30,"turns":5},{"damage":16,"enemies":"Centurion and Healer","floor":31,"turns":6},{"damage":3,"enemies":"Champ","floor":33,"turns":9},{"damage":1,"enemies":"Orb Walker","floor":35,"turns":3},{"damage":1,"enemies":"3 Shapes","floor":41,"turns":3},{"damage":0,"enemies":"Sphere and 2 Shapes","floor":42,"turns":2},{"damage":26,"enemies":"Maw","floor":44,"turns":5},{"damage":16,"enemies":"Giant Head","floor":46,"turns":6},{"damage":30,"enemies":"Spire Growth","floor":47,"turns":4},{"damage":1,"enemies":"Jaw Worm Horde","floor":48,"turns":2},{"damage":61,"enemies":"Awakened One","floor":50,"turns":14},{"damage":63,"enemies":"Time Eater","floor":51,"turns":12}],"seed_played":"-8096419153616300381","potions_obtained":[{"floor":2,"key":"CunningPotion"},{"floor":14,"key":"SkillPotion"},{"floor":16,"key":"ColorlessPotion"},{"floor":24,"key":"SkillPotion"},{"floor":31,"key":"Block Potion"},{"floor":33,"key":"Weak Potion"},{"floor":47,"key":"PowerPotion"}],"is_trial":false,"path_per_floor":["M","M","$","?","?","E","M","R","T","R","$","E","?","M","R","B",null,"M","M","M","M","$","R","E","R","T","$","?","M","M","M","R","B",null,"M","$","?","$","?","R","M","M","T","M","$","E","M","M","R","B","B",null],"character_chosen":"THE_SILENT","items_purchased":["Boot","Chemical X","Toxic Egg 2","Cloak And Dagger+1","Energy Potion","Molten Egg 2","Bouncing Flask+1","MealTicket","Finesse+1","Omamori","Pantograph","OrangePellets","Deadly Poison+1","CeramicFish","Singing Bowl","DollysMirror","Enlightenment+1","Sundial","Strange Spoon","Pocketwatch","Shuriken","Bag of Preparation","Lee\u0027s Waffle","Crippling Poison+1","Tough Bandages","TwistedFunnel","Ancient Tea Set"],"campfire_rested":4,"item_purchase_floors":[3,3,3,3,3,11,11,11,11,22,22,22,22,27,27,27,27,36,36,36,38,38,38,38,45,45,45],"current_hp_per_floor":[59,59,59,59,59,59,58,58,58,58,58,58,58,39,58,12,53,53,29,17,4,19,38,27,27,27,42,42,43,34,18,38,60,66,67,70,70,77,77,77,78,78,78,54,69,55,27,28,54,18,10],"gold":771,"neow_bonus":"THREE_ENEMY_KILL","is_daily":false,"chose_seed":false,"campfire_upgraded":4,"win_rate":0.0,"timestamp":1609947067,"path_taken":["M","M","$","?","?","E","M","R","T","R","$","E","?","M","R","BOSS","M","M","M","M","$","R","E","R","T","$","?","?","M","M","R","BOSS","M","$","?","$","?","R","M","M","T","?","$","E","M","?","R","BOSS","BOSS"],"items_purchased_type":["Relic","Relic","Relic","Card","Potion","Relic","Card","Relic","Card","Relic","Relic","Relic","Card","Relic","Relic","Relic","Card","Relic","Relic","Relic","Relic","Relic","Relic","Card","Relic","Relic","Relic"],"build_version":"2020-12-22","purchased_purges":7,"victory":true,"max_hp_per_floor":[66,66,66,66,66,66,66,66,66,66,66,66,66,66,66,66,66,66,66,66,66,66,66,66,66,66,66,66,68,68,68,68,68,68,70,70,70,77,77,77,79,79,79,81,81,83,85,87,87,87,87],"card_choices":[{"not_picked":["PiercingWail","Quick Slash"],"picked":"Deadly Poison","floor":1},{"not_picked":["Deflect","Sucker Punch"],"picked":"Footwork","floor":2},{"not_picked":["Well Laid Plans","Prepared+1"],"picked":"Bouncing Flask+1","floor":6},{"not_picked":["Well Laid Plans","Underhanded Strike"],"picked":"Deadly Poison+1","floor":7},{"not_picked":["Terror+1","Heel Hook+1","Infinite Blades"],"picked":"SKIP","floor":12},{"not_picked":["Flying Knee+1","Deflect+1","Predator+1"],"picked":"Crippling Poison+1","floor":14},{"not_picked":["Die Die Die+1","Glass Knife+1","Unload+1"],"picked":"Adrenaline+1","floor":16},{"not_picked":["Outmaneuver+1","Flying Knee+1","Concentrate+1"],"picked":"Distraction+1","floor":18},{"not_picked":["Blade Dance+1","Backstab+1","Sucker Punch+1"],"picked":"Noxious Fumes","floor":19},{"not_picked":["Cloak And Dagger+1","Predator+1","Distraction+1"],"picked":"Dagger Spray+1","floor":20},{"not_picked":["Flying Knee+1","Infinite Blades","Eviscerate+1"],"picked":"Escape Plan+1","floor":21},{"not_picked":["Cloak And Dagger+1","Infinite Blades","Tools of the Trade","Crippling Poison+1"],"picked":"SKIP","floor":24},{"not_picked":["Blade Dance+1","Deflect+1","Acrobatics+1","Eviscerate+1"],"picked":"Singing Bowl","floor":29},{"not_picked":["Flying Knee+1","Outmaneuver+1","Slice+1"],"picked":"Backflip+1","floor":30},{"not_picked":["Sucker Punch+1","Underhanded Strike+1","Riddle With Holes+1"],"picked":"Bane+1","floor":31},{"not_picked":["Night Terror+1","Glass Knife+1","Die Die Die+1"],"picked":"Corpse Explosion+1","floor":33},{"not_picked":["Expertise+1","Deadly Poison+1","Concentrate+1","Well Laid Plans"],"picked":"Singing Bowl","floor":35},{"not_picked":["Heel Hook+1","Footwork+1","Terror+1","Cloak And Dagger+1"],"picked":"Singing Bowl","floor":41},{"not_picked":["Eviscerate+1","Dodge and Roll+1","Blade Dance+1"],"picked":"Prepared+1","floor":42},{"not_picked":["Sucker Punch+1","Cloak And Dagger+1","Deadly Poison+1","Bane+1"],"picked":"Singing Bowl","floor":44},{"not_picked":["Poisoned Stab+1","Setup+1","Eviscerate+1","Grand Finale+1"],"picked":"Singing Bowl","floor":46},{"not_picked":["Underhanded Strike+1","Cloak And Dagger+1","Dodge and Roll+1","Outmaneuver+1"],"picked":"Singing Bowl","floor":47},{"not_picked":["Footwork+1","Finisher+1","Acrobatics+1","Backflip+1"],"picked":"Singing Bowl","floor":48}],"player_experience":392924,"relics_obtained":[{"floor":6,"key":"Torii"},{"floor":9,"key":"WingedGreaves"},{"floor":12,"key":"Question Card"},{"floor":24,"key":"HornCleat"},{"floor":26,"key":"Happy Flower"},{"floor":43,"key":"Du-Vu Doll"},{"floor":46,"key":"Nunchaku"}],"event_choices":[{"cards_removed":["Defend_G"],"damage_healed":0,"gold_gain":0,"player_choice":"Card Removal","damage_taken":0,"max_hp_gain":0,"max_hp_loss":0,"event_name":"The Cleric","floor":4,"gold_loss":75},{"damage_healed":0,"gold_gain":0,"player_choice":"Grow","damage_taken":0,"max_hp_gain":0,"max_hp_loss":0,"event_name":"Living Wall","floor":5,"gold_loss":0,"cards_upgraded":["Survivor"]},{"damage_healed":0,"gold_gain":0,"player_choice":"0 cards matched","damage_taken":0,"max_hp_gain":0,"max_hp_loss":0,"event_name":"Match and Keep!","floor":13,"gold_loss":0,"cards_obtained":[]},{"cards_removed":["Strike_G"],"damage_healed":0,"gold_gain":0,"player_choice":"Offered Basic","damage_taken":0,"max_hp_gain":0,"max_hp_loss":0,"event_name":"Bonfire Elementals","floor":28,"gold_loss":0},{"damage_healed":0,"gold_gain":0,"player_choice":"Ignored","damage_taken":0,"max_hp_gain":0,"max_hp_loss":0,"event_name":"Tomb of Lord Red Mask","floor":37,"gold_loss":0},{"cards_removed":["Deadly Poison"],"damage_healed":0,"gold_gain":0,"player_choice":"Purged","damage_taken":0,"max_hp_gain":0,"max_hp_loss":0,"event_name":"Purifier","floor":39,"gold_loss":0}],"is_beta":false,"boss_relics":[{"not_picked":["Cursed Key","Coffee Dripper","Runic Dome"]},{"not_picked":["Velvet Choker","WristBlade"],"picked":"Ring of the Serpent"}],"items_purged_floors":[3,3,3,3,3,22,36],"is_endless":false,"potions_floor_spawned":[2,14,16,24,29,31,33,44,46,47],"ascension_level":20}}