{"host":"d7qmn60fs48wu5y6","time":1609975798,"event":{"mods":["BaseMod","Downfall","Marisa????????","Minty Spire (QoL Compilation)","Shade Mod","StSLib","The Bug Knight","The Cursed","The Necromancer","The Servant 0.9.4"],"gold_per_floor":[112,112,31,43,58,92,92,117,162,177,177,177,212,312,312,410,410,420,420,406,33,43,43,75,75,75,75,110,10,10,10,10,105,105,119,134,153,166,177,177,188,203,203,232,232,85,98,98,98,98,98,98,16,44,44,44],"floor_reached":55,"playtime":2846,"items_purged":["Strike_W","Strike_W"],"score":819,"play_id":"189e6a19-458b-4706-a852-672c18207db3","local_time":"20210106152958","is_ascension_mode":true,"campfire_choices":[{"data":"Siphon_Strength","floor":7,"key":"SMITH"},{"data":"Blood_Curse","floor":12,"key":"SMITH"},{"data":"Toxic_Smoke_Screen","floor":15,"key":"SMITH"},{"floor":23,"key":"RECALL"},{"data":"Summon_Vampire_Lady","floor":25,"key":"SMITH"},{"data":"Stop_Heart","floor":27,"key":"SMITH"},{"data":"Toxic_Smoke_Screen","floor":32,"key":"SMITH"},{"floor":40,"key":"REST"},{"data":"Summon_Death_Knight","floor":45,"key":"SMITH"},{"data":"Blood_Is_Power","floor":49,"key":"SMITH"},{"data":"Madness","floor":52,"key":"SMITH"}],"circlet_count":0,"master_deck":["Strike_W","Defend_W","Defend_W","Negative_Energy_Arrows+1","Bone_Wall","Siphon_Strength+1","Bone_Bullets","Blood_Curse+1","Stop_Heart+1","Spectral_Armor","Negative_Energy_Sphere","Toxic_Smoke_Screen+1","Summon_Vampire_Lady+1","Negative_Energy_Shield+1","Toxic_Smoke_Screen+1","Spectral_Armor","Summon_Death_Knight+1","Acid_Javelin+1","Hellfire+1","Blood_Whip+1","Blood_Is_Power+1","Life_Drain","Life_Tap+1","Consume_Illness+1","Madness","Madness+1","expansioncontent:PrepareCrush"],"relics":["Vampire_Amulet","Letter Opener","Oddly Smooth Stone","Nunchaku","MealTicket","SlaversCollar","StoneCalendar","Bag of Marbles","Pantograph","Omamori","Astrolabe","Centennial Puzzle","CaptainsWheel","Sling","Bag of Preparation"],"acts_visited":["Exordium","TheCity","TheBeyond","TheEnding"],"potions_floor_usage":[8,8,13,20,33,42,50,55],"damage_taken":[{"damage":1,"enemies":"2 Louse","floor":1,"turns":2},{"damage":0,"enemies":"Cultist","floor":4,"turns":4},{"damage":0,"enemies":"Small Slimes","floor":5,"turns":3},{"damage":6,"enemies":"HollowMod:MossKnight","floor":6,"turns":6},{"damage":9,"enemies":"3 Sentries","floor":8,"turns":4},{"damage":0,"enemies":"3 Louse","floor":10,"turns":2},{"damage":6,"enemies":"Lagavulin","floor":13,"turns":4},{"damage":0,"enemies":"The Guardian","floor":16,"turns":9},{"damage":0,"enemies":"3 Byrds","floor":18,"turns":4},{"damage":4,"enemies":"2 Thieves","floor":20,"turns":4},{"damage":15,"enemies":"Snake Plant","floor":22,"turns":6},{"damage":23,"enemies":"Gremlin Leader","floor":24,"turns":6},{"damage":22,"enemies":"Slavers","floor":28,"turns":5},{"damage":27,"enemies":"Automaton","floor":33,"turns":9},{"damage":23,"enemies":"3 Darklings","floor":35,"turns":7},{"damage":6,"enemies":"Orb Walker","floor":36,"turns":4},{"damage":32,"enemies":"Spire Growth","floor":37,"turns":6},{"damage":14,"enemies":"Writhing Mass","floor":38,"turns":7},{"damage":33,"enemies":"HollowMod:SlobberingHusk","floor":39,"turns":10},{"damage":4,"enemies":"Maw","floor":41,"turns":8},{"damage":6,"enemies":"Transient","floor":42,"turns":5},{"damage":7,"enemies":"Giant Head","floor":44,"turns":7},{"damage":22,"enemies":"Sphere and 2 Shapes","floor":47,"turns":7},{"damage":50,"enemies":"Awakened One","floor":50,"turns":14},{"damage":16,"enemies":"Shield and Spear","floor":54,"turns":7},{"damage":116,"enemies":"The Heart","floor":55,"turns":8}],"seed_played":"-6530718812891781621","potions_obtained":[{"floor":1,"key":"Fire Potion"},{"floor":4,"key":"LiquidMemories"},{"floor":8,"key":"sneckomod:MuddlingPotion"},{"floor":13,"key":"LiquidMemories"},{"floor":28,"key":"EntropicBrew"},{"floor":33,"key":"Energy Potion"},{"floor":47,"key":"BlessingOfTheForge"}],"is_trial":false,"path_per_floor":["M","?","$","M","M","E","R","E","T","M","?","R","E","?","R","B",null,"M","T","M","$","M","R","E","R","T","R","E","$","?","?","R","B",null,"M","M","M","M","M","R","M","M","T","E","R","$","M","?","R","B",null,"R","$","E","B"],"character_chosen":"NECROMANCER","items_purchased":["Siphon_Strength","StoneCalendar","Sling","expansioncontent:PrepareCrush"],"campfire_rested":1,"item_purchase_floors":[3,21,46,53],"current_hp_per_floor":[75,75,75,75,75,73,73,70,70,75,80,80,76,76,76,78,80,80,80,80,80,76,76,73,73,73,73,66,80,80,80,80,68,80,68,76,52,52,62,80,80,80,80,80,80,80,78,68,68,80,80,80,80,74,0,0],"gold":44,"neow_bonus":"UPGRADE_CARD","is_daily":false,"chose_seed":false,"campfire_upgraded":9,"win_rate":0.0,"timestamp":1609975798,"path_taken":["M","?","$","?","M","E","R","E","T","M","?","R","E","?","R","BOSS","M","?","M","$","M","R","E","R","T","R","E","$","?","?","R","BOSS","M","M","?","M","M","R","M","M","T","E","R","$","M","?","R","BOSS","R","$","E","BOSS"],"items_purchased_type":["Card","Relic","Relic","Card"],"build_version":"2020-12-22","purchased_purges":2,"victory":false,"max_hp_per_floor":[75,75,75,75,75,75,75,75,75,75,80,80,80,80,80,80,80,80,80,80,80,80,80,80,80,80,80,80,80,80,80,80,80,80,80,80,80,80,80,80,80,80,80,80,80,80,80,80,80,80,80,80,80,80,80,80],"card_choices":[{"not_picked":["Death_Knell","Chill_Blood","Deaths_Shadow"],"picked":"SKIP","floor":1},{"not_picked":["Blood_Whip","Chill_Blood"],"picked":"Bone_Bullets","floor":4},{"not_picked":["Scare","Flesh_Made_Foul"],"picked":"Blood_Curse","floor":5},{"not_picked":["Detonate_Bones","Summon_Lich"],"picked":"Stop_Heart","floor":6},{"not_picked":["Chill_Blood","Death_Coil"],"picked":"Spectral_Armor","floor":8},{"not_picked":["Bone_Spikes","Vampiric_Strike"],"picked":"Negative_Energy_Sphere","floor":10},{"not_picked":["Finger_Of_Death","Shackles_Of_Pain"],"picked":"Toxic_Smoke_Screen","floor":13},{"not_picked":["Summon_Death_Knight","Blood_Magic"],"picked":"Summon_Vampire_Lady","floor":16},{"not_picked":["Negative_Energy_Mist","Necrotic_Claws","Bone_Shift+1"],"picked":"SKIP","floor":18},{"not_picked":["Negative_Energy_Javelin","Blood_for_Blood","Bone_Armory"],"picked":"SKIP","floor":20},{"not_picked":["Negative_Energy_Mist","Chill_Blood","Uncharnel"],"picked":"SKIP","floor":22},{"not_picked":["Life_Tap","Stop_Heart"],"picked":"Negative_Energy_Shield+1","floor":24},{"not_picked":["Negative_Energy_Javelin+1","Chill_Blood"],"picked":"Toxic_Smoke_Screen","floor":28},{"not_picked":["Skeleton_Dragon","Detonate_Bones"],"picked":"Summon_Death_Knight","floor":33},{"not_picked":["Blood_Curse+1","Chill_Blood","Death_March_Dance+1"],"picked":"SKIP","floor":35},{"not_picked":["Negative_Energy_Javelin+1","Negative_Energy_Sphere","Toxic_Smoke_Screen+1"],"picked":"SKIP","floor":36},{"not_picked":["Bone_Shift+1","Plague_Bolt"],"picked":"Blood_Is_Power","floor":37},{"not_picked":["Chill_Blood+1","Bone_Prison"],"picked":"Life_Drain","floor":38},{"not_picked":["Bone_Bullets+1","Toxic_Smoke_Screen"],"picked":"Life_Tap+1","floor":39},{"not_picked":["Negative_Energy_Sphere","Bone_Spikes","Toxic_Smoke_Screen"],"picked":"SKIP","floor":41},{"not_picked":["Blood_for_Blood","Grasp_Heart","Bone_Bullets+1"],"picked":"SKIP","floor":42},{"not_picked":["Scare","Bone_Shift+1","Chill_Blood+1"],"picked":"SKIP","floor":44},{"not_picked":["Bone_Spikes+1","Shade_Step"],"picked":"Consume_Illness+1","floor":47},{"not_picked":["Blood_Whip+1","Vampiric_Strike+1","Blood_Wake"],"picked":"SKIP","floor":54}],"player_experience":918993,"relics_obtained":[{"floor":6,"key":"Letter Opener"},{"floor":8,"key":"Oddly Smooth Stone"},{"floor":9,"key":"Nunchaku"},{"floor":13,"key":"MealTicket"},{"floor":24,"key":"Bag of Marbles"},{"floor":26,"key":"Pantograph"},{"floor":28,"key":"Omamori"},{"floor":43,"key":"Centennial Puzzle"},{"floor":44,"key":"CaptainsWheel"},{"floor":54,"key":"Bag of Preparation"}],"event_choices":[{"damage_healed":0,"gold_gain":0,"player_choice":"Full Heal","damage_taken":0,"max_hp_gain":0,"max_hp_loss":0,"event_name":"Wheel of Change","floor":2,"gold_loss":0},{"damage_healed":0,"gold_gain":0,"player_choice":"Donut","damage_taken":0,"max_hp_gain":5,"max_hp_loss":0,"event_name":"Big Fish","floor":11,"gold_loss":0},{"damage_healed":0,"gold_gain":100,"player_choice":"Pray","damage_taken":0,"max_hp_gain":0,"max_hp_loss":0,"event_name":"Golden Shrine","floor":14,"gold_loss":0},{"damage_healed":0,"gold_gain":0,"player_choice":"Copied","damage_taken":0,"max_hp_gain":0,"max_hp_loss":0,"event_name":"Duplicator","floor":31,"gold_loss":0,"cards_obtained":["Spectral_Armor"]},{"damage_healed":0,"gold_gain":0,"player_choice":"Embrace Madness","damage_taken":10,"max_hp_gain":0,"max_hp_loss":0,"event_name":"Winding Halls","floor":48,"gold_loss":0,"cards_obtained":["Madness","Madness"]}],"is_beta":false,"boss_relics":[{"not_picked":["Tiny House","Coffee Dripper"],"picked":"SlaversCollar"},{"not_picked":["Busted Crown","Philosopher\u0027s Stone"],"picked":"Astrolabe"}],"items_purged_floors":[21,29],"is_endless":false,"potions_floor_spawned":[1,4,8,13,28,33,36,39,41,47],"killed_by":"The Heart","ascension_level":1}}