{"host":"j0vzbnzm6n2ctevn","time":1609931678,"event":{"mods":["AchievementEnabler","BaseMod","Better Note","Dota2Spire","Minty Spire (QoL Compilation)","Quick Restart","Shop Mod","Spicy Shops","StSLib"],"gold_per_floor":[118,77,94,169,169,169,194,207,233,249,280,300,300,310,310,410,460,479,494,506,506,506],"floor_reached":21,"playtime":678,"items_purged":[],"score":218,"play_id":"f230daa7-dd56-4a43-bc4b-3cd57210fece","local_time":"20210106191438","is_ascension_mode":false,"campfire_choices":[{"data":"Sunder","floor":6.0,"key":"SMITH"},{"data":"White Noise","floor":13,"key":"SMITH"},{"floor":15,"key":"REST"}],"circlet_count":0,"master_deck":["Strike_B","Strike_B","Strike_B","Strike_B","Defend_B+1","Defend_B","Defend_B","Defend_B","Zap","Dualcast","Streamline+1","Sunder+1","Static Discharge","Self Repair","White Noise+1","Capacitor","Glacier","Force Field","Capacitor","Buffer","Conserve Battery","Streamline","Recycle","Glacier+1"],"relics":["Cracked Core","NeowsBlessing","Dota2Spire:PhaseBoots","Centennial Puzzle","Ornamental Fan","Tiny House"],"acts_visited":["Exordium","TheCity"],"potions_floor_usage":[],"damage_taken":[{"damage":0.0,"enemies":"2 Louse","floor":1.0,"turns":1.0},{"damage":0.0,"enemies":"Small Slimes","floor":3.0,"turns":1.0},{"damage":0.0,"enemies":"Gremlin Nob","floor":7.0,"turns":1.0},{"damage":1.0,"enemies":"Cultist","floor":8.0,"turns":3.0},{"damage":0.0,"enemies":"Large Slime","floor":10.0,"turns":5.0},{"damage":36.0,"enemies":"Lagavulin","floor":11.0,"turns":5.0},{"damage":19,"enemies":"Exordium Thugs","floor":12,"turns":3},{"damage":5,"enemies":"Exordium Wildlife","floor":14,"turns":2},{"damage":5,"enemies":"Hexaghost","floor":16,"turns":10},{"damage":22,"enemies":"Spheric Guardian","floor":18,"turns":6},{"damage":36,"enemies":"2 Thieves","floor":19,"turns":4},{"damage":18,"enemies":"Snecko","floor":20,"turns":5},{"damage":22,"enemies":"3 Cultists","floor":21,"turns":3}],"seed_played":"6007771055395543195","potions_obtained":[{"floor":8.0,"key":"SteroidPotion"},{"floor":11.0,"key":"FearPotion"},{"floor":16,"key":"BlessingOfTheForge"},{"floor":17,"key":"Strength Potion"}],"is_trial":false,"path_per_floor":["M","$","M","?","?","R","E","M","T","M","E","M","R","M","R","B",null,"M","M","M","M"],"character_chosen":"DEFECT","items_purchased":["Sunder"],"campfire_rested":1,"item_purchase_floors":[2],"current_hp_per_floor":[75,75,75,64,64,64,64,70,70,75,46,27,27,29,51,53,80,65,36,18,0,0],"gold":506,"neow_bonus":"THREE_ENEMY_KILL","is_daily":false,"chose_seed":false,"campfire_upgraded":2,"win_rate":0.0,"timestamp":1609931678,"path_taken":["M","$","M","?","?","R","E","?","T","M","E","M","R","M","R","BOSS","M","M","M","M"],"items_purchased_type":["Card"],"build_version":"2020-12-22","purchased_purges":0,"victory":false,"max_hp_per_floor":[75,75,75,75,75,75,75,75,75,75,75,75,75,75,75,75,80,80,80,80,80,80],"card_choices":[{"not_picked":["Leap","Beam Cell"],"picked":"Streamline","floor":1.0},{"not_picked":["Rebound","Cold Snap"],"picked":"Static Discharge","floor":3.0},{"not_picked":["Coolheaded","Lockon"],"picked":"Self Repair","floor":7.0},{"not_picked":["Doom and Gloom","Reinforced Body"],"picked":"White Noise","floor":8.0},{"not_picked":["Sweeping Beam","Ball Lightning"],"picked":"Capacitor","floor":10.0},{"not_picked":["Rainbow","Stack"],"picked":"Glacier","floor":11.0},{"not_picked":["Darkness","Redo"],"picked":"Force Field","floor":12},{"not_picked":["Gash","Blizzard"],"picked":"Capacitor","floor":14},{"not_picked":["Multi-Cast","Seek"],"picked":"Buffer","floor":16},{"not_picked":["Tempest","Sweeping Beam"],"picked":"Conserve Battery","floor":17},{"not_picked":["Go for the Eyes+1","Aggregate+1"],"picked":"Streamline","floor":18},{"not_picked":["Leap","Hello World"],"picked":"Recycle","floor":19},{"not_picked":["Force Field","Genetic Algorithm"],"picked":"Glacier+1","floor":20}],"player_experience":142661,"relics_obtained":[{"floor":7.0,"key":"Dota2Spire:PhaseBoots"},{"floor":9.0,"key":"Centennial Puzzle"},{"floor":11.0,"key":"Ornamental Fan"}],"event_choices":[{"damage_healed":0.0,"max_hp_gain":0.0,"max_hp_loss":0.0,"gold_gain":75.0,"event_name":"World of Goop","player_choice":"Gather Gold","floor":4.0,"gold_loss":0.0,"damage_taken":11.0},{"damage_healed":0.0,"max_hp_gain":0.0,"max_hp_loss":0.0,"gold_gain":0.0,"event_name":"Upgrade Shrine","player_choice":"Upgraded","floor":5.0,"gold_loss":0.0,"damage_taken":0.0,"cards_upgraded":["Streamline"]}],"is_beta":false,"boss_relics":[{"not_picked":["Philosopher\u0027s Stone","Runic Dome"],"picked":"Tiny House"}],"items_purged_floors":[],"is_endless":false,"potions_floor_spawned":[8,11,16,18],"killed_by":"3 Cultists","ascension_level":0}}