{"host":"b995t17pt6d05w8c","time":1609949359,"event":{"mods":["AchievementEnabler","BaseMod","Colored Map","Minty Spire (QoL Compilation)","SuperFastMode"],"gold_per_floor":[211,30,30,43,60,60,10,38,38,51,51,78,89,105,105,205,205,225,237,256,181,214,214,246,263,263,275,304,315,215,215,215,316,316,336,354,370,245,259,288,288,322,322,341,369,369,369,389,389,389],"floor_reached":51,"playtime":1796,"items_purged":["Strike_R","Strike_R","Strike_R+1"],"score":1347,"play_id":"d7ead328-4718-4e47-a359-66ee5935e953","local_time":"20210107010919","is_ascension_mode":true,"campfire_choices":[{"data":"Apotheosis","floor":6.0,"key":"SMITH"},{"data":"Pommel Strike","floor":11.0,"key":"SMITH"},{"data":"Dual Wield","floor":15.0,"key":"SMITH"},{"data":"Barricade","floor":23.0,"key":"SMITH"},{"data":"Warcry","floor":32.0,"key":"SMITH"},{"floor":49,"key":"REST"}],"circlet_count":0,"master_deck":["Defend_R","Defend_R","Defend_R","Bash+1","Apotheosis+1","Pommel Strike+1","Shrug It Off","Flame Barrier","Dropkick","Barricade+1","Body Slam+1","Seeing Red+1","Battle Trance","Warcry+1","Second Wind","Burning Pact","Panacea+1"],"relics":["Burning Blood","Happy Flower","Letter Opener","Whetstone","Philosopher\u0027s Stone","Red Mask","FossilizedHelix","Meat on the Bone","Self Forming Clay","SacredBark","Bottled Tornado","Mummified Hand","HornCleat"],"acts_visited":["Exordium","TheCity","TheBeyond"],"potions_floor_usage":[42,50,50,50],"damage_taken":[{"damage":6.0,"enemies":"Cultist","floor":1.0,"turns":4.0},{"damage":7.0,"enemies":"2 Louse","floor":4.0,"turns":3.0},{"damage":2.0,"enemies":"Jaw Worm","floor":5.0,"turns":5.0},{"damage":34.0,"enemies":"3 Sentries","floor":8.0,"turns":10.0},{"damage":6.0,"enemies":"Looter","floor":10.0,"turns":3.0},{"damage":16.0,"enemies":"Gremlin Nob","floor":12.0,"turns":3.0},{"damage":13.0,"enemies":"Blue Slaver","floor":13.0,"turns":3.0},{"damage":10.0,"enemies":"Lots of Slimes","floor":14.0,"turns":5.0},{"damage":0.0,"enemies":"Slime Boss","floor":16.0,"turns":8.0},{"damage":0.0,"enemies":"3 Byrds","floor":18.0,"turns":4.0},{"damage":7.0,"enemies":"Spheric Guardian","floor":19.0,"turns":6.0},{"damage":0.0,"enemies":"3 Cultists","floor":20.0,"turns":5.0},{"damage":9.0,"enemies":"Masked Bandits","floor":22.0,"turns":3.0},{"damage":0.0,"enemies":"Book of Stabbing","floor":24.0,"turns":4.0},{"damage":0.0,"enemies":"Centurion and Healer","floor":25.0,"turns":4.0},{"damage":0.0,"enemies":"Chosen and Byrds","floor":27.0,"turns":6.0},{"damage":16.0,"enemies":"Slavers","floor":28.0,"turns":3.0},{"damage":13.0,"enemies":"Snake Plant","floor":29.0,"turns":4.0},{"damage":0.0,"enemies":"Automaton","floor":33.0,"turns":6.0},{"damage":10,"enemies":"3 Shapes","floor":35,"turns":5},{"damage":0,"enemies":"Orb Walker","floor":36,"turns":3},{"damage":0,"enemies":"Writhing Mass","floor":37,"turns":5},{"damage":0,"enemies":"Maw","floor":39,"turns":4},{"damage":0,"enemies":"Giant Head","floor":40,"turns":5},{"damage":0,"enemies":"Reptomancer","floor":42,"turns":6},{"damage":0,"enemies":"Spire Growth","floor":44,"turns":3},{"damage":1,"enemies":"Nemesis","floor":45,"turns":7},{"damage":16,"enemies":"4 Shapes","floor":48,"turns":3},{"damage":0,"enemies":"Time Eater","floor":50,"turns":7}],"seed_played":"8034741908844942996","potions_obtained":[{"floor":8.0,"key":"Fire Potion"},{"floor":10.0,"key":"LiquidMemories"},{"floor":12.0,"key":"ColorlessPotion"},{"floor":13.0,"key":"DuplicationPotion"},{"floor":19.0,"key":"Explosive Potion"},{"floor":22.0,"key":"EssenceOfSteel"},{"floor":25.0,"key":"BlessingOfTheForge"},{"floor":28.0,"key":"SneckoOil"},{"floor":33.0,"key":"HeartOfIron"},{"floor":37,"key":"AttackPotion"},{"floor":42,"key":"DuplicationPotion"},{"floor":44,"key":"Swift Potion"}],"is_trial":false,"path_per_floor":["M","$","?","M","M","R","?","E","T","M","R","E","M","M","R","B",null,"M","M","M","$","?","R","E","M","T","M","E","M","$","?","R","B",null,"M","M","M","$","M","E","?","E","T","M","E","?","?","M","R","B",null],"character_chosen":"IRONCLAD","items_purchased":["Apotheosis"],"campfire_rested":1,"item_purchase_floors":[2],"current_hp_per_floor":[80,80,80,79,80,80,80,52,52,52,52,42,35,31,31,37,80,80,79,80,80,77,77,80,80,80,80,70,63,63,63,63,69,80,76,80,80,80,80,80,80,80,80,80,80,70,70,60,80,80],"gold":389,"neow_bonus":"HUNDRED_GOLD","is_daily":false,"chose_seed":false,"campfire_upgraded":5,"win_rate":0.0,"timestamp":1609949359,"path_taken":["M","?","?","M","?","R","?","E","T","M","R","E","M","M","R","BOSS","M","M","M","$","?","R","E","M","T","M","E","M","$","?","R","BOSS","M","M","M","$","M","E","?","E","T","M","E","?","?","M","R","BOSS"],"items_purchased_type":["Card"],"build_version":"2020-12-22","purchased_purges":3,"victory":true,"max_hp_per_floor":[80,80,80,80,80,80,80,80,80,80,80,80,80,80,80,80,80,80,80,80,80,80,80,80,80,80,80,80,80,80,80,80,80,80,80,80,80,80,80,80,80,80,80,80,80,80,80,80,80,80],"card_choices":[{"not_picked":["Sword Boomerang","Iron Wave","True Grit"],"picked":"SKIP","floor":1.0},{"not_picked":["Hemokinesis","Anger"],"picked":"Pommel Strike","floor":4.0},{"not_picked":["Metallicize","Entrench","Clash"],"picked":"SKIP","floor":5.0},{"not_picked":["Anger","Dual Wield"],"picked":"Shrug It Off","floor":8.0},{"not_picked":["Thunderclap","Twin Strike"],"picked":"Flame Barrier","floor":10.0},{"not_picked":["Sever Soul","Sword Boomerang"],"picked":"Dropkick","floor":12.0},{"not_picked":["Body Slam","Limit Break","Perfected Strike"],"picked":"SKIP","floor":13.0},{"not_picked":["Shrug It Off","Searing Blow"],"picked":"Dual Wield","floor":14.0},{"not_picked":["Brutality","Juggernaut"],"picked":"Barricade","floor":16.0},{"not_picked":["Shrug It Off","Disarm"],"picked":"Body Slam+1","floor":18.0},{"not_picked":["Thunderclap","Twin Strike"],"picked":"Seeing Red+1","floor":19.0},{"not_picked":["Thunderclap","Clothesline+1"],"picked":"Battle Trance","floor":20.0},{"not_picked":["Shockwave","Armaments","Cleave+1"],"picked":"SKIP","floor":24.0},{"not_picked":["Rupture+1","Reaper","Dual Wield"],"picked":"SKIP","floor":25.0},{"not_picked":["Whirlwind","Pummel","Battle Trance+1"],"picked":"SKIP","floor":27.0},{"not_picked":["Carnage","Flame Barrier"],"picked":"Warcry","floor":28.0},{"not_picked":["Flex+1","Dual Wield","Shrug It Off"],"picked":"SKIP","floor":29.0},{"not_picked":["Infernal Blade+1","Iron Wave"],"picked":"Second Wind","floor":35},{"not_picked":["Shrug It Off","True Grit+1"],"picked":"Burning Pact","floor":36},{"not_picked":["Warcry+1","True Grit","Ghostly Armor+1"],"picked":"SKIP","floor":37},{"not_picked":["Warcry+1","True Grit","Ghostly Armor+1"],"picked":"SKIP","floor":37},{"not_picked":["Clothesline+1","True Grit+1","Second Wind"],"picked":"SKIP","floor":39},{"not_picked":["Clash","Dropkick","Carnage+1"],"picked":"SKIP","floor":40},{"not_picked":["Seeing Red","Clash+1","Body Slam+1"],"picked":"SKIP","floor":42},{"not_picked":["Cleave","Uppercut","Twin Strike"],"picked":"SKIP","floor":44},{"not_picked":["Burning Pact+1","Reaper","Metallicize"],"picked":"SKIP","floor":45},{"not_picked":["Dramatic Entrance","Apotheosis"],"picked":"Panacea","floor":46},{"not_picked":["Thunderclap","Flex","Clothesline+1"],"picked":"SKIP","floor":48}],"player_experience":25227,"relics_obtained":[{"floor":8.0,"key":"Happy Flower"},{"floor":9.0,"key":"Letter Opener"},{"floor":12.0,"key":"Whetstone"},{"floor":22.0,"key":"Red Mask"},{"floor":24.0,"key":"FossilizedHelix"},{"floor":26.0,"key":"Meat on the Bone"},{"floor":28.0,"key":"Self Forming Clay"},{"floor":40,"key":"Bottled Tornado"},{"floor":42,"key":"Mummified Hand"},{"floor":45,"key":"HornCleat"}],"event_choices":[{"cards_removed":["Strike_R"],"damage_healed":0.0,"max_hp_gain":0.0,"max_hp_loss":0.0,"gold_gain":0.0,"event_name":"Purifier","player_choice":"Purged","floor":3.0,"gold_loss":0.0,"damage_taken":0.0},{"cards_removed":["Strike_R"],"damage_healed":0.0,"max_hp_gain":0.0,"max_hp_loss":0.0,"gold_gain":0.0,"event_name":"The Cleric","player_choice":"Card Removal","floor":7.0,"gold_loss":50.0,"damage_taken":0.0},{"damage_healed":0.0,"max_hp_gain":0.0,"max_hp_loss":0.0,"gold_gain":0.0,"event_name":"Masked Bandits","player_choice":"Fought Bandits","floor":22.0,"gold_loss":0.0,"damage_taken":0.0},{"cards_removed":["Defend_R"],"damage_healed":0.0,"max_hp_gain":0.0,"max_hp_loss":0.0,"gold_gain":0.0,"event_name":"Back to Basics","player_choice":"Elegance","floor":31.0,"gold_loss":0.0,"damage_taken":0.0},{"cards_removed":["Dual Wield"],"damage_healed":0,"gold_gain":0,"player_choice":"Removed Skill","damage_taken":0,"max_hp_gain":0,"max_hp_loss":0,"event_name":"Falling","floor":41,"gold_loss":0},{"damage_healed":0,"gold_gain":0,"player_choice":"Memory 3","damage_taken":10,"max_hp_gain":0,"max_hp_loss":0,"event_name":"SensoryStone","floor":46,"gold_loss":0},{"damage_healed":0,"gold_gain":0,"player_choice":"Upgraded","damage_taken":0,"max_hp_gain":0,"max_hp_loss":0,"event_name":"Upgrade Shrine","floor":47,"gold_loss":0,"cards_upgraded":["Panacea"]}],"is_beta":false,"boss_relics":[{"not_picked":["Astrolabe","Velvet Choker"],"picked":"Philosopher\u0027s Stone"},{"not_picked":["SlaversCollar","Mark of Pain"],"picked":"SacredBark"}],"items_purged_floors":[21,30,38],"is_endless":false,"potions_floor_spawned":[8,10,12,13,19,22,25,28,33,37,42,44],"ascension_level":3}}