{"host":"g7trc0x2teqyd8ye","time":1609968912,"event":{"mods":["BaseMod","Key Reminder","Minty Spire (QoL Compilation)","Relic Stats"],"gold_per_floor":[114,133,153,56,71,101,101,101,101,101,135,135,153,173,173,276,276,290,290,290,215,215,215,215],"floor_reached":23,"playtime":918,"items_purged":[],"score":324,"play_id":"45d80e80-38b2-40d4-8f20-e02ff97f217a","local_time":"20210106223512","is_ascension_mode":true,"campfire_choices":[{"floor":8,"key":"REST"},{"data":"Heatsinks","floor":12,"key":"SMITH"},{"floor":15,"key":"REST"}],"circlet_count":0,"master_deck":["AscendersBane","Strike_B","Strike_B","Strike_B","Strike_B","Defend_B","Defend_B","Defend_B","Defend_B","Zap+1","Dualcast+1","Amplify+1","Consume","Ball Lightning","Reinforced Body","Coolheaded","Heatsinks+1","Ball Lightning","Heatsinks","Core Surge","Doom and Gloom","Ball Lightning","Creative AI","Defragment","Ghostly","Ghostly","Ghostly","Ghostly","Ghostly"],"relics":["Cracked Core","Torii","Bottled Tornado","Blue Candle","Nuclear Battery"],"acts_visited":["Exordium","TheCity"],"potions_floor_usage":[11,11,16,16,23],"damage_taken":[{"damage":8,"enemies":"Jaw Worm","floor":1,"turns":4},{"damage":6,"enemies":"2 Louse","floor":2,"turns":3},{"damage":1,"enemies":"Cultist","floor":3,"turns":3},{"damage":8,"enemies":"Blue Slaver","floor":5,"turns":3},{"damage":23,"enemies":"3 Sentries","floor":6,"turns":6},{"damage":7,"enemies":"Lagavulin","floor":11,"turns":7},{"damage":7,"enemies":"Large Slime","floor":13,"turns":5},{"damage":15,"enemies":"3 Louse","floor":14,"turns":3},{"damage":15,"enemies":"Hexaghost","floor":16,"turns":9},{"damage":23,"enemies":"2 Thieves","floor":18,"turns":3},{"damage":53,"enemies":"Gremlin Leader","floor":23,"turns":7}],"seed_played":"-8869345099405531445","potions_obtained":[{"floor":3,"key":"Energy Potion"},{"floor":6,"key":"Regen Potion"},{"floor":11,"key":"FearPotion"},{"floor":14,"key":"ColorlessPotion"},{"floor":16,"key":"SneckoOil"}],"is_trial":false,"path_per_floor":["M","M","M","$","M","E","?","R","T","?","E","R","M","M","R","B",null,"M","?","?","?","?","E"],"character_chosen":"DEFECT","items_purchased":["Coolheaded","Heatsinks"],"campfire_rested":2,"item_purchase_floors":[4,4],"current_hp_per_floor":[60,54,53,53,45,22,7,29,29,29,37,37,30,15,37,22,62,39,39,37,37,37,0,0],"gold":215,"neow_bonus":"ONE_RANDOM_RARE_CARD","is_daily":false,"chose_seed":false,"campfire_upgraded":1,"win_rate":0.0,"timestamp":1609968912,"path_taken":["M","M","M","$","M","E","?","R","T","?","E","R","M","?","R","BOSS","M","?","?","?","?","E"],"items_purchased_type":["Card","Card"],"build_version":"2020-12-22","purchased_purges":0,"victory":false,"max_hp_per_floor":[75,75,75,75,75,75,75,75,75,75,75,75,75,75,75,75,75,75,75,37,37,37,37,37],"relic_stats":{"Torii":12,"counters":[11,53],"Blue Candle":[0],"obtain_stats":[{"Torii":6,"Blue Candle":11,"Bottled Tornado":9,"Cracked Core":0,"Nuclear Battery":17},{"Torii":5,"Blue Candle":6,"Bottled Tornado":5,"Cracked Core":0,"Nuclear Battery":9},{"Torii":19,"Blue Candle":26,"Bottled Tornado":19,"Cracked Core":0,"Nuclear Battery":43}]},"card_choices":[{"not_picked":["Sweeping Beam","Barrage"],"picked":"Consume","floor":1},{"not_picked":["Beam Cell","Compile Driver"],"picked":"Ball Lightning","floor":2},{"not_picked":["Lockon","Recycle"],"picked":"Reinforced Body","floor":3},{"not_picked":["Beam Cell","Turbo"],"picked":"Ball Lightning","floor":5},{"not_picked":["Blizzard","Fusion"],"picked":"Heatsinks","floor":6},{"not_picked":["Hologram","Compile Driver"],"picked":"Core Surge","floor":11},{"not_picked":["Fusion","Cold Snap"],"picked":"Doom and Gloom","floor":13},{"not_picked":["Conserve Battery","Rebound"],"picked":"Ball Lightning","floor":14},{"not_picked":["Biased Cognition","Hyperbeam"],"picked":"Creative AI","floor":16},{"not_picked":["Hologram","Coolheaded"],"picked":"Defragment","floor":18}],"player_experience":882956,"relics_obtained":[{"floor":6,"key":"Torii"},{"floor":9,"key":"Bottled Tornado"},{"floor":11,"key":"Blue Candle"}],"event_choices":[{"damage_healed":0,"gold_gain":0,"player_choice":"Entered Light","damage_taken":15,"max_hp_gain":0,"max_hp_loss":0,"event_name":"Shining Light","floor":7,"gold_loss":0,"cards_upgraded":["Zap","Dualcast"]},{"damage_healed":0,"gold_gain":0,"player_choice":"Forge","damage_taken":0,"max_hp_gain":0,"max_hp_loss":0,"event_name":"Accursed Blacksmith","floor":10,"gold_loss":0,"cards_upgraded":["Amplify"]},{"damage_healed":0,"gold_gain":0,"player_choice":"Smashed Altar","damage_taken":0,"max_hp_gain":0,"max_hp_loss":0,"event_name":"Forgotten Altar","floor":19,"gold_loss":0,"cards_obtained":["Decay"]},{"damage_healed":0,"gold_gain":0,"player_choice":"Became a Ghost","damage_taken":0,"max_hp_gain":0,"max_hp_loss":38,"event_name":"Ghosts","floor":20,"gold_loss":0,"cards_obtained":["Ghostly","Ghostly","Ghostly","Ghostly","Ghostly"]},{"cards_removed":["Decay"],"damage_healed":0,"gold_gain":0,"player_choice":"Gave Gold","damage_taken":0,"max_hp_gain":0,"max_hp_loss":0,"event_name":"Beggar","floor":21,"gold_loss":75},{"damage_healed":0,"gold_gain":0,"player_choice":"Ignored","damage_taken":0,"max_hp_gain":0,"max_hp_loss":0,"event_name":"Vampires","floor":22,"gold_loss":0}],"is_beta":false,"boss_relics":[{"not_picked":["SacredBark","Runic Dome"],"picked":"Nuclear Battery"}],"items_purged_floors":[],"is_endless":false,"potions_floor_spawned":[3,6,11,14,16],"killed_by":"Gremlin Leader","ascension_level":10}}