{"host":"ur405gpummdrt5xj","time":1609901265,"event":{"mods":["BaseMod","Colored Map","Highlight Path","Minty Spire (QoL Compilation)","Quick Restart"],"gold_per_floor":[110,35,35,35,35,59,73,73,122,122,122],"floor_reached":10,"playtime":317,"items_purged":["Strike_G"],"score":84,"play_id":"0e8e8a1c-3940-4671-970a-3f8e1f3cfad5","local_time":"20210105184745","is_ascension_mode":true,"campfire_choices":[{"data":"Footwork","floor":8,"key":"SMITH"}],"circlet_count":0,"master_deck":["AscendersBane","Strike_G","Strike_G","Strike_G","Defend_G","Defend_G","Defend_G","Defend_G","Defend_G","Survivor","Neutralize","Footwork","Injury","Footwork+1"],"relics":["Ring of the Snake","Golden Idol","Snake Skull"],"acts_visited":["Exordium"],"potions_floor_usage":[7],"damage_taken":[{"damage":0,"enemies":"Small Slimes","floor":1,"turns":4},{"damage":6,"enemies":"2 Louse","floor":6,"turns":6},{"damage":0,"enemies":"Jaw Worm","floor":7,"turns":8},{"damage":44,"enemies":"Gremlin Nob","floor":10,"turns":7}],"seed_played":"5064990790434768074","potions_obtained":[{"floor":1,"key":"AttackPotion"},{"floor":7,"key":"Explosive Potion"}],"is_trial":false,"path_per_floor":["M","$","?","?","?","M","M","R","T","E"],"character_chosen":"THE_SILENT","items_purchased":[],"campfire_rested":0,"item_purchase_floors":[],"current_hp_per_floor":[63,63,56,56,56,50,50,50,50,6,6],"gold":122,"neow_bonus":"THREE_CARDS","is_daily":false,"chose_seed":false,"campfire_upgraded":1,"win_rate":0.0,"timestamp":1609901265,"path_taken":["M","$","?","?","?","M","M","R","T","E"],"items_purchased_type":[],"build_version":"2020-12-22","purchased_purges":1,"victory":false,"max_hp_per_floor":[70,70,70,70,70,70,70,70,70,70,70],"card_choices":[{"not_picked":["Reflex","Endless Agony"],"picked":"Footwork","floor":1},{"not_picked":["Acrobatics","Underhanded Strike","Blade Dance"],"picked":"SKIP","floor":6},{"not_picked":["Dodge and Roll","Crippling Poison"],"picked":"Footwork","floor":7}],"player_experience":516839,"relics_obtained":[{"floor":9,"key":"Snake Skull"}],"event_choices":[{"cards_removed":["Strike_G"],"damage_healed":0,"gold_gain":0,"player_choice":"Card Removal","damage_taken":7,"max_hp_gain":0,"max_hp_loss":0,"event_name":"Golden Wing","floor":3,"gold_loss":0},{"damage_healed":0,"gold_gain":0,"player_choice":"Take Wound","damage_taken":0,"relics_obtained":["Golden Idol"],"max_hp_gain":0,"max_hp_loss":0,"event_name":"Golden Idol","floor":4,"gold_loss":0,"cards_obtained":["Injury"]},{"damage_healed":0,"gold_gain":0,"player_choice":"Ignored","damage_taken":0,"max_hp_gain":0,"max_hp_loss":0,"event_name":"Liars Game","floor":5,"gold_loss":0}],"is_beta":false,"boss_relics":[],"items_purged_floors":[2],"is_endless":false,"potions_floor_spawned":[1,7],"killed_by":"Gremlin Nob","ascension_level":10}}