{"host":"ueaobptuyu87ouwy","time":1609912870,"event":{"mods":["Aspiration","Bard","BaseMod","Better Altar","Better Match","Better Note","Better Sensory Stone","Better Skull","Better Third Choice","BetterRewards","CCEM","Colored Map","Conspire","Downfall","GifTheSpireLib","Googly Eyes","Halation","Hermit","Highlight Path","Hubris","Infinite Spire","Jedi Mod","Jorbs\u0027s Wanderer Trilogy","Marisa????????","Mimic Mod","Minty Spire (QoL Compilation)","Permanent Neow","Replay The Spire","StSLib","Stuff the Spire","The Runesmith","Unceasing Turn Reminder","everything is the same but u backflip on backflip","slay the spire mod where everything is the same but ironclad has a cowboy hat"],"gold_per_floor":[115,115,127,127,127,127,159,159,159,159,159,188,200,200,217,232,232,333,333,351,351,366,385,385,385,385,385],"floor_reached":26,"playtime":1963,"items_purged":[],"score":266,"play_id":"1be2d1d1-be8a-462e-a65c-b38a6508cb64","local_time":"20210106140110","is_ascension_mode":false,"campfire_choices":[{"data":"StuffTheSpire:MirrorStance","floor":14.0,"key":"SMITH"}],"circlet_count":0,"master_deck":["Strike_G","Strike_G","Strike_G","Strike_G","Strike_G","Defend_G+1","Defend_G+1","Defend_G","Defend_G","Defend_G","Survivor","Neutralize","Fluid Movement","Regret","Normality","StuffTheSpire:MirrorStance+1","Bouncing Flask+1","Dodge and Roll","FlyingSleeves","Deflect","Venomology","Sucker Punch","FlyingSleeves"],"relics":["aspiration:Nostalgia","Replay:M_SmolderingBlood","CCEMRelics:WhiteRose","infinitespire:Satchel","ReplayTheSpireMod:Ring of Exchange","Ring of Misfortune","War Paint","Sizzling Blood","CCEMRelics:TinyMinotavrHorn","halation:TwoAmDonut","Replay:Grab Bag","jedi:paperlyon","hubris:TerracottaHorce","Ring of Chaos"],"acts_visited":["Exordium","TheCity"],"potions_floor_usage":[22,22,23,23,23],"damage_taken":[{"damage":4.0,"enemies":"Jaw Worm","floor":1.0,"turns":6.0},{"damage":2.0,"enemies":"2 Louse","floor":3.0,"turns":3.0},{"damage":0.0,"enemies":"3 Sentries","floor":7.0,"turns":15.0},{"damage":0.0,"enemies":"Lagavulin","floor":12.0,"turns":10.0},{"damage":0.0,"enemies":"conspire:RoseBush","floor":13.0,"turns":3.0},{"damage":4.0,"enemies":"Large Slime","floor":15.0,"turns":6.0},{"damage":7.0,"enemies":"Exordium Wildlife","floor":16.0,"turns":7.0},{"damage":13.0,"enemies":"Fading Forest","floor":18.0,"turns":11.0},{"damage":2.0,"enemies":"Shell Parasite","floor":20.0,"turns":9.0},{"damage":9,"enemies":"3 Byrds","floor":22,"turns":4},{"damage":31,"enemies":"3 Cultists","floor":23,"turns":6},{"damage":62,"enemies":"Slavers","floor":26,"turns":3}],"seed_played":"-5084756008929554663","potions_obtained":[{"floor":1.0,"key":"GamblersBrew"},{"floor":12.0,"key":"SpeedPotion"},{"floor":13.0,"key":"SpeedPotion"},{"floor":16.0,"key":"Block Potion"},{"floor":23,"key":"Fruit Juice"}],"is_trial":false,"path_per_floor":["M","?","M","?","?","R","E","PTL","PTL","?","T","E","M","R","M","M","R_BF","B",null,"M","?","M","M","?","R","E"],"character_chosen":"THE_SILENT","items_purchased":[],"campfire_rested":0,"item_purchase_floors":[],"current_hp_per_floor":[66,66,64,52,52,52,52,52,52,56,56,60,64,64,64,61,61,52,69,71,71,66,58,58,58,0,0],"gold":385,"neow_bonus":"NOSTALGIA","is_daily":false,"chose_seed":false,"campfire_upgraded":1,"win_rate":0.0,"timestamp":1609912870,"path_taken":["M","?","M","?","?","R","E","PTL","PTL","?","T","E","M","R","M","M","R_BF","BOSS","M","?","?","M","?","R","E"],"items_purchased_type":[],"build_version":"2020-12-13","purchased_purges":0,"victory":false,"max_hp_per_floor":[70,70,70,70,70,70,70,70,70,74,74,74,74,74,74,74,74,74,74,74,74,74,79,79,79,79,79],"card_choices":[{"not_picked":["Crippling Poison","Crescendo"],"picked":"Fluid Movement","floor":1.0},{"not_picked":["StuffTheSpire:BumpUp","Heel Hook","Bane"],"picked":"SKIP","floor":3.0},{"not_picked":["Clash","Calculated Gamble"],"picked":"StuffTheSpire:MirrorStance","floor":7.0},{"not_picked":["StuffTheSpire:MirrorStance","Adrenaline"],"picked":"Bouncing Flask","floor":12.0},{"not_picked":["Clash","Underhanded Strike"],"picked":"Dodge and Roll","floor":13.0},{"not_picked":["Heel Hook","Calculated Gamble"],"picked":"FlyingSleeves","floor":15.0},{"not_picked":["Bane","Whirlwind"],"picked":"Deflect","floor":16.0},{"not_picked":["Phantasmal Killer","Glass Knife"],"picked":"Venomology","floor":18.0},{"not_picked":["Poisoned Stab","Slice","ReplayTheSpireMod:Scrap Shanks"],"picked":"SKIP","floor":20.0},{"not_picked":["Dagger Throw","Dash"],"picked":"Sucker Punch","floor":22},{"not_picked":["Toxin Wave","jedi:poisonivy+1"],"picked":"FlyingSleeves","floor":23}],"player_experience":19887,"relics_obtained":[{"floor":5.0,"key":"ReplayTheSpireMod:Ring of Exchange"},{"floor":5.0,"key":"Ring of Misfortune"},{"floor":7.0,"key":"War Paint"},{"floor":11.0,"key":"CCEMRelics:TinyMinotavrHorn"},{"floor":12.0,"key":"halation:TwoAmDonut"}],"event_choices":[{"damage_healed":0.0,"max_hp_gain":0.0,"max_hp_loss":0.0,"gold_gain":0.0,"event_name":"Big Fish","player_choice":"Box","floor":2.0,"gold_loss":0.0,"damage_taken":0.0,"relics_obtained":["CCEMRelics:WhiteRose"],"cards_obtained":["Regret"]},{"damage_healed":0.0,"max_hp_gain":0.0,"max_hp_loss":0.0,"gold_gain":0.0,"event_name":"betterThird:BetterScrap","player_choice":"Relic ","floor":4.0,"gold_loss":0.0,"damage_taken":12.0,"cards_obtained":["hubris:PowerSurge"]},{"cards_removed":["Normality"],"damage_healed":0.0,"max_hp_gain":0.0,"max_hp_loss":0.0,"gold_gain":0.0,"event_name":"betterNote:BetterNote","player_choice":"Give","floor":21.0,"gold_loss":0.0,"damage_taken":0.0,"cards_obtained":["Normality"]}],"is_beta":false,"boss_relics":[{"not_picked":["infinitespire:Cupcake","CCEMRelics:FranticForklift"],"picked":"Replay:Grab Bag"},{"not_picked":["halation:ForbiddenBikini","Philosopher\u0027s Stone"],"picked":"jedi:paperlyon"},{"not_picked":["Sozu","conspire:SeveredTorchhead"],"picked":"hubris:TerracottaHorce"},{"not_picked":["StuffTheSpire:RunicHypercube","aspiration:RitualDagger"],"picked":"Ring of Chaos"}],"items_purged_floors":[],"is_endless":false,"potions_floor_spawned":[1,12,13,16,23],"killed_by":"Slavers","ascension_level":0}}