{"host":"hwrdjx5eod2cxh09","time":1609943140,"event":{"mods":["AchievementEnabler","BaseMod","Bestiary","Minty Spire (QoL Compilation)","Relic Stats"],"gold_per_floor":[119,134,147,147,1,28,39,72,95,107,118,118,131,148,148,246,246,257,267,280,296,296,296,324,335,335,335,348,361,147,180,180,276,276,288,213,229,249,274,305,317,337,364,364,379,389,399,416,416,416,416,416,15,48,48,48],"floor_reached":55,"playtime":2958,"items_purged":["Defend_B","Defend_B"],"score":763,"play_id":"a6cb393d-5194-490b-b238-e49a8d521bc6","local_time":"20210106232540","is_ascension_mode":false,"campfire_choices":[{"floor":12,"key":"REST"},{"floor":15,"key":"REST"},{"data":"Beam Cell","floor":23,"key":"SMITH"},{"floor":27,"key":"REST"},{"data":"Consume","floor":32,"key":"SMITH"},{"floor":44,"key":"RECALL"},{"floor":49,"key":"REST"},{"data":"Hologram","floor":52,"key":"SMITH"}],"circlet_count":0,"master_deck":["Defend_B","Zap+1","Dualcast","Gash","Gash","Conserve Battery","Swift Strike","Steam","Leap","Beam Cell+1","Hologram+1","Scrape","Defragment+1","Electrodynamics","Chill+1","BootSequence+1","Multi-Cast+1","Coolheaded","Auto Shields","Glacier","Gash+1","Consume+1","All For One","Hologram","FTL+1","Turbo+1","Skim","Gash+1","Redo+1","Go for the Eyes","Stack+1"],"relics":["Cracked Core","Oddly Smooth Stone","Ancient Tea Set","DataDisk","Whetstone","Astrolabe","Regal Pillow","Runic Capacitor","Happy Flower","Empty Cage","Vajra","Bronze Scales","Potion Belt","Unceasing Top","Pen Nib"],"acts_visited":["Exordium","TheCity","TheBeyond","TheEnding"],"potions_floor_usage":[16,24,41,45,47,55,55],"damage_taken":[{"damage":5,"enemies":"Small Slimes","floor":1,"turns":2},{"damage":1,"enemies":"Cultist","floor":2,"turns":3},{"damage":3,"enemies":"2 Louse","floor":3,"turns":2},{"damage":30,"enemies":"Gremlin Nob","floor":6,"turns":5},{"damage":1,"enemies":"Red Slaver","floor":7,"turns":3},{"damage":7,"enemies":"3 Sentries","floor":8,"turns":8},{"damage":15,"enemies":"Exordium Thugs","floor":10,"turns":4},{"damage":0,"enemies":"3 Louse","floor":11,"turns":3},{"damage":0,"enemies":"Gremlin Gang","floor":13,"turns":4},{"damage":0,"enemies":"Large Slime","floor":14,"turns":5},{"damage":23,"enemies":"The Guardian","floor":16,"turns":11},{"damage":7,"enemies":"3 Byrds","floor":18,"turns":5},{"damage":10,"enemies":"Spheric Guardian","floor":19,"turns":4},{"damage":0,"enemies":"Centurion and Healer","floor":20,"turns":8},{"damage":0,"enemies":"Snecko","floor":21,"turns":6},{"damage":17,"enemies":"Slavers","floor":24,"turns":5},{"damage":0,"enemies":"Chosen and Byrds","floor":25,"turns":8},{"damage":0,"enemies":"3 Cultists","floor":28,"turns":4},{"damage":6,"enemies":"Centurion and Healer","floor":29,"turns":7},{"damage":8,"enemies":"Gremlin Leader","floor":31,"turns":7},{"damage":20,"enemies":"Collector","floor":33,"turns":7},{"damage":0,"enemies":"3 Shapes","floor":35,"turns":5},{"damage":0,"enemies":"Orb Walker","floor":37,"turns":5},{"damage":3,"enemies":"Spire Growth","floor":38,"turns":5},{"damage":0,"enemies":"Giant Head","floor":40,"turns":9},{"damage":8,"enemies":"Transient","floor":41,"turns":5},{"damage":0,"enemies":"Writhing Mass","floor":42,"turns":7},{"damage":9,"enemies":"3 Darklings","floor":45,"turns":5},{"damage":6,"enemies":"Maw","floor":46,"turns":6},{"damage":10,"enemies":"Transient","floor":47,"turns":5},{"damage":0,"enemies":"Jaw Worm Horde","floor":48,"turns":2},{"damage":24,"enemies":"Awakened One","floor":50,"turns":11},{"damage":30,"enemies":"Shield and Spear","floor":54,"turns":5},{"damage":50,"enemies":"The Heart","floor":55,"turns":9}],"seed_played":"8715958894170962955","potions_obtained":[{"floor":1,"key":"Swift Potion"},{"floor":2,"key":"Block Potion"},{"floor":10,"key":"SkillPotion"},{"floor":13,"key":"FearPotion"},{"floor":16,"key":"SneckoOil"},{"floor":18,"key":"FearPotion"},{"floor":25,"key":"AttackPotion"},{"floor":33,"key":"Weak Potion"},{"floor":45,"key":"SteroidPotion"},{"floor":48,"key":"FocusPotion"},{"floor":54,"key":"DuplicationPotion"}],"is_trial":false,"path_per_floor":["M","M","M","?","$","E","M","E","T","M","M","R","M","M","R","B",null,"M","M","M","M","?","R","E","M","T","R","M","M","$","E","R","B",null,"M","$","M","M","T","E","M","M","T","R","M","M","M","M","R","B",null,"R","$","E","B"],"character_chosen":"DEFECT","items_purchased":["Oddly Smooth Stone","Runic Capacitor","Consume","Unceasing Top"],"campfire_rested":4,"item_purchase_floors":[5,30,30,53],"current_hp_per_floor":[70,69,66,66,66,36,35,28,28,13,13,35,35,35,57,34,75,68,58,58,58,58,58,41,41,41,75,75,69,69,61,61,41,75,75,75,75,72,72,72,64,64,64,64,55,49,39,39,75,51,75,75,75,45,0,0],"gold":48,"neow_bonus":"UPGRADE_CARD","is_daily":false,"chose_seed":false,"campfire_upgraded":3,"win_rate":0.0,"timestamp":1609943140,"path_taken":["M","M","M","?","$","E","?","E","T","M","M","R","M","M","R","BOSS","M","M","M","M","?","R","E","M","T","R","M","M","$","E","R","BOSS","M","$","M","M","?","E","M","M","T","R","M","M","M","M","R","BOSS","R","$","E","BOSS"],"items_purchased_type":["Relic","Relic","Card","Relic"],"build_version":"2020-12-22","purchased_purges":2,"victory":false,"max_hp_per_floor":[75,75,75,75,75,75,75,75,75,75,75,75,75,75,75,75,75,75,75,75,75,75,75,75,75,75,75,75,75,75,75,75,75,75,75,75,75,75,75,75,75,75,75,75,75,75,75,75,75,75,75,75,75,75,75,75],"relic_stats":{"Regal Pillow":26,"Happy Flower":[28],"counters":[34,190],"Astrolabe":["Chill","BootSequence","Multi-Cast"],"Bronze Scales":[267],"Pen Nib":[1],"Whetstone":["Strike_B","Strike_B"],"obtain_stats":[{"Potion Belt":43,"Regal Pillow":24,"Happy Flower":31,"Astrolabe":17,"Oddly Smooth Stone":5,"Vajra":39,"Pen Nib":54,"Runic Capacitor":30,"Whetstone":9,"Ancient Tea Set":6,"Empty Cage":34,"DataDisk":8,"Bronze Scales":40,"Cracked Core":0,"Unceasing Top":53},{"Potion Belt":27,"Regal Pillow":16,"Happy Flower":20,"Astrolabe":11,"Oddly Smooth Stone":3,"Vajra":24,"Pen Nib":33,"Runic Capacitor":19,"Whetstone":6,"Ancient Tea Set":4,"Empty Cage":21,"DataDisk":6,"Bronze Scales":25,"Cracked Core":0,"Unceasing Top":32},{"Potion Belt":147,"Regal Pillow":78,"Happy Flower":104,"Astrolabe":50,"Oddly Smooth Stone":7,"Vajra":126,"Pen Nib":181,"Runic Capacitor":97,"Whetstone":23,"Ancient Tea Set":12,"Empty Cage":111,"DataDisk":23,"Bronze Scales":135,"Cracked Core":0,"Unceasing Top":176}],"Unceasing Top":[2]},"card_choices":[{"not_picked":["BootSequence","Redo"],"picked":"Gash","floor":1},{"not_picked":["Chaos","Cold Snap"],"picked":"Gash","floor":2},{"not_picked":["Melter","Streamline"],"picked":"Conserve Battery","floor":3},{"not_picked":["Melter","Tempest"],"picked":"Steam","floor":6},{"not_picked":["Redo","Coolheaded"],"picked":"Leap","floor":7},{"not_picked":["Auto Shields","Steam"],"picked":"Beam Cell","floor":8},{"not_picked":["Static Discharge","Redo"],"picked":"Hologram","floor":10},{"not_picked":["Beam Cell","Aggregate"],"picked":"Scrape","floor":11},{"not_picked":["Beam Cell","Double Energy","Streamline"],"picked":"SKIP","floor":13},{"not_picked":["BootSequence","Ball Lightning"],"picked":"Defragment","floor":14},{"not_picked":["Core Surge","Thunder Strike"],"picked":"Electrodynamics","floor":16},{"not_picked":["Steam","Ball Lightning","Doom and Gloom"],"picked":"SKIP","floor":18},{"not_picked":["Leap","Consume+1"],"picked":"Coolheaded","floor":19},{"not_picked":["Storm","Melter"],"picked":"Auto Shields","floor":20},{"not_picked":["Ball Lightning","Reprogram+1"],"picked":"Glacier","floor":21},{"not_picked":["Sunder","Stack"],"picked":"Gash+1","floor":24},{"not_picked":["Static Discharge+1","BootSequence","Reinforced Body+1"],"picked":"SKIP","floor":25},{"not_picked":["Aggregate","Lockon","Barrage"],"picked":"SKIP","floor":28},{"not_picked":["Lockon","Steam","Streamline+1"],"picked":"SKIP","floor":29},{"not_picked":["Force Field","Conserve Battery","Redo"],"picked":"SKIP","floor":31},{"not_picked":["Hyperbeam","Thunder Strike"],"picked":"All For One","floor":33},{"not_picked":["Hello World","Redo"],"picked":"Hologram","floor":35},{"not_picked":["Redo+1","Cold Snap"],"picked":"FTL+1","floor":37},{"not_picked":["Consume","Cold Snap+1","Compile Driver+1"],"picked":"SKIP","floor":38},{"not_picked":["Leap+1","Coolheaded+1"],"picked":"Turbo+1","floor":40},{"not_picked":["Reboot","Auto Shields"],"picked":"Skim","floor":41},{"not_picked":["Streamline","Redo"],"picked":"Gash+1","floor":42},{"not_picked":["Barrage+1","Ball Lightning","Melter"],"picked":"SKIP","floor":45},{"not_picked":["Auto Shields+1","Conserve Battery"],"picked":"Redo+1","floor":46},{"not_picked":["Sweeping Beam+1","Tempest+1","Coolheaded"],"picked":"SKIP","floor":47},{"not_picked":["Double Energy+1","Chill+1"],"picked":"Go for the Eyes","floor":48},{"not_picked":["Gash+1","Turbo+1"],"picked":"Stack+1","floor":54}],"player_experience":182139,"relics_obtained":[{"floor":6,"key":"Ancient Tea Set"},{"floor":8,"key":"DataDisk"},{"floor":9,"key":"Whetstone"},{"floor":24,"key":"Regal Pillow"},{"floor":31,"key":"Happy Flower"},{"floor":39,"key":"Vajra"},{"floor":40,"key":"Bronze Scales"},{"floor":43,"key":"Potion Belt"},{"floor":54,"key":"Pen Nib"}],"event_choices":[{"damage_healed":0,"gold_gain":0,"player_choice":"1 cards matched","damage_taken":0,"max_hp_gain":0,"max_hp_loss":0,"event_name":"Match and Keep!","floor":4,"gold_loss":0,"cards_obtained":["Swift Strike"]},{"damage_healed":0,"gold_gain":0,"player_choice":"Upgraded","damage_taken":0,"max_hp_gain":0,"max_hp_loss":0,"event_name":"Upgrade Shrine","floor":22,"gold_loss":0,"cards_upgraded":["Defragment"]}],"is_beta":false,"boss_relics":[{"not_picked":["Runic Dome","SlaversCollar"],"picked":"Astrolabe"},{"not_picked":["Calling Bell","Velvet Choker"],"picked":"Empty Cage"}],"items_purged_floors":[36,53],"is_endless":false,"potions_floor_spawned":[1,2,10,11,13,16,18,25,29,33,37,38,45,48,54],"killed_by":"The Heart","ascension_level":0}}