{"host":"Connor","time":1609915844,"event":{"mods":["BaseMod","Downfall","Marisa????????","Minty Spire (QoL Compilation)","Replay The Spire","StSLib","The Animator","The Cursed","The Jungle","The Servant 0.9.4"],"gold_per_floor":[99,118,136,150,170,186,186,196,206,234,234,31,31,16,32,127,127,52,64,64,83,7,38,63,77,110,130,230,80,80,30,49,151,151,151,28,74,91,101,133,160,160,186,198,198,8,86,10,21,21,21,53,3,3,3],"floor_reached":56,"playtime":2639,"items_purged":["Writhe","Shame"],"score":1689,"play_id":"821bce15-fef7-4754-a23e-8f8ab6fe52f1","local_time":"20210105225044","is_ascension_mode":true,"campfire_choices":[{"floor":1,"key":"RECALL"},{"floor":13,"key":"REST"},{"data":"Guardian:PrismaticBeam","floor":18,"key":"SMITH"},{"data":"Guardian:DonusPower","floor":29,"key":"SMITH"},{"data":"Guardian:PrismaticBeam","floor":35,"key":"SMITH"},{"data":"Guardian:GemFinder","floor":42,"key":"SMITH"},{"data":"Guardian:StasisEngine","floor":45,"key":"SMITH"},{"data":"Guardian:ArmoredProtocol","floor":54,"key":"SMITH"}],"circlet_count":0,"master_deck":["Guardian:Strike_Guardian","Guardian:Strike_Guardian","Guardian:Defend_Guardian","Guardian:Defend_Guardian","Guardian:Defend_Guardian","Guardian:Defend_Guardian","Guardian:CurlUp+1","Guardian:TwinSlam","Guardian:SpikerProtocol","Guardian:TemporalShield","Guardian:PiercingHide","Guardian:PrismaticBeam+1","Guardian:BronzeArmor","Guardian:BronzeOrb","Guardian:SpikerProtocol","Guardian:ShieldCharger","Guardian:GemFire","Guardian:StasisEngine+1","Guardian:ShieldCharger+1","Guardian:BronzeOrb","Guardian:Orbwalk+1","Guardian:Repulse","Guardian:Repulse","Guardian:Orbwalk","Guardian:AncientConstruct","Guardian:Reroute","Guardian:PrismaticBeam+1","J.A.X.","Guardian:DonusPower+1","Guardian:Planning","Guardian:ArmoredProtocol","Guardian:GemFinder+1","Guardian:TimeCapacitor","Guardian:ArmoredProtocol+1","Guardian:Planning+1","Guardian:TemporalStrike","Guardian:Suspension+1","Guardian:Reroute","Guardian:EvasiveProtocol","Guardian:SentryBeam+1","Guardian:MultiBeam+1","Guardian:Gem_Red","Guardian:Gem_Fragmented","Guardian:Gem_Cyan","Guardian:TemporalShield+1"],"relics":["Runic Dome","ReplayTheSpireMod:Ninjato","Replay:Rubber Ducky","ReplayTheSpireMod:CursedCoin","Mummified Hand","Sozu","downfall:HeartBlessingRed","Lizard Tail","Strawberry","MutagenicStrength","downfall:HeartBlessingGreen","downfall:HeartBlessingBlue","Guardian:SackOfGems","Membership Card","Pen Nib","Replay:Mystery Machine","Replay:Grab Bag","Guardian:StasisSlotReductionRelic","Painkiller Herb","Ring of Chaos","Strange Spoon","Gambling Chip","Bottled Tornado","ReplayTheSpireMod:Lightbulb","PreservedInsect","ReplayTheSpireMod:TigerMarble","Medical Kit","Gremlin Food","BranchBurnRelic"],"acts_visited":["Exordium","TheCity","TheBeyond","TheEnding"],"potions_floor_usage":[10,10,16,22,55],"damage_taken":[{"damage":0,"enemies":"Cultist","floor":2,"turns":3},{"damage":13,"enemies":"Jaw Worm","floor":3,"turns":4},{"damage":0,"enemies":"2 Louse","floor":4,"turns":2},{"damage":7,"enemies":"Exordium Wildlife","floor":5,"turns":5},{"damage":7,"enemies":"2 Fungi Beasts","floor":6,"turns":4},{"damage":7,"enemies":"Exordium Wildlife","floor":8,"turns":4},{"damage":2,"enemies":"3 Louse","floor":9,"turns":6},{"damage":17,"enemies":"Gremlin Nob","floor":10,"turns":4},{"damage":0,"enemies":"downfall:FleeingMerchant","floor":12,"turns":4},{"damage":0,"enemies":"downfall:FleeingMerchant","floor":14,"turns":4},{"damage":8,"enemies":"Blue Slaver","floor":15,"turns":4},{"damage":5,"enemies":"downfall:Silent","floor":16,"turns":6},{"damage":0,"enemies":"Chosen","floor":19,"turns":4},{"damage":0,"enemies":"3 Byrds","floor":21,"turns":3},{"damage":0,"enemies":"downfall:FleeingMerchant","floor":22,"turns":4},{"damage":4,"enemies":"Book of Stabbing","floor":23,"turns":5},{"damage":0,"enemies":"Centurion and Healer","floor":25,"turns":6},{"damage":0,"enemies":"Gremlin Leader","floor":26,"turns":8},{"damage":4,"enemies":"Snecko","floor":27,"turns":3},{"damage":0,"enemies":"downfall:Augmenter","floor":28,"turns":4},{"damage":16,"enemies":"downfall:FleeingMerchant","floor":31,"turns":3},{"damage":14,"enemies":"Shelled Parasite and Fungi","floor":32,"turns":3},{"damage":8,"enemies":"downfall:Ironclad","floor":33,"turns":3},{"damage":0,"enemies":"2 Orb Walkers","floor":37,"turns":3},{"damage":0,"enemies":"3 Shapes","floor":38,"turns":4},{"damage":0,"enemies":"3 Darklings","floor":39,"turns":2},{"damage":3,"enemies":"Reptomancer","floor":40,"turns":4},{"damage":3,"enemies":"R_Hoarder","floor":43,"turns":6},{"damage":3,"enemies":"Maw","floor":44,"turns":3},{"damage":0,"enemies":"Sphere and 2 Shapes","floor":49,"turns":1},{"damage":0,"enemies":"downfall:Watcher","floor":50,"turns":3},{"damage":3,"enemies":"downfall:CharBossMerchant","floor":52,"turns":3},{"damage":12,"enemies":"downfall:NeowBoss","floor":55,"turns":11}],"seed_played":"3193760902600181970","potions_obtained":[{"floor":4,"key":"Elixir"},{"floor":5,"key":"CultistPotion"},{"floor":6,"key":"DistilledChaos"},{"floor":15,"key":"SkillPotion"},{"floor":16,"key":"Weak Potion"}],"is_trial":false,"path_per_floor":["R","M","M","M","M","M","T","M","M","E","?","$","R","$","M","B",null,"R","M","?","M","$","E","T","M","E","M","?","R","?","$","M","B",null,"T","T","?","?","?","E","T","T","E","?","T","T","?","T","?","B",null,"E","T","T","B",null],"character_chosen":"GUARDIAN","items_purchased":["ReplayTheSpireMod:CursedCoin","Mummified Hand","Guardian:SpikerProtocol","Guardian:Repulse","Membership Card","Pen Nib","Guardian:ArmoredProtocol","Guardian:Gem_Lightblue","Replay:Mystery Machine","Guardian:TimeCapacitor","Strange Spoon","Guardian:Gem_Lightblue","Dead Branch","Guardian:EvasiveProtocol","Medical Kit"],"campfire_rested":1,"item_purchase_floors":[12,12,12,22,31,31,31,31,31,36,36,36,46,46,48],"current_hp_per_floor":[80,80,67,67,60,53,53,46,44,27,27,27,51,51,43,38,80,80,80,65,65,65,61,61,61,68,64,64,74,74,58,44,36,102,102,102,102,102,102,99,99,99,96,93,93,93,68,68,68,68,102,99,99,99,94],"gold":3,"neow_bonus":"BOSS_RELIC","is_daily":false,"chose_seed":false,"campfire_upgraded":6,"win_rate":0.0,"timestamp":1609915844,"path_taken":["R","M","M","?","M","M","T","M","?","E","?","$","R","?","M","BOSS","R","M","?","M","$","E","T","M","E","M","?","R","?","$","M","BOSS","T","T","?","?","?","E","T","T","E","?","T","T","?","T","?","BOSS","E","T","T","BOSS"],"items_purchased_type":["Relic","Relic","Card","Card","Relic","Relic","Card","Card","Relic","Card","Relic","Card","Relic","Card","Relic"],"build_version":"2020-12-18","purchased_purges":2,"victory":true,"max_hp_per_floor":[80,80,80,80,80,80,80,80,80,80,80,80,80,80,80,80,80,80,80,85,85,85,85,85,85,92,92,92,102,102,102,102,102,102,102,102,102,102,102,102,102,102,102,102,102,102,102,102,102,102,102,102,102,102,102],"card_choices":[{"not_picked":["Guardian:ChargeCore","Guardian:ShieldCharger"],"picked":"Guardian:SpikerProtocol","floor":2},{"not_picked":["Guardian:Preprogram","Guardian:Gem_Lightblue"],"picked":"Guardian:TemporalShield","floor":3},{"not_picked":["Guardian:PiercingHide","Guardian:TemporalShield"],"picked":"Guardian:Gem_Orange","floor":4},{"not_picked":["Guardian:Repulse","Guardian:RollAttack"],"picked":"Guardian:Gem_Cyan","floor":5},{"not_picked":["Guardian:ShieldCharger","Guardian:VentSteam"],"picked":"Guardian:Gem_Green","floor":6},{"not_picked":["Guardian:ShieldCharger","Guardian:Orbwalk"],"picked":"Guardian:PiercingHide","floor":8},{"not_picked":["Guardian:Gem_Red","Guardian:SentryBeam"],"picked":"Guardian:PrismaticBeam","floor":9},{"not_picked":["Guardian:Gem_Yellow","Guardian:FuturePlans"],"picked":"Guardian:BronzeArmor","floor":10},{"not_picked":["Guardian:CrystalBeam","Guardian:TemporalStrike"],"picked":"Guardian:BronzeOrb","floor":12},{"not_picked":["Guardian:FloatingOrbs","Guardian:VentSteam"],"picked":"Guardian:ShieldCharger","floor":14},{"not_picked":["Guardian:RollAttack","Guardian:Preprogram"],"picked":"Guardian:GemFire","floor":15},{"not_picked":["Guardian:RevengeProtocol","Guardian:BaubleBeam"],"picked":"Guardian:StasisEngine","floor":16},{"not_picked":["Guardian:RollAttack","Guardian:Clone"],"picked":"Guardian:ShieldCharger+1","floor":19},{"not_picked":["Guardian:RefractedBeam","Guardian:Recover"],"picked":"Guardian:BronzeOrb","floor":21},{"not_picked":["Guardian:BaubleBeam","Guardian:PiercingHide"],"picked":"Guardian:Orbwalk+1","floor":22},{"not_picked":["Guardian:Gem_Cyan","Guardian:Recover"],"picked":"Guardian:Gem_Green","floor":23},{"not_picked":["Guardian:Gem_Yellow","Guardian:PrismaticBeam+1"],"picked":"Guardian:Orbwalk","floor":25},{"not_picked":["Guardian:Planning+1","Guardian:PrismaticBarrier+1"],"picked":"Guardian:Gem_Cyan","floor":26},{"not_picked":["Guardian:Gem_Lightblue","Guardian:Gem_Fragmented"],"picked":"Guardian:AncientConstruct","floor":27},{"not_picked":[],"picked":"J.A.X.","floor":28},{"not_picked":["Guardian:Recover","Guardian:SentryBeam"],"picked":"Guardian:DonusPower","floor":28},{"not_picked":["Guardian:Gem_Lightblue","Guardian:Incinerate+1"],"picked":"Guardian:Planning","floor":31},{"not_picked":["Guardian:SpikerProtocol","Guardian:TimeBomb+1"],"picked":"Guardian:Gem_Cyan","floor":32},{"not_picked":["Guardian:FastForward","Guardian:GatlingBeam"],"picked":"Guardian:GemFinder","floor":33},{"not_picked":["Guardian:WalkerClaw","Guardian:PrismaticBarrier+1"],"picked":"Guardian:ArmoredProtocol","floor":37},{"not_picked":["Guardian:PrimingBeam","Guardian:Preprogram+1"],"picked":"Guardian:Planning+1","floor":38},{"not_picked":["Guardian:Gem_Cyan","Guardian:Gem_Lightblue"],"picked":"Guardian:Gem_Red","floor":39},{"not_picked":["Guardian:PrimingBeam","Guardian:Planning+1"],"picked":"Guardian:TemporalStrike","floor":39},{"not_picked":["Guardian:PrimingBeam","Guardian:PolyBeam+1"],"picked":"Guardian:Suspension+1","floor":40},{"not_picked":["Guardian:Gem_Lightblue","Guardian:Gem_Cyan"],"picked":"Guardian:Gem_Red","floor":43},{"not_picked":["Guardian:Gem_Cyan","Guardian:WalkerClaw"],"picked":"Guardian:Gem_Green","floor":43},{"not_picked":["Guardian:Gem_Cyan","Guardian:Gem_Lightblue"],"picked":"Guardian:Gem_Red","floor":44},{"not_picked":["Guardian:GatlingBeam","Guardian:TemporalShield"],"picked":"Guardian:Reroute","floor":44},{"not_picked":["Guardian:PrimingBeam","Guardian:Incinerate"],"picked":"Guardian:SentryBeam+1","floor":47},{"not_picked":["Guardian:VentSteam+1","Guardian:ChargeCore+1"],"picked":"Guardian:MultiBeam+1","floor":47},{"not_picked":["Guardian:Gem_Green","Guardian:Gem_Cyan"],"picked":"Guardian:Gem_Red","floor":49},{"not_picked":["Guardian:Gem_Cyan","Guardian:FloatingOrbs"],"picked":"Guardian:Gem_Fragmented","floor":49},{"not_picked":["Guardian:Gem_Lightblue","Guardian:Gem_Green"],"picked":"Guardian:Gem_Cyan","floor":52},{"not_picked":["Guardian:ShieldSpikes","Guardian:MultiBeam"],"picked":"Guardian:TemporalShield+1","floor":52}],"player_experience":551427,"relics_obtained":[{"floor":7,"key":"ReplayTheSpireMod:Ninjato"},{"floor":10,"key":"Replay:Rubber Ducky"},{"floor":23,"key":"Lizard Tail"},{"floor":26,"key":"Strawberry"},{"floor":28,"key":"MutagenicStrength"},{"floor":37,"key":"Gambling Chip"},{"floor":40,"key":"Bottled Tornado"},{"floor":41,"key":"ReplayTheSpireMod:Lightbulb"},{"floor":43,"key":"PreservedInsect"},{"floor":47,"key":"ReplayTheSpireMod:TigerMarble"},{"floor":52,"key":"Gremlin Food"}],"event_choices":[{"damage_healed":0,"gold_gain":0,"player_choice":"Stole Relic","damage_taken":0,"relics_obtained":["Guardian:SackOfGems"],"max_hp_gain":0,"max_hp_loss":0,"event_name":"Addict","floor":30,"gold_loss":0,"cards_obtained":["Shame"]},{"damage_healed":0,"gold_gain":0,"player_choice":"Fight","damage_taken":0,"max_hp_gain":0,"max_hp_loss":0,"event_name":"Mysterious Sphere","floor":37,"gold_loss":0}],"is_beta":true,"boss_relics":[{"not_picked":["Busted Crown","Replay:Bronze Core"],"picked":"Sozu"},{"not_picked":["Black Star","Honey Jar"],"picked":"Replay:Grab Bag"},{"not_picked":["ReplayTheSpireMod:Onyx Gauntlets","Cursed Key"],"picked":"Guardian:StasisSlotReductionRelic"},{"not_picked":["Replay:Fungal Core","Replay:Wanted Poster"],"picked":"Painkiller Herb"},{"not_picked":["Empty Cage","Pandora\u0027s Box"],"picked":"Ring of Chaos"}],"items_purged_floors":[31,53],"is_endless":false,"potions_floor_spawned":[4,5,6,15,16,23,25,26,32,38,39,43],"ascension_level":2}}