{"host":"qhn6g0owdgjb77rz","time":1609910380,"event":{"mods":["BaseMod","BetterRewards","Colored Map","Minty Spire (QoL Compilation)","Relic Sorter","Replay The Spire","StSLib"],"gold_per_floor":[116,126,142,152,204,204,204],"floor_reached":6,"playtime":471,"items_purged":[],"score":63,"play_id":"fa9ffe9c-84d7-4089-a205-c3696486dd30","local_time":"20210106141940","is_ascension_mode":true,"campfire_choices":[],"circlet_count":0,"master_deck":["AscendersBane","Strike_R","Strike_R","Strike_R","Strike_R","Strike_R","Defend_R","Defend_R","Defend_R","Defend_R","Bash","Entrench","Body Slam","Body Slam","Iron Wave","Blind","True Grit","Body Slam","Rage"],"relics":["Burning Blood","Orrery","Question Card"],"acts_visited":["Exordium"],"potions_floor_usage":[],"damage_taken":[{"damage":9.0,"enemies":"Cultist","floor":1.0,"turns":5.0},{"damage":2.0,"enemies":"Jaw Worm","floor":2.0,"turns":4.0},{"damage":1.0,"enemies":"Small Slimes","floor":3.0,"turns":5.0},{"damage":6.0,"enemies":"2 Fungi Beasts","floor":4.0,"turns":4.0},{"damage":58,"enemies":"Replay:BlueRogue","floor":6,"turns":13}],"seed_played":"6212925709442804269","potions_obtained":[],"is_trial":false,"path_per_floor":["M","M","M","M","?","E"],"character_chosen":"IRONCLAD","items_purchased":["Entrench","Body Slam","Orrery","Blind","CultistPotion","Swift Potion"],"campfire_rested":0,"item_purchase_floors":[0,0,0,0,0,0],"current_hp_per_floor":[69,73,78,78,58,0,0],"gold":204,"neow_bonus":"","is_daily":false,"chose_seed":false,"campfire_upgraded":0,"win_rate":0.0,"timestamp":1609910380,"path_taken":["M","M","M","M","?","E"],"items_purchased_type":["Card","Card","Relic","Card","Potion","Potion"],"build_version":"2020-12-22","purchased_purges":0,"victory":false,"max_hp_per_floor":[80,80,80,80,80,80,80],"card_choices":[{"not_picked":["Blood for Blood","Flex"],"picked":"Iron Wave","floor":0.0},{"not_picked":["Bludgeon","Heavy Blade","Infernal Blade"],"picked":"SKIP","floor":1.0},{"not_picked":["Wild Strike","Replay:Undeath\u0027s Touch","Fire Breathing"],"picked":"SKIP","floor":2.0},{"not_picked":["Rage","Cleave","Rupture"],"picked":"SKIP","floor":3.0},{"not_picked":["Wild Strike","Twin Strike"],"picked":"True Grit","floor":4.0},{"not_picked":["Defy Death","ReplayTheSpireMod:Strike From Hell"],"picked":"Body Slam","floor":5.0},{"not_picked":["Reckless Charge","Uppercut"],"picked":"Rage","floor":5.0}],"player_experience":399260,"relics_obtained":[{"floor":5.0,"key":"Question Card"}],"event_choices":[],"is_beta":false,"boss_relics":[],"items_purged_floors":[],"is_endless":false,"potions_floor_spawned":[1],"killed_by":"Replay:BlueRogue","ascension_level":13}}