{"host":"8u7tvcybuv0u72fd","time":1609915405,"event":{"mods":["BaseMod","BetterRewards","Colored Map","Colored Powertips","Minty Spire (QoL Compilation)","Quick Restart","Shop Mod"],"gold_per_floor":[39,39,14,14,25,56,56,66,91,121,139,139,156,171,171,268,268,285,210,210,210,223,223,223,250,250,250,269,283,283,205,205,300,300,315,328,328,19,31,31,48,64,64,64,75,75,100,118,118,118,118,118,4,29,29],"floor_reached":56,"playtime":3047,"items_purged":["Strike_R","Defend_R"],"score":1634,"play_id":"3aeadb56-dd6e-4d5c-ad66-7b650c7e1899","local_time":"20210106014325","is_ascension_mode":false,"campfire_choices":[{"data":"Rampage","floor":7.0,"key":"SMITH"},{"data":"Berserk","floor":12.0,"key":"SMITH"},{"data":"Body Slam","floor":15.0,"key":"SMITH"},{"data":"Shrug It Off","floor":23.0,"key":"SMITH"},{"data":"Barricade","floor":27.0,"key":"SMITH"},{"data":"Bash","floor":30.0,"key":"SMITH"},{"data":"Clash","floor":32.0,"key":"SMITH"},{"data":"Entrench","floor":40,"key":"SMITH"},{"data":"Flame Barrier","floor":44,"key":"SMITH"},{"data":"True Grit","floor":46,"key":"SMITH"},{"floor":49,"key":"RECALL"},{"data":"Defend_R","floor":52,"key":"SMITH"}],"circlet_count":0,"master_deck":["Strike_R","Strike_R","Strike_R+1","Defend_R+1","Defend_R+1","Bash+1","Shrug It Off+1","Cleave+1","Uppercut+1","Rampage+1","Berserk+1","Clash+1","Body Slam+1","Barricade+1","Seeing Red+1","Iron Wave+1","Entrench+1","Flame Barrier+1","True Grit+1"],"relics":["Burning Blood","Membership Card","Bag of Preparation","MerchantsRug","Pocketwatch","Lizard Tail","Shuriken","Nunchaku","Black Star","Paper Frog","Lantern","Medical Kit","Vajra","SlaversCollar","Oddly Smooth Stone","HornCleat","ClockworkSouvenir","Akabeko","Kunai","Turnip","Mummified Hand","Pantograph","War Paint"],"acts_visited":["Exordium","TheCity","TheBeyond","TheEnding"],"potions_floor_usage":[35,55,55,55],"damage_taken":[{"damage":0.0,"enemies":"Small Slimes","floor":1.0,"turns":4.0},{"damage":0.0,"enemies":"Cultist","floor":5.0,"turns":3.0},{"damage":18.0,"enemies":"3 Sentries","floor":6.0,"turns":7.0},{"damage":0.0,"enemies":"Jaw Worm","floor":8.0,"turns":2.0},{"damage":4.0,"enemies":"Gremlin Nob","floor":10.0,"turns":3.0},{"damage":6.0,"enemies":"Looter","floor":11.0,"turns":2.0},{"damage":8.0,"enemies":"Blue Slaver","floor":13.0,"turns":3.0},{"damage":10.0,"enemies":"Exordium Thugs","floor":14.0,"turns":3.0},{"damage":3.0,"enemies":"Slime Boss","floor":16.0,"turns":6.0},{"damage":1.0,"enemies":"Chosen","floor":18.0,"turns":3.0},{"damage":2.0,"enemies":"Shell Parasite","floor":22.0,"turns":3.0},{"damage":11.0,"enemies":"Gremlin Leader","floor":25.0,"turns":4.0},{"damage":0.0,"enemies":"Centurion and Healer","floor":28.0,"turns":4.0},{"damage":0.0,"enemies":"Snecko","floor":29.0,"turns":2.0},{"damage":20.0,"enemies":"Collector","floor":33.0,"turns":7.0},{"damage":0,"enemies":"3 Darklings","floor":35,"turns":5},{"damage":5,"enemies":"3 Shapes","floor":36,"turns":5},{"damage":0,"enemies":"Transient","floor":39,"turns":5},{"damage":0,"enemies":"Spire Growth","floor":41,"turns":4},{"damage":0,"enemies":"Sphere and 2 Shapes","floor":42,"turns":4},{"damage":6,"enemies":"4 Shapes","floor":45,"turns":5},{"damage":0,"enemies":"Nemesis","floor":47,"turns":5},{"damage":0,"enemies":"Transient","floor":48,"turns":5},{"damage":0,"enemies":"Time Eater","floor":50,"turns":6},{"damage":0,"enemies":"Shield and Spear","floor":54,"turns":8},{"damage":43,"enemies":"The Heart","floor":55,"turns":10}],"seed_played":"6832545319709421633","potions_obtained":[{"floor":2.0,"key":"Regen Potion"},{"floor":2.0,"key":"BloodPotion"},{"floor":2.0,"key":"ElixirPotion"},{"floor":5.0,"key":"LiquidBronze"},{"floor":10.0,"key":"ColorlessPotion"},{"floor":22.0,"key":"Dexterity Potion"},{"floor":28.0,"key":"Ancient Potion"},{"floor":33.0,"key":"DuplicationPotion"},{"floor":36,"key":"FearPotion"},{"floor":39,"key":"PowerPotion"}],"is_trial":false,"path_per_floor":["M","?","$","?","M","E","R","M","T","E","M","R","M","M","R","B",null,"M","?","?","T","M","R","?","E","T","R","M","M","R","$","R","B",null,"M","M","?","$","M","R","M","M","T","R","M","R","E","M","R","B",null,"R","$","E","B",null],"character_chosen":"IRONCLAD","items_purchased":["Membership Card","Blue Candle","Bag of Preparation","MerchantsRug","Shuriken","Shrug It Off","Cleave","Weak Potion","Medical Kit","Vajra","Oddly Smooth Stone","HornCleat","Entrench","Flame Barrier","ClockworkSouvenir","Turnip","Mummified Hand"],"campfire_rested":0,"item_purchase_floors":[0,0,0,0,0,0,0,3,31,31,38,38,38,38,38,53,53],"current_hp_per_floor":[46,46,62,62,68,71,71,77,84,86,86,86,84,80,80,83,87,87,87,87,87,87,87,87,82,82,82,87,87,87,87,87,73,87,87,87,87,87,87,87,87,87,87,87,87,87,87,87,87,87,87,87,87,87,50],"gold":29,"neow_bonus":"","is_daily":false,"chose_seed":false,"campfire_upgraded":11,"win_rate":0.0,"timestamp":1609915405,"path_taken":["M","?","?","?","M","E","R","M","T","E","?","R","M","M","R","BOSS","M","?","?","?","?","R","?","E","T","R","M","M","R","$","R","BOSS","M","M","?","$","M","R","M","M","T","R","M","R","E","M","R","BOSS","R","$","E","BOSS"],"items_purchased_type":["Relic","Relic","Relic","Relic","Relic","Card","Card","Potion","Relic","Relic","Relic","Relic","Card","Card","Relic","Relic","Relic"],"build_version":"2020-12-22","purchased_purges":2,"victory":true,"max_hp_per_floor":[80,80,80,80,80,80,80,80,87,87,87,87,87,87,87,87,87,87,87,87,87,87,87,87,87,87,87,87,87,87,87,87,87,87,87,87,87,87,87,87,87,87,87,87,87,87,87,87,87,87,87,87,87,87,87],"card_choices":[{"not_picked":["Pummel","Flex"],"picked":"Uppercut","floor":1.0},{"not_picked":["Warcry","Armaments"],"picked":"Rampage","floor":5.0},{"not_picked":["Juggernaut","Heavy Blade","Ghostly Armor"],"picked":"SKIP","floor":6.0},{"not_picked":["Dual Wield","Sword Boomerang","Iron Wave"],"picked":"SKIP","floor":8.0},{"not_picked":["Armaments","Rupture"],"picked":"Berserk","floor":10.0},{"not_picked":["Flame Barrier","Hemokinesis"],"picked":"Clash","floor":11.0},{"not_picked":["Flex","Heavy Blade"],"picked":"Body Slam","floor":13.0},{"not_picked":["Entrench","Thunderclap","Perfected Strike"],"picked":"SKIP","floor":14.0},{"not_picked":["Dark Embrace+1","Havoc","Thunderclap"],"picked":"SKIP","floor":18.0},{"not_picked":["Warcry","Twin Strike","Sentinel"],"picked":"SKIP","floor":22.0},{"not_picked":["Uppercut","Reckless Charge"],"picked":"Barricade","floor":25.0},{"not_picked":["Clash","Heavy Blade"],"picked":"Seeing Red+1","floor":28.0},{"not_picked":["Shockwave","Sever Soul","Thunderclap+1"],"picked":"SKIP","floor":29.0},{"not_picked":["True Grit+1","Carnage"],"picked":"Iron Wave+1","floor":35},{"not_picked":["Flex","Dual Wield","Combust+1"],"picked":"SKIP","floor":36},{"not_picked":["Combust","Armaments+1","True Grit"],"picked":"SKIP","floor":39},{"not_picked":["Combust","Armaments+1"],"picked":"True Grit","floor":39},{"not_picked":["Clothesline","Perfected Strike+1","Juggernaut"],"picked":"SKIP","floor":41},{"not_picked":["Anger","Twin Strike","True Grit"],"picked":"SKIP","floor":42},{"not_picked":["Twin Strike+1","Rampage+1","Armaments","Uppercut+1"],"picked":"SKIP","floor":45},{"not_picked":["Anger","Feed","Seeing Red","Cleave+1"],"picked":"SKIP","floor":47},{"not_picked":["Wild Strike","Shrug It Off+1","Cleave+1","Clash+1"],"picked":"SKIP","floor":48},{"not_picked":["Pummel+1","Hemokinesis+1","Immolate"],"picked":"SKIP","floor":54}],"player_experience":1265438,"relics_obtained":[{"floor":6.0,"key":"Nunchaku"},{"floor":9.0,"key":"Strawberry"},{"floor":10.0,"key":"Smiling Mask"},{"floor":21.0,"key":"Paper Frog"},{"floor":25.0,"key":"Lantern"},{"floor":25.0,"key":"Whetstone"},{"floor":43,"key":"Question Card"},{"floor":47,"key":"Akabeko"},{"floor":47,"key":"Kunai"},{"floor":54,"key":"Pantograph"},{"floor":54,"key":"War Paint"}],"event_choices":[{"damage_healed":0.0,"max_hp_gain":0.0,"max_hp_loss":0.0,"gold_gain":0.0,"event_name":"Lab","player_choice":"Got Potions","floor":2.0,"gold_loss":0.0,"damage_taken":0.0},{"damage_healed":0.0,"max_hp_gain":0.0,"max_hp_loss":0.0,"gold_gain":0.0,"event_name":"Upgrade Shrine","player_choice":"Upgraded","floor":4.0,"gold_loss":0.0,"damage_taken":0.0,"cards_upgraded":["Uppercut"]},{"cards_removed":["Strike_R"],"damage_healed":0.0,"max_hp_gain":0.0,"max_hp_loss":0.0,"gold_gain":0.0,"event_name":"Beggar","player_choice":"Gave Gold","floor":19.0,"gold_loss":75.0,"damage_taken":0.0},{"damage_healed":0.0,"max_hp_gain":0.0,"max_hp_loss":0.0,"gold_gain":0.0,"event_name":"Ghosts","player_choice":"Ignored","floor":20.0,"gold_loss":0.0,"damage_taken":0.0},{"damage_healed":0.0,"max_hp_gain":0.0,"max_hp_loss":0.0,"gold_gain":0.0,"event_name":"Vampires","player_choice":"Ignored","floor":24.0,"gold_loss":0.0,"damage_taken":0.0},{"cards_removed":["Defend_R"],"damage_healed":0,"gold_gain":0,"player_choice":"Removed Skill","damage_taken":0,"max_hp_gain":0,"max_hp_loss":0,"event_name":"Falling","floor":37,"gold_loss":0}],"is_beta":false,"boss_relics":[{"not_picked":["Ectoplasm","Snecko Eye"],"picked":"Black Star"},{"not_picked":["Astrolabe","Runic Dome"],"picked":"SlaversCollar"}],"items_purged_floors":[0,0],"is_endless":false,"potions_floor_spawned":[5,10,13,22,28,29,33,36,39,47],"ascension_level":0}}