{"host":"irrk4zqlyqwf1lii","time":1609951456,"event":{"mods":["BaseMod","Minty Spire (QoL Compilation)","Say the Spire","StSLib"],"gold_per_floor":[110,127,142,157,171,171,15,190,190,190,210,210,229,246,246,246,246],"floor_reached":16,"playtime":626,"items_purged":[],"score":96,"play_id":"1766cb9a-5d57-4009-8cda-66ad770afa61","local_time":"20210107004416","is_ascension_mode":false,"campfire_choices":[{"data":"Body Slam","floor":6,"key":"SMITH"},{"data":"Armaments","floor":10,"key":"SMITH"},{"data":"Feel No Pain","floor":12,"key":"SMITH"},{"data":"Shrug It Off","floor":15,"key":"SMITH"}],"circlet_count":0,"master_deck":["Strike_R","Strike_R","Strike_R","Strike_R","Strike_R","Defend_R","Defend_R","Defend_R","Defend_R","Bash","Fiend Fire","Body Slam+1","Feel No Pain+1","Armaments+1","Doubt","Shrug It Off+1","Shrug It Off"],"relics":["Burning Blood","Orichalcum","Bottled Tornado"],"acts_visited":["Exordium"],"potions_floor_usage":[11,11,16,16],"damage_taken":[{"damage":6,"enemies":"Cultist","floor":1,"turns":3},{"damage":2,"enemies":"Small Slimes","floor":2,"turns":4},{"damage":0,"enemies":"2 Louse","floor":3,"turns":2},{"damage":29,"enemies":"Gremlin Gang","floor":4,"turns":7},{"damage":18,"enemies":"Exordium Thugs","floor":5,"turns":5},{"damage":10,"enemies":"Large Slime","floor":11,"turns":7},{"damage":12,"enemies":"Exordium Wildlife","floor":13,"turns":8},{"damage":1,"enemies":"2 Fungi Beasts","floor":14,"turns":4},{"damage":47,"enemies":"The Guardian","floor":16,"turns":14}],"seed_played":"642439640607906007","potions_obtained":[{"floor":3,"key":"DuplicationPotion"},{"floor":5,"key":"BlessingOfTheForge"},{"floor":13,"key":"ColorlessPotion"},{"floor":14,"key":"Fire Potion"}],"is_trial":false,"path_per_floor":["M","M","M","M","M","R","$","?","T","R","M","R","M","M","R","B"],"character_chosen":"IRONCLAD","items_purchased":["Orichalcum"],"campfire_rested":0,"item_purchase_floors":[7],"current_hp_per_floor":[80,80,80,57,45,45,45,45,45,45,41,41,35,40,40,0,0],"gold":246,"neow_bonus":"ONE_RANDOM_RARE_CARD","is_daily":false,"chose_seed":false,"campfire_upgraded":4,"win_rate":0.0,"timestamp":1609951456,"path_taken":["M","M","M","M","?","R","$","?","T","R","M","R","M","M","R","BOSS"],"items_purchased_type":["Relic"],"build_version":"2020-12-22","purchased_purges":0,"victory":false,"max_hp_per_floor":[80,80,80,80,80,80,80,80,80,80,80,80,80,80,80,80,80],"card_choices":[{"not_picked":["Clothesline","Blood for Blood"],"picked":"Body Slam","floor":1},{"not_picked":["Flex","Clothesline"],"picked":"Feel No Pain","floor":2},{"not_picked":["Warcry","Fire Breathing","Spot Weakness"],"picked":"SKIP","floor":3},{"not_picked":["Seeing Red","Perfected Strike"],"picked":"Armaments","floor":4},{"not_picked":["Flex","Heavy Blade","Double Tap"],"picked":"SKIP","floor":5},{"not_picked":["Seeing Red","Twin Strike","Feel No Pain"],"picked":"SKIP","floor":11},{"not_picked":["Thunderclap","Warcry"],"picked":"Shrug It Off","floor":13},{"not_picked":["Inflame","Uppercut"],"picked":"Shrug It Off","floor":14}],"player_experience":131092,"relics_obtained":[{"floor":9,"key":"Bottled Tornado"}],"event_choices":[{"damage_healed":0,"gold_gain":175,"player_choice":"AGREE","damage_taken":0,"max_hp_gain":0,"max_hp_loss":0,"event_name":"Liars Game","floor":8,"gold_loss":0,"cards_obtained":["Doubt"]}],"is_beta":false,"boss_relics":[],"items_purged_floors":[],"is_endless":false,"potions_floor_spawned":[3,5,13,14],"killed_by":"The Guardian","ascension_level":0}}