{"host":"gl7gfqdgzaxu5sie","time":1609928888,"event":{"mods":["AchievementEnabler","BaseMod","Colored Map","DeckTracker","Minty Spire (QoL Compilation)"],"gold_per_floor":[117,132,150,166,131,158,158,158,158,178,192,204,204,221,221,221,221],"floor_reached":16,"playtime":702,"items_purged":[],"score":159,"play_id":"659ee880-8f6c-4526-98b3-4cc64a498e35","local_time":"20210106192808","is_ascension_mode":true,"campfire_choices":[{"data":"Bash","floor":7,"key":"SMITH"},{"floor":15,"key":"REST"}],"circlet_count":0,"master_deck":["AscendersBane","Strike_R","Strike_R","Strike_R","Strike_R","Strike_R","Defend_R","Defend_R","Defend_R","Bash+1","Perfected Strike","Shrug It Off","Twin Strike","Perfected Strike","Power Through","Carnage","Dark Embrace","Wild Strike","Ghostly Armor"],"relics":["Burning Blood","Orichalcum","Unceasing Top","Kunai"],"acts_visited":["Exordium"],"potions_floor_usage":[16],"damage_taken":[{"damage":7,"enemies":"Small Slimes","floor":1,"turns":4},{"damage":5,"enemies":"2 Louse","floor":2,"turns":4},{"damage":0,"enemies":"Cultist","floor":3,"turns":3},{"damage":26,"enemies":"Exordium Thugs","floor":4,"turns":5},{"damage":50,"enemies":"Lagavulin","floor":6,"turns":8},{"damage":8,"enemies":"Large Slime","floor":10,"turns":6},{"damage":22,"enemies":"Lots of Slimes","floor":11,"turns":5},{"damage":5,"enemies":"Red Slaver","floor":12,"turns":4},{"damage":2,"enemies":"3 Louse","floor":14,"turns":3},{"damage":46,"enemies":"The Guardian","floor":16,"turns":15}],"seed_played":"-4367310211492670765","potions_obtained":[{"floor":3,"key":"Swift Potion"},{"floor":10,"key":"Fire Potion"},{"floor":11,"key":"EssenceOfSteel"}],"is_trial":false,"path_per_floor":["M","M","M","M","?","E","R","?","T","M","M","M","?","M","R","B"],"character_chosen":"IRONCLAD","items_purchased":[],"campfire_rested":1,"item_purchase_floors":[],"current_hp_per_floor":[79,80,86,66,88,44,44,32,32,30,14,15,15,19,45,0,0],"gold":221,"neow_bonus":"TEN_PERCENT_HP_BONUS","is_daily":false,"chose_seed":false,"campfire_upgraded":1,"win_rate":0.0,"timestamp":1609928888,"path_taken":["M","M","M","M","?","E","R","?","T","M","M","M","?","?","R","BOSS"],"items_purchased_type":[],"build_version":"2020-12-22","purchased_purges":0,"victory":false,"max_hp_per_floor":[88,88,88,88,88,88,88,88,88,88,88,88,88,88,88,88,88],"card_choices":[{"not_picked":["Clash","Sever Soul"],"picked":"Perfected Strike","floor":1},{"not_picked":["Clash","Burning Pact"],"picked":"Shrug It Off","floor":2},{"not_picked":["Evolve","Metallicize"],"picked":"Twin Strike","floor":3},{"not_picked":["Intimidate","Hemokinesis"],"picked":"Perfected Strike","floor":4},{"not_picked":["True Grit","Carnage"],"picked":"Power Through","floor":6},{"not_picked":["Headbutt","True Grit"],"picked":"Carnage","floor":10},{"not_picked":["Cleave","Heavy Blade"],"picked":"Dark Embrace","floor":11},{"not_picked":["Combust","Perfected Strike"],"picked":"Wild Strike","floor":12},{"not_picked":["Inflame","Sword Boomerang"],"picked":"Ghostly Armor","floor":14}],"player_experience":569888,"relics_obtained":[{"floor":6,"key":"Orichalcum"},{"floor":9,"key":"Kunai"}],"event_choices":[{"damage_healed":22,"gold_gain":0,"player_choice":"Healed","damage_taken":0,"max_hp_gain":0,"max_hp_loss":0,"event_name":"The Cleric","floor":5,"gold_loss":35},{"damage_healed":0,"gold_gain":0,"player_choice":"Success","damage_taken":12,"relics_obtained":["Unceasing Top"],"max_hp_gain":0,"max_hp_loss":0,"event_name":"Scrap Ooze","floor":8,"gold_loss":0},{"cards_removed":["Defend_R"],"damage_healed":0,"gold_gain":0,"player_choice":"Purged","damage_taken":0,"max_hp_gain":0,"max_hp_loss":0,"event_name":"Purifier","floor":13,"gold_loss":0}],"is_beta":false,"boss_relics":[],"items_purged_floors":[],"is_endless":false,"potions_floor_spawned":[3,10,11,12,14],"killed_by":"The Guardian","ascension_level":10}}