{"host":"gkm149kh1ihaqy0o","time":1609891710,"event":{"mods":["AchievementEnabler","BaseMod","Colored Powertips","Googly Eyes","Key Reminder","Minty Spire (QoL Compilation)","Permanent Neow","Quick Restart","Random Character Button","Rare Cards Sparkle","Relic Sorter","Relic Stats","SuperFastMode","Unceasing Turn Reminder","everything is the same but u backflip on backflip"],"gold_per_floor":[119,139,153,4,23,23,49,61,61,61,95,95,95,95,95,191,191,205,205,221,146,146,146],"floor_reached":22,"playtime":663,"items_purged":[],"score":344,"play_id":"e60c7623-8a4b-402d-b889-59d95eee0290","local_time":"20210105180830","is_ascension_mode":true,"campfire_choices":[{"floor":6,"key":"REST"},{"floor":10,"key":"REST"},{"floor":15,"key":"REST"}],"circlet_count":0,"master_deck":["Strike_B","Strike_B","Defend_B","Defend_B","Defend_B","Defend_B","Zap+1","Dualcast","Sunder","Loop","Doom and Gloom","Tempest","Creative AI+1","Hologram","Steam+1","Fission+1","Beam Cell+1","Coolheaded+1"],"relics":["Cracked Core","OrangePellets","HornCleat","Toxic Egg 2","Mummified Hand","Coffee Dripper"],"acts_visited":["Exordium","TheCity"],"potions_floor_usage":[11,11,14,20],"damage_taken":[{"damage":4,"enemies":"2 Louse","floor":1,"turns":2},{"damage":7,"enemies":"Small Slimes","floor":2,"turns":2},{"damage":7,"enemies":"Jaw Worm","floor":3,"turns":3},{"damage":11,"enemies":"Blue Slaver","floor":5,"turns":4},{"damage":30,"enemies":"Lagavulin","floor":7,"turns":6},{"damage":10,"enemies":"Large Slime","floor":8,"turns":5},{"damage":18,"enemies":"Gremlin Nob","floor":11,"turns":4},{"damage":0,"enemies":"Exordium Wildlife","floor":14,"turns":1},{"damage":0,"enemies":"Slime Boss","floor":16,"turns":5},{"damage":17,"enemies":"3 Byrds","floor":18,"turns":5},{"damage":29,"enemies":"2 Thieves","floor":20,"turns":4},{"damage":8,"enemies":"Shelled Parasite and Fungi","floor":22,"turns":3}],"seed_played":"-1264211908408022480","potions_obtained":[{"floor":1,"key":"SmokeBomb"},{"floor":7,"key":"Fire Potion"},{"floor":8,"key":"Energy Potion"},{"floor":16,"key":"PotionOfCapacity"},{"floor":18,"key":"AttackPotion"}],"is_trial":false,"path_per_floor":["M","M","M","$","M","R","E","M","T","R","E","?","?","M","R","B",null,"M","?","M","?","M"],"character_chosen":"DEFECT","items_purchased":["OrangePellets"],"campfire_rested":3,"item_purchase_floors":[4],"current_hp_per_floor":[64,57,50,50,39,61,31,21,21,43,25,18,18,18,40,40,66,49,35,6,6,0,0],"gold":146,"neow_bonus":"UPGRADE_CARD","is_daily":false,"chose_seed":false,"campfire_upgraded":0,"win_rate":0.0,"timestamp":1609891710,"path_taken":["M","M","M","$","M","R","E","M","T","R","E","?","?","M","R","BOSS","M","?","M","?","M"],"items_purchased_type":["Relic"],"build_version":"2020-12-22","purchased_purges":0,"victory":false,"max_hp_per_floor":[75,75,75,75,75,75,75,75,75,75,75,75,75,75,75,75,75,75,80,80,80,80,80],"relic_stats":{"OrangePellets":[3],"counters":[12,44],"Mummified Hand":[17],"obtain_stats":[{"OrangePellets":4,"HornCleat":7,"Mummified Hand":11,"Coffee Dripper":17,"Toxic Egg 2":9,"Cracked Core":0},{"OrangePellets":3,"HornCleat":5,"Mummified Hand":7,"Coffee Dripper":9,"Toxic Egg 2":6,"Cracked Core":0},{"OrangePellets":7,"HornCleat":17,"Mummified Hand":26,"Coffee Dripper":32,"Toxic Egg 2":22,"Cracked Core":0}]},"card_choices":[{"not_picked":["Compile Driver","Hologram"],"picked":"Sunder","floor":1},{"not_picked":["Coolheaded","Hologram"],"picked":"Loop","floor":2},{"not_picked":["Rip and Tear","Beam Cell"],"picked":"Doom and Gloom","floor":3},{"not_picked":["Capacitor","Hello World"],"picked":"Tempest","floor":5},{"not_picked":["Sweeping Beam","Reprogram"],"picked":"Creative AI","floor":7},{"not_picked":["Gash","Compile Driver"],"picked":"Hologram","floor":8},{"not_picked":["Beam Cell","Streamline"],"picked":"Steam+1","floor":11},{"not_picked":["Thunder Strike","Hyperbeam"],"picked":"Fission+1","floor":16},{"not_picked":["Consume+1","Stack+1"],"picked":"Beam Cell+1","floor":18},{"not_picked":["Compile Driver+1","Streamline+1"],"picked":"Coolheaded+1","floor":20}],"player_experience":615155,"relics_obtained":[{"floor":7,"key":"HornCleat"},{"floor":9,"key":"Toxic Egg 2"},{"floor":11,"key":"Mummified Hand"}],"event_choices":[{"cards_removed":["Strike_B"],"damage_healed":0,"gold_gain":0,"player_choice":"Card Removal","damage_taken":7,"max_hp_gain":0,"max_hp_loss":0,"event_name":"Golden Wing","floor":12,"gold_loss":0},{"damage_healed":0,"gold_gain":0,"player_choice":"Grow","damage_taken":0,"max_hp_gain":0,"max_hp_loss":0,"event_name":"Living Wall","floor":13,"gold_loss":0,"cards_upgraded":["Creative AI"]},{"damage_healed":0,"gold_gain":0,"player_choice":"Shed Blood","damage_taken":19,"max_hp_gain":5,"max_hp_loss":0,"event_name":"Forgotten Altar","floor":19,"gold_loss":0},{"cards_removed":["Strike_B"],"damage_healed":0,"gold_gain":0,"player_choice":"Gave Gold","damage_taken":0,"max_hp_gain":0,"max_hp_loss":0,"event_name":"Beggar","floor":21,"gold_loss":75}],"is_beta":false,"boss_relics":[{"not_picked":["SlaversCollar","Calling Bell"],"picked":"Coffee Dripper"}],"items_purged_floors":[],"is_endless":false,"potions_floor_spawned":[1,7,8,14,16,18],"killed_by":"Shelled Parasite and Fungi","ascension_level":8}}