{"host":"j4g6ia6asvpyu2b0","time":1609933604,"event":{"mods":["BaseMod","Colored Map","Minty Spire (QoL Compilation)","Permanent Neow","Quick Restart","Relic Stats","StSLib","Unceasing Turn Reminder"],"gold_per_floor":[119,119,132,207,225,258,278,311,311,311,311,322,357,382,382,382,382],"floor_reached":16,"playtime":502,"items_purged":[],"score":189,"play_id":"c7545b97-4426-41c6-a383-a2986c623bdf","local_time":"20210106044644","is_ascension_mode":true,"campfire_choices":[{"data":"BattleHymn","floor":11,"key":"SMITH"},{"data":"WaveOfTheHand","floor":15,"key":"SMITH"}],"circlet_count":0,"master_deck":["Strike_P","Strike_P","Strike_P","Strike_P","Defend_P","Defend_P","Defend_P","Eruption+1","Vigilance","WaveOfTheHand+1","BattleHymn+1","SashWhip","ReachHeaven","Evaluate","Adaptation","Crescendo","Devotion","Prostrate"],"relics":["Sozu","Nunchaku","Happy Flower","Pear","WingedGreaves","Lantern"],"acts_visited":["Exordium"],"potions_floor_usage":[],"damage_taken":[{"damage":0,"enemies":"Cultist","floor":1,"turns":3},{"damage":0,"enemies":"Jaw Worm","floor":3,"turns":4},{"damage":0,"enemies":"2 Louse","floor":5,"turns":2},{"damage":0,"enemies":"Lagavulin","floor":6,"turns":3},{"damage":2,"enemies":"Looter","floor":7,"turns":2},{"damage":9,"enemies":"Gremlin Nob","floor":8,"turns":3},{"damage":12,"enemies":"2 Fungi Beasts","floor":12,"turns":3},{"damage":16,"enemies":"3 Sentries","floor":13,"turns":4},{"damage":0,"enemies":"Lagavulin","floor":14,"turns":4},{"damage":28,"enemies":"The Guardian","floor":16,"turns":4}],"seed_played":"3265243409766962348","potions_obtained":[],"is_trial":false,"path_per_floor":["M","?","M","?","M","E","M","E","T","?","R","M","E","E","R","B"],"character_chosen":"WATCHER","items_purchased":[],"campfire_rested":0,"item_purchase_floors":[],"current_hp_per_floor":[72,65,65,54,54,54,52,43,53,53,53,41,25,25,25,0,0],"gold":382,"neow_bonus":"BOSS_RELIC","is_daily":false,"chose_seed":false,"campfire_upgraded":2,"win_rate":0.0,"timestamp":1609933604,"path_taken":["M","?","M","?","M","E","M","E","T","?","R","M","E","E","R","BOSS"],"items_purchased_type":[],"build_version":"2020-12-22","purchased_purges":0,"victory":false,"max_hp_per_floor":[72,72,72,72,72,72,72,72,82,82,82,82,82,82,82,82,82],"relic_stats":{"Sozu":4,"Nunchaku":[3],"Happy Flower":[5],"counters":[10,32],"obtain_stats":[{"Sozu":0,"Nunchaku":6,"Lantern":14,"Pear":9,"Happy Flower":8,"WingedGreaves":13,"PureWater":0},{"Sozu":0,"Nunchaku":4,"Lantern":9,"Pear":6,"Happy Flower":6,"WingedGreaves":8,"PureWater":0},{"Sozu":0,"Nunchaku":12,"Lantern":28,"Pear":17,"Happy Flower":17,"WingedGreaves":24,"PureWater":0}]},"card_choices":[{"not_picked":["MentalFortress","Halt"],"picked":"WaveOfTheHand","floor":1},{"not_picked":["JustLucky","WindmillStrike"],"picked":"BattleHymn","floor":3},{"not_picked":["FollowUp","Sanctity"],"picked":"SashWhip","floor":5},{"not_picked":["ForeignInfluence","SpiritShield"],"picked":"ReachHeaven","floor":6},{"not_picked":["SashWhip","BowlingBash"],"picked":"Evaluate","floor":7},{"not_picked":["EmptyBody","FlyingSleeves"],"picked":"Adaptation","floor":8},{"not_picked":["JustLucky","BowlingBash"],"picked":"Crescendo","floor":12},{"not_picked":["Consecrate","ReachHeaven"],"picked":"Devotion","floor":13},{"not_picked":["PathToVictory","FlyingSleeves"],"picked":"Prostrate","floor":14}],"player_experience":728462,"relics_obtained":[{"floor":6,"key":"Nunchaku"},{"floor":8,"key":"Happy Flower"},{"floor":9,"key":"Pear"},{"floor":13,"key":"WingedGreaves"},{"floor":14,"key":"Lantern"}],"event_choices":[{"cards_removed":["Defend_P"],"damage_healed":0,"gold_gain":0,"player_choice":"Card Removal","damage_taken":7,"max_hp_gain":0,"max_hp_loss":0,"event_name":"Golden Wing","floor":2,"gold_loss":0},{"damage_healed":0,"gold_gain":75,"player_choice":"Gather Gold","damage_taken":11,"max_hp_gain":0,"max_hp_loss":0,"event_name":"World of Goop","floor":4,"gold_loss":0},{"damage_healed":0,"gold_gain":0,"player_choice":"Grow","damage_taken":0,"max_hp_gain":0,"max_hp_loss":0,"event_name":"Living Wall","floor":10,"gold_loss":0,"cards_upgraded":["Eruption"]}],"is_beta":false,"boss_relics":[],"items_purged_floors":[],"is_endless":false,"potions_floor_spawned":[1,5,12,13],"killed_by":"The Guardian","ascension_level":1}}