{"host":"w3x3n9s6mrz4xpf0","time":1609925147,"event":{"mods":["BaseMod","Minty Spire (QoL Compilation)","StSLib","SuperFastMode"],"gold_per_floor":[118,137,212,232,249,249,276,276,276,305,305,323,348,363,363,439,439,454,10,29,45,45,45,74,88,88,88,106,106,125,141,141,220,220,240,258,258,158,33,60,60,76,150,150,176,176,26,44,44,44],"floor_reached":51,"playtime":2474,"items_purged":["Strike_G","Strike_G","Masterful Stab","Defend_G"],"score":1514,"play_id":"a89ffebf-fa8f-4257-8309-488715b6d4b3","local_time":"20210106182547","is_ascension_mode":true,"campfire_choices":[{"data":"Infinite Blades","floor":6.0,"key":"SMITH"},{"data":"After Image","floor":11.0,"key":"SMITH"},{"data":"Accuracy","floor":15.0,"key":"SMITH"},{"data":"Well Laid Plans","floor":23.0,"key":"SMITH"},{"floor":27.0,"key":"REST"},{"data":"Blade Dance","floor":29.0,"key":"SMITH"},{"floor":32.0,"key":"REST"},{"data":"After Image","floor":41.0,"key":"SMITH"},{"data":"Blade Dance","floor":46.0,"key":"SMITH"},{"data":"Calculated Gamble","floor":49,"key":"SMITH"}],"circlet_count":0,"master_deck":["AscendersBane","Defend_G","Defend_G","Defend_G","Defend_G","Survivor","Neutralize","CurseOfTheBell","Accuracy+1","Infinite Blades+1","Backflip","After Image+1","Well Laid Plans+1","Die Die Die","Panache","Blade Dance+1","Blade Dance+1","PiercingWail+1","After Image+1","Calculated Gamble+1","Terror+1","Dark Shackles"],"relics":["Calling Bell","Orichalcum","White Beast Statue","CaptainsWheel","Bag of Preparation","Tough Bandages","Girya","Letter Opener","Empty Cage","ClockworkSouvenir","Juzu Bracelet","Gambling Chip","WristBlade","Pantograph","Matryoshka","Blood Vial","Bottled Tornado","Eternal Feather"],"acts_visited":["Exordium","TheCity","TheBeyond"],"potions_floor_usage":[50,50],"damage_taken":[{"damage":4.0,"enemies":"Small Slimes","floor":1.0,"turns":4.0},{"damage":1.0,"enemies":"2 Louse","floor":2.0,"turns":5.0},{"damage":3.0,"enemies":"Cultist","floor":4.0,"turns":5.0},{"damage":8.0,"enemies":"Exordium Thugs","floor":5.0,"turns":7.0},{"damage":10.0,"enemies":"Lagavulin","floor":7.0,"turns":7.0},{"damage":0.0,"enemies":"Looter","floor":8.0,"turns":1.0},{"damage":13.0,"enemies":"Gremlin Nob","floor":10.0,"turns":6.0},{"damage":0.0,"enemies":"Blue Slaver","floor":12.0,"turns":5.0},{"damage":0.0,"enemies":"Lagavulin","floor":13.0,"turns":4.0},{"damage":1.0,"enemies":"2 Fungi Beasts","floor":14.0,"turns":3.0},{"damage":12.0,"enemies":"Slime Boss","floor":16.0,"turns":12.0},{"damage":3.0,"enemies":"Spheric Guardian","floor":18.0,"turns":6.0},{"damage":0.0,"enemies":"Shell Parasite","floor":20.0,"turns":9.0},{"damage":3.0,"enemies":"Snake Plant","floor":21.0,"turns":5.0},{"damage":38.0,"enemies":"Slavers","floor":24.0,"turns":6.0},{"damage":11.0,"enemies":"Shelled Parasite and Fungi","floor":25.0,"turns":5.0},{"damage":0.0,"enemies":"Centurion and Healer","floor":28.0,"turns":4.0},{"damage":0.0,"enemies":"Snake Plant","floor":30.0,"turns":4.0},{"damage":0.0,"enemies":"Snecko","floor":31.0,"turns":5.0},{"damage":47.0,"enemies":"Automaton","floor":33.0,"turns":8.0},{"damage":0.0,"enemies":"3 Darklings","floor":35.0,"turns":4.0},{"damage":0.0,"enemies":"Orb Walker","floor":36.0,"turns":4.0},{"damage":1.0,"enemies":"Nemesis","floor":40.0,"turns":7.0},{"damage":11.0,"enemies":"4 Shapes","floor":42.0,"turns":10.0},{"damage":0.0,"enemies":"Giant Head","floor":45.0,"turns":5.0},{"damage":0,"enemies":"Sphere and 2 Shapes","floor":48,"turns":4},{"damage":53,"enemies":"Awakened One","floor":50,"turns":9}],"seed_played":"3564187476516283159","potions_obtained":[{"floor":1.0,"key":"Weak Potion"},{"floor":2.0,"key":"Fruit Juice"},{"floor":4.0,"key":"Regen Potion"},{"floor":5.0,"key":"DuplicationPotion"},{"floor":7.0,"key":"SmokeBomb"},{"floor":10.0,"key":"SpeedPotion"},{"floor":12.0,"key":"FearPotion"},{"floor":13.0,"key":"SteroidPotion"},{"floor":14.0,"key":"Regen Potion"},{"floor":16.0,"key":"EntropicBrew"},{"floor":18.0,"key":"Block Potion"},{"floor":21.0,"key":"FearPotion"},{"floor":24.0,"key":"ColorlessPotion"},{"floor":25.0,"key":"Fire Potion"},{"floor":30.0,"key":"SteroidPotion"},{"floor":33.0,"key":"BlessingOfTheForge"},{"floor":35.0,"key":"Weak Potion"},{"floor":36.0,"key":"GhostInAJar"},{"floor":40.0,"key":"GamblersBrew"},{"floor":42.0,"key":"Swift Potion"},{"floor":45.0,"key":"EssenceOfSteel"},{"floor":48,"key":"Energy Potion"}],"is_trial":false,"path_per_floor":["M","M","?","M","M","R","E","M","T","E","R","M","E","M","R","B",null,"M","$","M","M","?","R","E","M","T","R","M","R","M","M","R","B",null,"M","M","T","$","$","E","R","M","T","?","E","R","$","M","R","B",null],"character_chosen":"THE_SILENT","items_purchased":["ClockworkSouvenir","Panache"],"campfire_rested":2,"item_purchase_floors":[19,19],"current_hp_per_floor":[55,59,48,45,52,52,42,42,42,29,29,29,29,28,28,31,61,58,58,58,55,55,55,17,6,6,27,27,27,27,27,48,1,54,54,54,54,54,54,53,53,42,42,32,34,46,46,48,60,18],"gold":44,"neow_bonus":"BOSS_RELIC","is_daily":false,"chose_seed":false,"campfire_upgraded":8,"win_rate":0.0,"timestamp":1609925147,"path_taken":["M","M","?","M","M","R","E","M","T","E","R","M","E","M","R","BOSS","M","$","M","M","?","R","E","M","T","R","M","R","M","M","R","BOSS","M","M","?","?","$","E","R","M","T","?","E","R","?","M","R","BOSS"],"items_purchased_type":["Relic","Card"],"build_version":"2020-12-22","purchased_purges":4,"victory":true,"max_hp_per_floor":[66,71,71,71,71,71,71,71,71,71,71,71,71,71,71,71,71,71,71,71,71,71,71,71,71,71,71,71,71,71,71,71,71,71,71,71,71,71,71,71,71,71,71,71,71,71,71,71,71,71],"card_choices":[{"not_picked":["Slice","Underhanded Strike","Caltrops"],"picked":"SKIP","floor":1.0},{"not_picked":["Cloak And Dagger","Dodge and Roll"],"picked":"Accuracy","floor":2.0},{"not_picked":["Tactician","Skewer"],"picked":"Infinite Blades","floor":4.0},{"not_picked":["Dash","Outmaneuver"],"picked":"Backflip","floor":5.0},{"not_picked":["Underhanded Strike","Flying Knee"],"picked":"After Image","floor":7.0},{"not_picked":["Bouncing Flask","Flying Knee","Poisoned Stab"],"picked":"SKIP","floor":10.0},{"not_picked":["Distraction","Prepared"],"picked":"Masterful Stab","floor":12.0},{"not_picked":["Eviscerate","Skewer"],"picked":"Well Laid Plans","floor":13.0},{"not_picked":["Deadly Poison","Setup","Blur"],"picked":"SKIP","floor":14.0},{"not_picked":["Bullet Time","Glass Knife"],"picked":"Die Die Die","floor":16.0},{"not_picked":["Crippling Poison","Skewer","Bane"],"picked":"SKIP","floor":18.0},{"not_picked":["Backflip","Setup"],"picked":"Blade Dance","floor":20.0},{"not_picked":["Poisoned Stab","Choke","Quick Slash"],"picked":"SKIP","floor":21.0},{"not_picked":["Outmaneuver","Noxious Fumes+1","Quick Slash"],"picked":"SKIP","floor":24.0},{"not_picked":["Tactician","Slice"],"picked":"Blade Dance","floor":25.0},{"not_picked":["Setup+1","Crippling Poison","Sucker Punch+1"],"picked":"SKIP","floor":28.0},{"not_picked":["Outmaneuver","Concentrate","Skewer"],"picked":"SKIP","floor":30.0},{"not_picked":["Masterful Stab","Deflect"],"picked":"PiercingWail+1","floor":31.0},{"not_picked":["Malaise","Venomology"],"picked":"After Image","floor":33.0},{"not_picked":["Slice+1","Well Laid Plans","Poisoned Stab"],"picked":"SKIP","floor":35.0},{"not_picked":["Heel Hook","Blade Dance"],"picked":"Calculated Gamble","floor":36.0},{"not_picked":["Deadly Poison","Bane+1"],"picked":"Terror+1","floor":40.0},{"not_picked":["Quick Slash","Dagger Spray","Dodge and Roll+1"],"picked":"SKIP","floor":42.0},{"not_picked":["Transmutation","Panache"],"picked":"Dark Shackles","floor":44.0},{"not_picked":["Deflect+1","Cloak And Dagger+1","Heel Hook+1"],"picked":"SKIP","floor":45.0},{"not_picked":["Slice","Poisoned Stab","Sucker Punch"],"picked":"SKIP","floor":48}],"player_experience":108952,"relics_obtained":[{"floor":0.0,"key":"Orichalcum"},{"floor":0.0,"key":"White Beast Statue"},{"floor":0.0,"key":"CaptainsWheel"},{"floor":7.0,"key":"Bag of Preparation"},{"floor":9.0,"key":"Tough Bandages"},{"floor":10.0,"key":"Girya"},{"floor":13.0,"key":"Letter Opener"},{"floor":24.0,"key":"Juzu Bracelet"},{"floor":26.0,"key":"Gambling Chip"},{"floor":37.0,"key":"Pantograph"},{"floor":40.0,"key":"Matryoshka"},{"floor":43.0,"key":"Blood Vial"},{"floor":43.0,"key":"Bottled Tornado"},{"floor":45.0,"key":"Eternal Feather"}],"event_choices":[{"damage_healed":0.0,"max_hp_gain":0.0,"max_hp_loss":0.0,"gold_gain":75.0,"event_name":"World of Goop","player_choice":"Gather Gold","floor":3.0,"gold_loss":0.0,"damage_taken":11.0},{"cards_removed":["Strike_G"],"damage_healed":0.0,"max_hp_gain":0.0,"max_hp_loss":0.0,"gold_gain":0.0,"event_name":"Bonfire Elementals","player_choice":"Offered Basic","floor":22.0,"gold_loss":0.0,"damage_taken":0.0},{"damage_healed":0.0,"max_hp_gain":0.0,"max_hp_loss":0.0,"gold_gain":0.0,"event_name":"SensoryStone","player_choice":"Memory 3","floor":44.0,"gold_loss":0.0,"damage_taken":10.0}],"is_beta":false,"boss_relics":[{"not_picked":["Black Star","Cursed Key"],"picked":"Empty Cage"},{"not_picked":["Pandora\u0027s Box","Busted Crown"],"picked":"WristBlade"}],"items_purged_floors":[19,38,39,47],"is_endless":false,"potions_floor_spawned":[1,2,4,5,7,8,10,12,13,14,16,18,20,21,24,25,28,30,31,33,35,36,40,42,45,48],"ascension_level":19}}