{"host":"94qggqh0xz0sp6ai","time":1609907324,"event":{"mods":["Abigail Mod","Act Like it!","BaseMod","CapriCore","Downfall","Friendly Minions","Gensokyo","Hermit","Jorbs\u0027s Wanderer Trilogy","Koishi","Marisa（霧雨　魔理沙）","Minty Spire (QoL Compilation)","Permanent Neow","Reimu（博??梦）","StSLib","The Alterego","The Construct","The Cursed","The Hierophant","The Immortal","The Marked","The Servant 0.9.4","TheBandit","Waifu the Spire"],"gold_per_floor":[368,7,7,26,26,26,26,26,26,26,26,47,66,66,66,192,192,211,43,43,66,43,43,86,86,86,86,99,123,142,142,142,270,270,289,289,309,309,332,332,432,445,445,469,469,469],"floor_reached":45,"playtime":1152,"items_purged":[],"score":444,"play_id":"10bcca09-3e68-45f3-b17d-da2abbcb45d3","local_time":"20210105222844","is_ascension_mode":true,"campfire_choices":[{"data":"theMarked:SoldierOfQuellstein","floor":6,"key":"SMITH"},{"data":"theMarked:ResourceFulStrike","floor":8,"key":"SMITH"},{"floor":11,"key":"REST"},{"data":"theMarked:Parkour","floor":15,"key":"SMITH"},{"data":"theMarked:Indomitable","floor":23,"key":"SMITH"},{"floor":25,"key":"REST"},{"data":"theMarked:Challenge","floor":27,"key":"SMITH"},{"floor":32,"key":"REST"},{"data":"theMarked:EmpowerWeapon","floor":40,"key":"SMITH"}],"circlet_count":0,"master_deck":["theMarked:Strike+1","theMarked:Strike+1","theMarked:Strike+1","theMarked:Strike+1","theMarked:Strike+1","theMarked:Defend+1","theMarked:Defend+1","theMarked:Defend+1","theMarked:Defend+1","theMarked:SoldierOfQuellstein+1","theMarked:AttractMetal","theMarked:ComboAttacks+1","theMarked:ResourceFulStrike+1","theMarked:Overcharge","theMarked:ResourceFulStrike","theMarked:Parkour+1","theMarked:Challenge+1","theMarked:Indomitable+1","theMarked:EmpowerWeapon+1","theMarked:MysticalArsenal+1","theMarked:MysticalArsenal+1","theMarked:WardOff","theMarked:SwordAndMagic+1","theMarked:RepellingDischarge+1","theMarked:EternalStudent+1","theMarked:SummonStrength+1","theMarked:MysticalArsenal+1","theMarked:AttractMetal+1","theMarked:StartUp"],"relics":["theMarked:ArtifactOfAir","Frozen Egg 2","Golden Idol","Bag of Marbles","theMarked:VonisonLock","Sozu","PreservedInsect","Pen Nib","Toxic Egg 2","construct:ClawGrip","theMarked:Gun"],"acts_visited":["Exordium","TheCity","TheBeyond"],"potions_floor_usage":[],"damage_taken":[{"damage":1,"enemies":"Cultist","floor":1,"turns":3},{"damage":0,"enemies":"2 Louse","floor":4,"turns":2},{"damage":3,"enemies":"Jaw Worm","floor":12,"turns":2},{"damage":1,"enemies":"Looter","floor":13,"turns":3},{"damage":13,"enemies":"Slime Boss","floor":16,"turns":8},{"damage":10,"enemies":"2 Thieves","floor":18,"turns":3},{"damage":19,"enemies":"Spheric Guardian","floor":21,"turns":4},{"damage":23,"enemies":"Slavers","floor":24,"turns":3},{"damage":5,"enemies":"Cultist and Chosen","floor":28,"turns":4},{"damage":0,"enemies":"Chosen and Byrds","floor":29,"turns":3},{"damage":5,"enemies":"Centurion and Healer","floor":30,"turns":4},{"damage":48,"enemies":"Automaton","floor":33,"turns":7},{"damage":17,"enemies":"3 Shapes","floor":35,"turns":4},{"damage":6,"enemies":"Orb Walker","floor":37,"turns":4},{"damage":0,"enemies":"Spire Growth","floor":39,"turns":4},{"damage":0,"enemies":"Transient","floor":42,"turns":5},{"damage":19,"enemies":"Jaw Worm Horde","floor":44,"turns":4},{"damage":36,"enemies":"Nemesis","floor":45,"turns":2}],"seed_played":"-1101547182682325814","potions_obtained":[{"floor":1,"key":"EntropicBrew"},{"floor":4,"key":"Block Potion"},{"floor":12,"key":"PowerPotion"}],"is_trial":false,"path_per_floor":["M","$","?","M","?","R","?","R","T","$","R","M","M","$","R","B",null,"M","$","?","M","$","R","E","R","T","R","M","M","M","?","R","B",null,"M","?","M","?","M","R","?","M","T","M","E"],"character_chosen":"THE_DEFAULT","items_purchased":["theMarked:ComboAttacks","theMarked:ResourceFulStrike","Frozen Egg 2","PreservedInsect","theMarked:EmpowerWeapon","theMarked:WardOff"],"campfire_rested":3,"item_purchase_floors":[2,2,2,19,19,22],"current_hp_per_floor":[48,48,31,31,28,28,28,28,28,28,49,46,45,45,45,32,70,60,60,60,41,41,41,18,39,39,39,34,34,29,29,50,2,70,53,53,47,52,52,52,52,52,52,33,0,0],"gold":469,"neow_bonus":"TWO_FIFTY_GOLD","is_daily":false,"chose_seed":false,"campfire_upgraded":6,"win_rate":0.0,"timestamp":1609907324,"path_taken":["M","$","?","M","?","R","?","R","T","$","R","M","M","?","R","BOSS","M","$","?","M","$","R","E","R","T","R","M","M","M","?","R","BOSS","M","?","M","?","?","R","?","M","T","?","E"],"items_purchased_type":["Card","Card","Relic","Relic","Card","Card"],"build_version":"2020-12-22","purchased_purges":0,"victory":false,"max_hp_per_floor":[70,70,70,70,70,70,70,70,70,70,70,70,70,70,70,70,70,70,70,70,70,70,70,70,70,70,70,70,70,70,70,70,70,70,70,70,70,70,70,70,70,70,70,70,70,70],"card_choices":[{"not_picked":["theMarked:Improvise","theMarked:TwofoldDefense"],"picked":"theMarked:AttractMetal","floor":1},{"not_picked":["theMarked:SwordAndMagic","theMarked:TwofoldDefense"],"picked":"theMarked:Overcharge","floor":4},{"not_picked":["theMarked:ElectricStrings","theMarked:Static"],"picked":"theMarked:ResourceFulStrike","floor":12},{"not_picked":["theMarked:HeightenedSenses","theMarked:CreepingChasm"],"picked":"theMarked:Parkour","floor":13},{"not_picked":["theMarked:MagicAdept+1","theMarked:FavorableWinds"],"picked":"theMarked:Challenge","floor":16},{"not_picked":["theMarked:RepellingDischarge","theMarked:HeightenedSenses"],"picked":"theMarked:Indomitable","floor":18},{"not_picked":["theMarked:ResourceFulStrike","theMarked:EmpowerWeapon"],"picked":"theMarked:MysticalArsenal+1","floor":21},{"not_picked":["theMarked:WastefulDefense+1","theMarked:HeightenedSenses+1"],"picked":"theMarked:SwordAndMagic+1","floor":24},{"not_picked":["theMarked:Parkour","theMarked:HeightenedSenses+1","theMarked:GodGivenPower+1"],"picked":"SKIP","floor":28},{"not_picked":["theMarked:Static+1","theMarked:Aftermath+1"],"picked":"theMarked:RepellingDischarge+1","floor":29},{"not_picked":["theMarked:Electrify+1","theMarked:SwordAndMagic"],"picked":"theMarked:EternalStudent+1","floor":30},{"not_picked":["theMarked:ChannelForce+1","theMarked:Abjuration"],"picked":"theMarked:SummonStrength+1","floor":33},{"not_picked":["theMarked:Aftermath+1","theMarked:TwofoldDefense+1","theMarked:Static+1"],"picked":"SKIP","floor":35},{"not_picked":["theMarked:Seal+1","theMarked:BanishingStrike"],"picked":"theMarked:MysticalArsenal+1","floor":37},{"not_picked":["theMarked:HeightenedSenses+1","theMarked:TwofoldDefense+1"],"picked":"theMarked:AttractMetal+1","floor":39},{"not_picked":["theMarked:Aftermath+1","theMarked:EnhanceMovement+1","theMarked:WardOff+1"],"picked":"SKIP","floor":42},{"not_picked":["theMarked:CreepingChasm+1","theMarked:ElectricStrings+1"],"picked":"theMarked:StartUp","floor":44}],"player_experience":1350897,"relics_obtained":[{"floor":9,"key":"theMarked:VonisonLock"},{"floor":24,"key":"Pen Nib"},{"floor":26,"key":"Toxic Egg 2"},{"floor":43,"key":"theMarked:Gun"}],"event_choices":[{"damage_healed":0,"gold_gain":0,"player_choice":"Take Damage","damage_taken":17,"relics_obtained":["Golden Idol"],"max_hp_gain":0,"max_hp_loss":0,"event_name":"Golden Idol","floor":3,"gold_loss":0},{"damage_healed":0,"gold_gain":0,"player_choice":"Success","damage_taken":3,"relics_obtained":["Bag of Marbles"],"max_hp_gain":0,"max_hp_loss":0,"event_name":"Scrap Ooze","floor":5,"gold_loss":0},{"damage_healed":0,"gold_gain":0,"player_choice":"Grow","damage_taken":0,"max_hp_gain":0,"max_hp_loss":0,"event_name":"Living Wall","floor":7,"gold_loss":0,"cards_upgraded":["theMarked:ComboAttacks"]},{"damage_healed":0,"gold_gain":0,"player_choice":"Read","damage_taken":0,"max_hp_gain":0,"max_hp_loss":0,"event_name":"The Library","floor":20,"gold_loss":0,"cards_obtained":["theMarked:MysticalArsenal"]},{"damage_healed":0,"gold_gain":0,"player_choice":"Simplicity","damage_taken":0,"max_hp_gain":0,"max_hp_loss":0,"event_name":"Back to Basics","floor":31,"gold_loss":0,"cards_upgraded":["theMarked:Strike","theMarked:Strike","theMarked:Strike","theMarked:Strike","theMarked:Strike","theMarked:Defend","theMarked:Defend","theMarked:Defend","theMarked:Defend"]},{"damage_healed":0,"gold_gain":0,"player_choice":"Ignored","damage_taken":0,"max_hp_gain":0,"max_hp_loss":0,"event_name":"OrinTheCat","floor":36,"gold_loss":0},{"cards_removed":["Wraith"],"damage_healed":5,"gold_gain":0,"player_choice":"Offered Special","damage_taken":0,"max_hp_gain":0,"max_hp_loss":0,"event_name":"Bonfire Elementals","floor":38,"gold_loss":0},{"damage_healed":0,"gold_gain":100,"player_choice":"Pray","damage_taken":0,"max_hp_gain":0,"max_hp_loss":0,"event_name":"Golden Shrine","floor":41,"gold_loss":0}],"is_beta":false,"boss_relics":[{"not_picked":["Fusion Hammer","theMarked:SpiritSword"],"picked":"Sozu"},{"not_picked":["Busted Crown","Runic Dome"],"picked":"construct:ClawGrip"}],"items_purged_floors":[],"is_endless":false,"potions_floor_spawned":[1,4,12,18,28,30,37],"killed_by":"Nemesis","ascension_level":1}}