{"host":"589hdgqme9xj5bbw","time":1609942973,"event":{"mods":["AchievementEnabler","BaseMod","Colored Map","Minty Spire (QoL Compilation)","SuperFastMode","everything is the same but u backflip on backflip"],"gold_per_floor":[111,125,140,140,140,140,154,154,201,232,182,197,214,226,226,329,329,345,345,270,285,185,185,200,200,224,243,253,282,302,319,319,319,319],"floor_reached":33,"playtime":967,"items_purged":["Pain","Strike_R"],"score":273,"play_id":"e942ade7-b5ff-4ce4-8ffc-819da1afe728","local_time":"20210106232253","is_ascension_mode":false,"campfire_choices":[{"data":"Defend_R","floor":6,"key":"SMITH"},{"data":"Intimidate","floor":8,"key":"SMITH"},{"data":"Pommel Strike","floor":15,"key":"SMITH"},{"data":"Evolve","floor":23,"key":"SMITH"},{"data":"Shrug It Off","floor":25,"key":"SMITH"},{"floor":32,"key":"REST"}],"circlet_count":0,"master_deck":["Strike_R","Strike_R","Strike_R","Defend_R","Defend_R","Defend_R","Defend_R+1","Bash+1","Wild Strike+1","Intimidate+1","Twin Strike","Evolve+1","Pommel Strike+1","Shrug It Off+1","Shrug It Off+1"],"relics":["Burning Blood","Regal Pillow","Ancient Tea Set","Letter Opener","Mark of Pain","WarpedTongs","Bronze Scales","Boot"],"acts_visited":["Exordium","TheCity"],"potions_floor_usage":[14],"damage_taken":[{"damage":7,"enemies":"2 Louse","floor":1,"turns":3},{"damage":14,"enemies":"Small Slimes","floor":2,"turns":5},{"damage":1,"enemies":"Jaw Worm","floor":3,"turns":3},{"damage":0,"enemies":"2 Fungi Beasts","floor":7,"turns":3},{"damage":9,"enemies":"Gremlin Nob","floor":10,"turns":4},{"damage":2,"enemies":"Exordium Thugs","floor":12,"turns":4},{"damage":1,"enemies":"Red Slaver","floor":13,"turns":2},{"damage":7,"enemies":"Blue Slaver","floor":14,"turns":2},{"damage":52,"enemies":"Hexaghost","floor":16,"turns":8},{"damage":10,"enemies":"3 Byrds","floor":18,"turns":5},{"damage":16,"enemies":"2 Thieves","floor":21,"turns":4},{"damage":15,"enemies":"Snake Plant","floor":24,"turns":3},{"damage":0,"enemies":"Centurion and Healer","floor":27,"turns":4},{"damage":0,"enemies":"Snecko","floor":28,"turns":3},{"damage":41,"enemies":"Slavers","floor":29,"turns":6},{"damage":5,"enemies":"Shelled Parasite and Fungi","floor":30,"turns":6},{"damage":9,"enemies":"Cultist and Chosen","floor":31,"turns":6},{"damage":90,"enemies":"Collector","floor":33,"turns":10}],"seed_played":"4464065293999301580","potions_obtained":[{"floor":2,"key":"ColorlessPotion"},{"floor":7,"key":"Energy Potion"},{"floor":14,"key":"Fruit Juice"},{"floor":16,"key":"AttackPotion"},{"floor":21,"key":"DuplicationPotion"}],"is_trial":false,"path_per_floor":["M","M","M","?","?","R","M","R","T","E","?","M","M","M","R","B",null,"M","?","$","M","$","R","M","R","T","M","M","E","M","M","R","B"],"character_chosen":"IRONCLAD","items_purchased":[],"campfire_rested":1,"item_purchase_floors":[],"current_hp_per_floor":[79,71,76,76,64,64,70,70,70,67,67,71,76,80,80,34,85,81,81,81,71,71,71,62,62,62,68,74,39,40,37,77,0,0],"gold":319,"neow_bonus":"UPGRADE_CARD","is_daily":false,"chose_seed":false,"campfire_upgraded":5,"win_rate":0.0,"timestamp":1609942973,"path_taken":["M","M","M","?","?","R","M","R","T","E","?","?","M","M","R","BOSS","M","?","?","?","?","R","M","R","T","M","M","E","M","M","R","BOSS"],"items_purchased_type":[],"build_version":"2020-12-22","purchased_purges":2,"victory":false,"max_hp_per_floor":[80,80,80,80,80,80,80,80,80,80,80,80,80,85,85,85,85,85,85,85,85,85,85,85,85,85,85,85,85,85,85,85,85,85],"card_choices":[{"not_picked":["Heavy Blade","Carnage","Clothesline"],"picked":"SKIP","floor":1},{"not_picked":["True Grit","Shrug It Off"],"picked":"Wild Strike","floor":2},{"not_picked":["Armaments","Perfected Strike","Headbutt"],"picked":"SKIP","floor":3},{"not_picked":["Flex","Shockwave"],"picked":"Intimidate","floor":7},{"not_picked":["Spot Weakness","Thunderclap"],"picked":"Twin Strike","floor":10},{"not_picked":["Havoc","Combust"],"picked":"Evolve","floor":12},{"not_picked":["Body Slam","Juggernaut","Uppercut"],"picked":"SKIP","floor":13},{"not_picked":["Iron Wave","Flex"],"picked":"Pommel Strike","floor":14},{"not_picked":["Clothesline","Rupture+1","Dark Embrace"],"picked":"SKIP","floor":18},{"not_picked":["Havoc","Battle Trance","Pommel Strike"],"picked":"SKIP","floor":21},{"not_picked":["Entrench","Iron Wave"],"picked":"Shrug It Off","floor":24},{"not_picked":["Uppercut+1","Body Slam"],"picked":"Shrug It Off+1","floor":27},{"not_picked":["Power Through","Twin Strike","Perfected Strike"],"picked":"SKIP","floor":28},{"not_picked":["Entrench","Clothesline","Whirlwind+1"],"picked":"SKIP","floor":29},{"not_picked":["Demon Form","Clash","Flex"],"picked":"SKIP","floor":30},{"not_picked":["Shrug It Off","Searing Blow","Infernal Blade"],"picked":"SKIP","floor":31}],"player_experience":94963,"relics_obtained":[{"floor":9,"key":"Ancient Tea Set"},{"floor":10,"key":"Letter Opener"},{"floor":26,"key":"Bronze Scales"},{"floor":29,"key":"Boot"}],"event_choices":[{"damage_healed":0,"gold_gain":0,"player_choice":"Grow","damage_taken":0,"max_hp_gain":0,"max_hp_loss":0,"event_name":"Living Wall","floor":4,"gold_loss":0,"cards_upgraded":["Wild Strike"]},{"damage_healed":0,"gold_gain":0,"player_choice":"Success","damage_taken":12,"relics_obtained":["Regal Pillow"],"max_hp_gain":0,"max_hp_loss":0,"event_name":"Scrap Ooze","floor":5,"gold_loss":0},{"cards_removed":["Strike_R"],"damage_healed":0,"gold_gain":0,"player_choice":"Card Removal","damage_taken":0,"max_hp_gain":0,"max_hp_loss":0,"event_name":"The Cleric","floor":11,"gold_loss":50},{"damage_healed":0,"gold_gain":0,"player_choice":"Rummage","damage_taken":0,"relics_obtained":["WarpedTongs"],"max_hp_gain":0,"max_hp_loss":0,"event_name":"Accursed Blacksmith","floor":19,"gold_loss":0,"cards_obtained":["Pain"]}],"is_beta":false,"boss_relics":[{"not_picked":["Ectoplasm","Calling Bell"],"picked":"Mark of Pain"}],"items_purged_floors":[20,22],"is_endless":false,"potions_floor_spawned":[2,7,14,16,21,29,30,31],"killed_by":"Collector","ascension_level":0}}