{"host":"wj90f2q0h2omert0","time":1609972202,"event":{"mods":["BaseMod","Beaked The Cultist","Better Third Choice","ChefMod","Clawfect","Colored Map","DeckTracker","Downfall","Hubris","JesterMod","Minty Spire (QoL Compilation)","Relic Stats","Robot Space Explorer","Shade Mod","StSLib","The Blackbeard","The Caster","The Dragon Tamer","The Druid"],"gold_per_floor":[117,130,405,308,322,322,335,335,415,435,467,467,467,492,492,592,592,606,619,619,633,633,664,664,695,695,0,16,29,29,29,29,133,133,150,82,97,142,152,184,184,184,184,199,45,45,63,74,74,74],"floor_reached":51,"playtime":3390,"items_purged":["Regret"],"score":804,"play_id":"c0811d91-7ac3-4fb3-bfa7-c0331ce93788","local_time":"20210106173002","is_ascension_mode":false,"campfire_choices":[{"data":"Shade:AnimateDead","floor":6,"key":"SMITH"},{"data":"Shade:Trample","floor":8,"key":"SMITH"},{"data":"Shade:Trample","floor":12,"key":"SMITH"},{"data":"Shade:WallOfFlesh","floor":15,"key":"SMITH"},{"floor":24,"key":"REST"},{"floor":30,"key":"REST"},{"floor":32,"key":"REST"},{"floor":41,"key":"REST"},{"floor":46,"key":"REST"},{"floor":49,"key":"REST"}],"circlet_count":0,"master_deck":["Shade:Strike_Shade","Shade:Strike_Shade","Shade:Strike_Shade","Shade:Defend_Shade","Shade:Defend_Shade","Shade:Defend_Shade","Shade:Defend_Shade","Shade:AnimateDead+1","Shade:CarefulCut","Shade:Trample+1","Shade:Trample+1","Shade:WallOfFlesh+1","Shade:GraveStillness","Shade:WallOfFlesh","Shade:FleshToFlesh","Shade:Coordination+1","Shade:WallOfFlesh+1","Shade:StitchTogether+1","Shade:Putrefaction+1","Shade:Bite_Shade+1","Shade:FuneraryArmor+1","Shade:StitchTogether+1","Shade:GreaterAnimation+1","Shade:GraveStillness+1","Shade:AuraOfUnlife+1","Shade:GraveStillness+1","Shade:RavenousHorde+1","Shade:FleshToFlesh+1","Decay","Shade:Carnophage+1","Shade:FuneraryArmor","Shade:FleshToFlesh","Shade:FuneraryArmor+1","Shade:Bite_Shade+1","Shade:SensePrey","Shade:FuneraryJewels+1"],"relics":["Shade:YorickSkull","NeowsBlessing","Pantograph","Frozen Egg 2","hubris:TenFootPole","SlaversCollar","Bronze Scales","Bag of Marbles","hubris:CuriousFeather","Bag of Preparation","jesterMod:MachoBrace","Lizard Tail","Centennial Puzzle","Letter Opener","Orrery"],"acts_visited":["Exordium","TheCity","TheBeyond"],"potions_floor_usage":[7,11,16,16,19,22,28,38,38,38,50,50],"damage_taken":[{"damage":0,"enemies":"2 Louse","floor":1,"turns":1},{"damage":0,"enemies":"Cultist","floor":2,"turns":1},{"damage":0,"enemies":"Small Slimes","floor":5,"turns":1},{"damage":0,"enemies":"Gremlin Gang","floor":7,"turns":3},{"damage":0,"enemies":"3 Louse","floor":10,"turns":4},{"damage":0,"enemies":"Gremlin Nob","floor":11,"turns":3},{"damage":0,"enemies":"3 Sentries","floor":14,"turns":9},{"damage":8,"enemies":"Hexaghost","floor":16,"turns":10},{"damage":12,"enemies":"Spheric Guardian","floor":18,"turns":8},{"damage":6,"enemies":"3 Byrds","floor":19,"turns":7},{"damage":51,"enemies":"Cultist and Chosen","floor":21,"turns":11},{"damage":0,"enemies":"Snake Plant","floor":22,"turns":2},{"damage":6,"enemies":"Book of Stabbing","floor":23,"turns":7},{"damage":42,"enemies":"Gremlin Leader","floor":25,"turns":7},{"damage":0,"enemies":"Sentry and Sphere","floor":28,"turns":5},{"damage":0,"enemies":"3 Cultists","floor":29,"turns":5},{"damage":19,"enemies":"Automaton","floor":33,"turns":11},{"damage":0,"enemies":"3 Shapes","floor":35,"turns":5},{"damage":4,"enemies":"3 Darklings","floor":37,"turns":5},{"damage":35,"enemies":"2 Orb Walkers","floor":38,"turns":6},{"damage":13,"enemies":"Spire Growth","floor":39,"turns":8},{"damage":45,"enemies":"Giant Head","floor":40,"turns":11},{"damage":8,"enemies":"Jaw Worm Horde","floor":44,"turns":4},{"damage":24,"enemies":"Transient","floor":47,"turns":5},{"damage":2,"enemies":"3 Darklings","floor":48,"turns":5},{"damage":81,"enemies":"Awakened One","floor":50,"turns":16}],"seed_played":"-1050216407711343959","potions_obtained":[{"floor":2,"key":"SneckoOil"},{"floor":10,"key":"LiquidMemories"},{"floor":11,"key":"Ancient Potion"},{"floor":14,"key":"Fire Potion"},{"floor":18,"key":"Fruit Juice"},{"floor":21,"key":"SmokeBomb"},{"floor":25,"key":"AttackPotion"},{"floor":29,"key":"GamblersBrew"},{"floor":33,"key":"Weak Potion"},{"floor":35,"key":"Fire Potion"},{"floor":37,"key":"Strength Potion"},{"floor":38,"key":"GamblersBrew"},{"floor":48,"key":"sneckomod:MuddlingPotion"}],"is_trial":false,"path_per_floor":["M","M","?","$","M","R","M","R","T","M","E","R","?","E","R","B",null,"M","M","?","M","M","E","R","E","T","?","M","M","R","?","R","B",null,"M","$","M","?","M","E","R","?","T","M","$","R","M","M","R","B",null],"character_chosen":"SHADE","items_purchased":["Shade:Trample","Shade:AuraOfUnlife+1","Orrery"],"campfire_rested":6,"item_purchase_floors":[4,36,45],"current_hp_per_floor":[65,65,65,65,65,65,65,65,65,65,65,65,65,65,65,57,65,53,52,52,11,11,15,36,10,10,10,23,23,44,44,65,70,70,70,70,69,34,31,15,36,36,36,31,31,52,31,35,56,17],"gold":74,"neow_bonus":"THREE_ENEMY_KILL","is_daily":false,"chose_seed":false,"campfire_upgraded":4,"win_rate":0.0,"timestamp":1609972202,"path_taken":["M","M","?","$","M","R","?","R","T","M","E","R","?","E","R","BOSS","M","?","?","M","M","E","R","E","T","?","M","M","R","?","R","BOSS","M","$","M","?","M","E","R","?","T","M","$","R","M","?","R","BOSS"],"items_purchased_type":["Card","Card","Relic"],"build_version":"2020-12-22","purchased_purges":1,"victory":true,"max_hp_per_floor":[65,65,65,65,65,65,65,65,65,65,65,65,65,65,65,65,65,65,70,70,70,70,70,70,70,70,70,70,70,70,70,70,70,70,70,70,70,70,70,70,70,70,70,70,70,70,70,70,70,70],"relic_stats":{"Lizard Tail":0,"Centennial Puzzle":[12],"counters":[26,160],"Pantograph":19,"Bronze Scales":[436],"Bag of Preparation":[24],"Letter Opener":[95],"obtain_stats":[{"NeowsBlessing":0,"Shade:YorickSkull":0,"jesterMod:MachoBrace":34,"Bag of Preparation":26,"Letter Opener":43,"Frozen Egg 2":11,"SlaversCollar":17,"Lizard Tail":38,"Centennial Puzzle":40,"Pantograph":9,"Bronze Scales":20,"Orrery":45,"hubris:CuriousFeather":25,"hubris:TenFootPole":14,"Bag of Marbles":23},{"NeowsBlessing":0,"Shade:YorickSkull":0,"jesterMod:MachoBrace":17,"Bag of Preparation":14,"Letter Opener":22,"Frozen Egg 2":6,"SlaversCollar":8,"Lizard Tail":20,"Centennial Puzzle":22,"Pantograph":4,"Bronze Scales":10,"Orrery":23,"hubris:CuriousFeather":14,"hubris:TenFootPole":7,"Bag of Marbles":13},{"NeowsBlessing":0,"Shade:YorickSkull":0,"jesterMod:MachoBrace":95,"Bag of Preparation":74,"Letter Opener":130,"Frozen Egg 2":13,"SlaversCollar":32,"Lizard Tail":111,"Centennial Puzzle":130,"Pantograph":6,"Bronze Scales":47,"Orrery":134,"hubris:CuriousFeather":74,"hubris:TenFootPole":22,"Bag of Marbles":67}]},"card_choices":[{"not_picked":["Shade:FeralStrike","Shade:FleshToFlesh"],"picked":"Shade:Trample","floor":1},{"not_picked":["Shade:AncientSpear","Shade:SkeletonHug","Shade:Premonition"],"picked":"SKIP","floor":2},{"not_picked":["Shade:AblativeArmor","Shade:Brains"],"picked":"Shade:WallOfFlesh","floor":5},{"not_picked":["Shade:Frenzy","Shade:SelfBurial"],"picked":"Shade:GraveStillness","floor":7},{"not_picked":["Shade:ExtraLimbs","Shade:Frenzy"],"picked":"Shade:WallOfFlesh","floor":10},{"not_picked":["Shade:Doomsay","Shade:FuneraryJewels"],"picked":"Shade:FleshToFlesh","floor":11},{"not_picked":["Shade:Haruspicy","Shade:FingerOfDeath","Shade:CommandSoldier"],"picked":"SKIP","floor":14},{"not_picked":["Shade:LastGasp","Shade:Consume"],"picked":"Shade:Coordination+1","floor":16},{"not_picked":["Shade:ClawBack","Shade:BoneShards+1"],"picked":"Shade:WallOfFlesh+1","floor":18},{"not_picked":["Shade:Bonestorm","Shade:PressTheAttack"],"picked":"Shade:StitchTogether+1","floor":19},{"not_picked":["Shade:ClawBack","Shade:GoDigging"],"picked":"Shade:Putrefaction+1","floor":21},{"not_picked":["Shade:FeralStrike","Shade:SpontaneousRitual"],"picked":"Shade:Bite_Shade+1","floor":23},{"not_picked":["Shade:Consume","Shade:FreshBones","Shade:ExtraLimbs"],"picked":"SKIP","floor":25},{"not_picked":["Shade:FreshBones","Shade:FleshOffering"],"picked":"Shade:FuneraryArmor+1","floor":28},{"not_picked":["Shade:LoseControl","Shade:Premonition"],"picked":"Shade:StitchTogether+1","floor":29},{"not_picked":["Shade:Consume","Shade:MadHubris"],"picked":"Shade:GreaterAnimation+1","floor":33},{"not_picked":["Shade:SpontaneousRitual","Shade:AncientSpear+1"],"picked":"Shade:GraveStillness+1","floor":35},{"not_picked":["Shade:BoneShards+1","Shade:Trample+1"],"picked":"Shade:GraveStillness+1","floor":37},{"not_picked":["Shade:OneIsEnough","Shade:ClawBack"],"picked":"Shade:RavenousHorde+1","floor":39},{"not_picked":["Shade:GraveStillness","Shade:RitualOffering+1"],"picked":"Shade:FleshToFlesh+1","floor":40},{"not_picked":["Shade:Premonition","Shade:Haruspicy+1"],"picked":"Shade:Carnophage+1","floor":44},{"not_picked":["Shade:FreshBones","Shade:AblativeArmor"],"picked":"Shade:FuneraryArmor","floor":45},{"not_picked":["Shade:FleshLikeOak+1","Shade:ClawBack+1"],"picked":"Shade:FleshToFlesh","floor":45},{"not_picked":["Shade:SkeletonHug+1","Shade:SoulPierce+1"],"picked":"Shade:FuneraryArmor+1","floor":45},{"not_picked":["Shade:Bonestorm","Shade:CloudOfShrapnel+1"],"picked":"Shade:Bite_Shade+1","floor":45},{"not_picked":["Shade:FeralStrike","Shade:FreshBones"],"picked":"Shade:SensePrey","floor":47},{"not_picked":["Shade:ExtraLimbs","Shade:GreyBargain"],"picked":"Shade:FuneraryJewels+1","floor":48}],"player_experience":668394,"relics_obtained":[{"floor":9,"key":"Pantograph"},{"floor":11,"key":"Frozen Egg 2"},{"floor":14,"key":"hubris:TenFootPole"},{"floor":23,"key":"Bag of Marbles"},{"floor":25,"key":"hubris:CuriousFeather"},{"floor":26,"key":"Bag of Preparation"},{"floor":38,"key":"Lizard Tail"},{"floor":40,"key":"Centennial Puzzle"},{"floor":43,"key":"Letter Opener"}],"event_choices":[{"damage_healed":0,"gold_gain":275,"player_choice":"Desecrate","damage_taken":0,"max_hp_gain":0,"max_hp_loss":0,"event_name":"Golden Shrine","floor":3,"gold_loss":0,"cards_obtained":["Regret"]},{"cards_removed":["Shade:Strike_Shade"],"damage_healed":0,"gold_gain":0,"player_choice":"Offered Basic","damage_taken":0,"max_hp_gain":0,"max_hp_loss":0,"event_name":"Bonfire Elementals","floor":13,"gold_loss":0},{"damage_healed":0,"gold_gain":0,"player_choice":"Opened","damage_taken":0,"relics_obtained":["Bronze Scales"],"max_hp_gain":0,"max_hp_loss":0,"event_name":"The Mausoleum","floor":20,"gold_loss":0,"cards_obtained":["Writhe"]},{"damage_healed":0,"gold_gain":0,"player_choice":"Paid Fearfully","damage_taken":0,"max_hp_gain":0,"max_hp_loss":0,"event_name":"Masked Bandits","floor":27,"gold_loss":695},{"cards_removed":["Writhe"],"damage_healed":0,"gold_gain":0,"player_choice":"Elegance","damage_taken":0,"max_hp_gain":0,"max_hp_loss":0,"event_name":"betterThird:BetterWriting","floor":31,"gold_loss":0},{"damage_healed":0,"gold_gain":0,"player_choice":"Fight","damage_taken":0,"max_hp_gain":0,"max_hp_loss":0,"event_name":"Mysterious Sphere","floor":38,"gold_loss":0},{"damage_healed":0,"gold_gain":0,"player_choice":"Random: Violet","damage_taken":0,"max_hp_gain":0,"max_hp_loss":0,"event_name":"betterThird:BetterPortal","floor":42,"gold_loss":0},{"damage_healed":0,"gold_gain":0,"player_choice":"Smashed Altar","damage_taken":0,"max_hp_gain":0,"max_hp_loss":0,"event_name":"Forgotten Altar","floor":42,"gold_loss":0,"cards_obtained":["Decay"]}],"is_beta":false,"boss_relics":[{"not_picked":["Philosopher\u0027s Stone","hubris:RunicObelisk"],"picked":"SlaversCollar"},{"not_picked":["Cursed Key","Sozu"],"picked":"jesterMod:MachoBrace"}],"items_purged_floors":[4],"is_endless":false,"potions_floor_spawned":[2,10,11,14,18,21,25,29,33,35,37,38,48],"ascension_level":0}}