{"host":"a5lz0e76zb3fcwkm","time":1609896363,"event":{"mods":["AchievementEnabler","BaseMod","Colored Map","Colored Powertips","Minty Spire (QoL Compilation)","StSLib","SuperFastMode"],"gold_per_floor":[113,125,125,144,162,187,187,187,213,247,265,340,107,132,132,132,132],"floor_reached":16,"playtime":321,"items_purged":["Strike_R"],"score":224,"play_id":"fd90514d-5614-4ee5-8e6b-732c481bbd73","local_time":"20210106102603","is_ascension_mode":true,"campfire_choices":[{"data":"Heavy Blade","floor":7,"key":"SMITH"},{"data":"Brutality","floor":15,"key":"SMITH"}],"circlet_count":0,"master_deck":["AscendersBane","Strike_R","Strike_R","Defend_R","Defend_R","Defend_R","Defend_R","Bash","Brutality+1","Spot Weakness","Sword Boomerang","Shrug It Off","Heavy Blade+1","Blood for Blood"],"relics":["Burning Blood","Blood Vial","Golden Idol","Juzu Bracelet","Akabeko"],"acts_visited":["Exordium"],"potions_floor_usage":[6,10,16],"damage_taken":[{"damage":20,"enemies":"Cultist","floor":1,"turns":5},{"damage":8,"enemies":"Small Slimes","floor":2,"turns":4},{"damage":1,"enemies":"2 Louse","floor":4,"turns":4},{"damage":5,"enemies":"Looter","floor":5,"turns":4},{"damage":32,"enemies":"3 Sentries","floor":6,"turns":6},{"damage":13,"enemies":"Gremlin Nob","floor":10,"turns":3},{"damage":9,"enemies":"3 Louse","floor":11,"turns":3},{"damage":8,"enemies":"Gremlin Gang","floor":14,"turns":4},{"damage":32,"enemies":"Hexaghost","floor":16,"turns":9}],"seed_played":"6003846684620240291","potions_obtained":[{"floor":1,"key":"LiquidBronze"},{"floor":5,"key":"FearPotion"},{"floor":10,"key":"Regen Potion"},{"floor":11,"key":"SpeedPotion"}],"is_trial":false,"path_per_floor":["M","M","?","M","M","E","R","?","T","E","M","?","$","M","R","B"],"character_chosen":"IRONCLAD","items_purchased":["Akabeko"],"campfire_rested":0,"item_purchase_floors":[13],"current_hp_per_floor":[54,52,52,57,58,32,32,32,32,27,26,15,15,15,15,0,0],"gold":132,"neow_bonus":"TRANSFORM_TWO_CARDS","is_daily":false,"chose_seed":false,"campfire_upgraded":2,"win_rate":0.0,"timestamp":1609896363,"path_taken":["M","?","?","M","M","E","R","?","T","E","M","?","$","M","R","BOSS"],"items_purchased_type":["Relic"],"build_version":"2020-12-22","purchased_purges":1,"victory":false,"max_hp_per_floor":[68,68,68,68,68,68,68,62,62,62,62,62,62,62,62,62,62],"card_choices":[{"not_picked":["Dual Wield","Heavy Blade"],"picked":"Sword Boomerang","floor":1},{"not_picked":["Bloodletting","Armaments"],"picked":"Shrug It Off","floor":2},{"not_picked":["Havoc","Clash","Perfected Strike"],"picked":"SKIP","floor":4},{"not_picked":["Uppercut","Rampage"],"picked":"Heavy Blade","floor":5},{"not_picked":["Wild Strike","Iron Wave","Heavy Blade"],"picked":"SKIP","floor":6},{"not_picked":["Body Slam","Impervious"],"picked":"Blood for Blood","floor":10},{"not_picked":["Headbutt","Pummel","Sword Boomerang"],"picked":"SKIP","floor":11},{"not_picked":["Clothesline","Body Slam","Headbutt"],"picked":"SKIP","floor":14}],"player_experience":1675344,"relics_obtained":[{"floor":6,"key":"Blood Vial"},{"floor":10,"key":"Juzu Bracelet"}],"event_choices":[{"damage_healed":0,"gold_gain":0,"player_choice":"Ignored","damage_taken":0,"max_hp_gain":0,"max_hp_loss":0,"event_name":"Liars Game","floor":3,"gold_loss":0},{"damage_healed":0,"gold_gain":0,"player_choice":"Lose Max HP","damage_taken":0,"relics_obtained":["Golden Idol"],"max_hp_gain":0,"max_hp_loss":6,"event_name":"Golden Idol","floor":8,"gold_loss":0},{"damage_healed":0,"gold_gain":75,"player_choice":"Gather Gold","damage_taken":11,"max_hp_gain":0,"max_hp_loss":0,"event_name":"World of Goop","floor":12,"gold_loss":0}],"is_beta":false,"boss_relics":[],"items_purged_floors":[13],"is_endless":false,"potions_floor_spawned":[1,5,10,11],"killed_by":"Hexaghost","ascension_level":20}}