{"host":"rbccvrvdyhsypb23","time":1609920920,"event":{"mods":["AchievementEnabler","Act Like it!","Aspiration","BaseMod","Better Third Choice","BetterRewards","Friendly Minions","Hubris","Infinite Spire","Ironclad Rager","KomeijiMod","Lobotomy","LobotomyExtend","Minty Spire (QoL Compilation)","Replay The Spire","Shade Mod","StSLib","The Blackbeard","The Mystic","Wandering Minibosses","vexMod"],"gold_per_floor":[110,68,68,84,98,131,131,131,158,158,176,79,79,94,94,219,219,242,255,275,275,275,275,275],"floor_reached":23,"playtime":1248,"items_purged":[],"score":241,"play_id":"1e716bf4-930c-46bf-9f8a-d10a3b4726c5","local_time":"20210106111520","is_ascension_mode":false,"campfire_choices":[{"floor":13,"key":"REST"},{"floor":15,"key":"REST"}],"circlet_count":0,"master_deck":["SpecialBullet","SpecialBullet","SpecialBullet","SpecialBullet","SpecialBullet","SpecialBullet","SpecialBullet","SpecialBullet","WelfareCode","ControlCode","CentralCode","Penitence","BloodyDesire","Apotheosis+1","SecurityCode","GoldRush","Logging+1","Feint","infinitespire:Punishment"],"relics":["CogitoBucket","aspiration:Nostalgia","PureWater","LetterFromLob","betterThird:SlimedRelic","Golden Idol","ReplayTheSpireMod:Lightbulb","hubris:TenFootPole","Black Star","Frozen Eye"],"acts_visited":["Exordium","TheCity"],"potions_floor_usage":[11,14,14,23],"damage_taken":[{"damage":0,"enemies":"Cultist","floor":1,"turns":3},{"damage":0,"enemies":"Jaw Worm","floor":4,"turns":2},{"damage":7,"enemies":"Small Slimes","floor":5,"turns":2},{"damage":18,"enemies":"3 Sentries","floor":6,"turns":9},{"damage":0,"enemies":"Blue Slaver","floor":11,"turns":5},{"damage":20,"enemies":"3 Louse","floor":14,"turns":7},{"damage":24,"enemies":"The Guardian","floor":16,"turns":15},{"damage":12,"enemies":"Chosen","floor":18,"turns":6},{"damage":10,"enemies":"Spheric Guardian","floor":19,"turns":3},{"damage":8,"enemies":"Snecko","floor":20,"turns":4},{"damage":63,"enemies":"Snake Plant","floor":23,"turns":6}],"seed_played":"2531147662622657454","potions_obtained":[{"floor":4,"key":"Swift Potion"},{"floor":6,"key":"Block Potion"},{"floor":11,"key":"Energy Potion"}],"is_trial":false,"path_per_floor":["M","?","?","M","M","E","$","?","T","?","M","$","R","M","R","B",null,"M","M","M","?","AVR","M"],"character_chosen":"Angela","items_purchased":["UndeadPotion"],"campfire_rested":2,"item_purchase_floors":[12],"current_hp_per_floor":[70,59,42,42,35,17,17,20,20,20,20,20,41,29,47,31,63,59,57,57,57,57,0,0],"gold":275,"neow_bonus":"NOSTALGIA","is_daily":false,"chose_seed":false,"campfire_upgraded":0,"win_rate":0.0,"timestamp":1609920920,"path_taken":["M","?","?","M","M","E","$","?","T","?","M","?","R","M","R","BOSS","M","M","M","?","AVR","M"],"items_purchased_type":["Potion"],"build_version":"2020-12-22","purchased_purges":0,"victory":false,"max_hp_per_floor":[70,70,70,70,70,70,70,73,73,73,73,73,73,63,63,63,63,63,63,63,63,63,63,63],"card_choices":[{"not_picked":["Loneliness","SwordSharpenedByTears"],"picked":"SKIP","floor":1},{"not_picked":["Noise","SomewhereSpear"],"picked":"SKIP","floor":4},{"not_picked":["CUTE"],"picked":"Penitence","floor":5},{"not_picked":["Harvest"],"picked":"BloodyDesire","floor":6},{"not_picked":["BlackSwan_ego","Spore"],"picked":"SKIP","floor":11},{"not_picked":["FeatherOfHonor","TodaysExpression"],"picked":"SKIP","floor":14},{"not_picked":["Adoration"],"picked":"GoldRush","floor":16},{"not_picked":["Loneliness"],"picked":"Logging+1","floor":18},{"not_picked":["Heaven","Horn+1"],"picked":"SKIP","floor":19},{"not_picked":["Regret_ego+1","RapturousDream"],"picked":"SKIP","floor":20}],"player_experience":546339,"relics_obtained":[{"floor":1,"key":"LetterFromLob"},{"floor":6,"key":"ReplayTheSpireMod:Lightbulb"},{"floor":9,"key":"hubris:TenFootPole"}],"event_choices":[{"damage_healed":0,"gold_gain":0,"player_choice":"Slimed","damage_taken":11,"max_hp_gain":0,"max_hp_loss":0,"event_name":"betterThird:BetterGoop","floor":2,"gold_loss":42},{"damage_healed":0,"gold_gain":0,"player_choice":"Take Damage","damage_taken":17,"relics_obtained":["Golden Idol"],"max_hp_gain":0,"max_hp_loss":0,"event_name":"Golden Idol","floor":3,"gold_loss":0},{"damage_healed":20,"gold_gain":0,"player_choice":"Embrace","damage_taken":0,"max_hp_gain":0,"max_hp_loss":73,"event_name":"betterThird:BetterShining","floor":10,"gold_loss":0},{"damage_healed":0,"gold_gain":0,"player_choice":"Read","damage_taken":0,"max_hp_gain":0,"max_hp_loss":0,"event_name":"The Library","floor":21,"gold_loss":0,"cards_obtained":["Feint"]}],"is_beta":false,"boss_relics":[{"not_picked":["SlaversCollar","infinitespire:Cupcake"],"picked":"Black Star"}],"items_purged_floors":[],"is_endless":false,"potions_floor_spawned":[4,5,6,11,18],"killed_by":"Snake Plant","ascension_level":0}}