{"host":"28wx1s78lfgm5n5a","time":1609932450,"event":{"mods":["BaseMod","Energized Spire","Gold Saver","Highlight Path","Minty Spire (QoL Compilation)","Replay The Spire","StSLib","TestMod","Waifu the Spire","【遗物卡牌】REMEMod"],"gold_per_floor":[4999,4999,4914,3932,3947,3947,3983,3999,4026,4064,2928,2967,2967,2967,2967,3087,3087,3112,3112,2430,2430,1528,1528,1561,1617,1617,1617,1617,1617,1652,1696,1696,1853,1853,1908,1757,1757,1212,1245,1302,1635,1635,1659,1659,1697,1797,1846,1884,1884,1918,1918,1918,1427,1481,1489],"floor_reached":56,"playtime":2287,"items_purged":["Overencumbered","Hallucinations","Decay","Sickly","Strike_P"],"score":1435,"play_id":"e39d9d36-9da3-49fb-bbdd-618d98f1b9b8","local_time":"20210106192730","is_ascension_mode":true,"campfire_choices":[{"data":"Eruption","floor":6.0,"key":"SMITH"},{"data":"testmod-PainDetonator","floor":13.0,"key":"SMITH"},{"data":"Adaptation","floor":15.0,"key":"SMITH"},{"floor":23.0,"key":"RECALL"},{"data":"Vault","floor":29.0,"key":"SMITH"},{"data":"Tantrum","floor":32.0,"key":"SMITH"},{"data":"Recycle","floor":42.0,"key":"SMITH"},{"data":"REME_ACTH","floor":44.0,"key":"SMITH"},{"data":"Discovery","floor":49.0,"key":"SMITH"},{"data":"Pray","floor":52.0,"key":"SMITH"}],"circlet_count":0,"master_deck":["Strike_P","Defend_P","Defend_P","Defend_P+1","Defend_P","Eruption+1","Vigilance+1","Core Surge","Replay:ManipulateFuture","Wallop","FearNoEvil","Tantrum+1","BowlingBash","Adaptation+1","Pray+1","testmod-PainDetonator+1","Vault+1","Discovery+1","Coolheaded+1","Second Wind","Tantrum","REME_ACTH+1","Recycle+1","REME_Whirling+1","Master of Strategy+1"],"relics":["HolyWater","testmod-TestBox","REME_ComplimentaryCards","testmod-Laevatain","testmod-OneHitWonder","Medical Kit","Replay:PocketPolymizer","Bronze Scales","Juzu Bracelet","Lantern","Dream Catcher","testmod-Nyarlathotep","Bottled Flame","Frozen Eye","Eternal Feather","Art of War","Replay:Bandana","Divine Protection","HandDrill","ReplayTheSpireMod:Ring of Collecting","ReplayTheSpireMod:Shallot","PrismaticShard","ReplayFunnel","Regal Pillow","ReplayTheSpireMod:Ring of Challenge","Philosopher\u0027s Stone","War Paint","Golden Egg","testmod-IntensifyImprint","testmod-CyclicPeriapt","Blood Vial","Torii","testmod-TurbochargingSystem","Letter Opener"],"acts_visited":["Exordium","TheCity","TheBeyond","TheEnding"],"potions_floor_usage":[55,55,55],"damage_taken":[{"damage":0.0,"enemies":"2 Louse","floor":1.0,"turns":2.0},{"damage":7.0,"enemies":"Jaw Worm","floor":3.0,"turns":2.0},{"damage":0.0,"enemies":"Cultist","floor":5.0,"turns":2.0},{"damage":0.0,"enemies":"Lagavulin","floor":7.0,"turns":2.0},{"damage":1.0,"enemies":"Looter","floor":8.0,"turns":2.0},{"damage":13.0,"enemies":"3 Sentries","floor":10.0,"turns":3.0},{"damage":0.0,"enemies":"Gremlin Nob","floor":12.0,"turns":2.0},{"damage":0.0,"enemies":"Fading Forest","floor":16.0,"turns":11.0},{"damage":0.0,"enemies":"Chosen","floor":18.0,"turns":3.0},{"damage":0.0,"enemies":"Shell Parasite","floor":24.0,"turns":2.0},{"damage":0.0,"enemies":"Book of Stabbing","floor":25.0,"turns":3.0},{"damage":0.0,"enemies":"Chosen and Byrds","floor":30.0,"turns":3.0},{"damage":0.0,"enemies":"Cultist and Chosen","floor":31.0,"turns":3.0},{"damage":3.0,"enemies":"Automaton","floor":33.0,"turns":6.0},{"damage":0.0,"enemies":"3 Darklings","floor":35.0,"turns":3.0},{"damage":0.0,"enemies":"3 Shapes","floor":39.0,"turns":2.0},{"damage":0.0,"enemies":"Nemesis","floor":40.0,"turns":1.0},{"damage":0.0,"enemies":"Sphere and 2 Shapes","floor":45.0,"turns":2.0},{"damage":16.0,"enemies":"Giant Head","floor":47.0,"turns":5.0},{"damage":0.0,"enemies":"3 Darklings","floor":48.0,"turns":2.0},{"damage":0.0,"enemies":"Replay:Hell Engine","floor":50.0,"turns":2.0},{"damage":0.0,"enemies":"Shield and Spear","floor":54.0,"turns":1.0},{"damage":0,"enemies":"The Heart","floor":55,"turns":1}],"seed_played":"-2995723066254608871","potions_obtained":[{"floor":5.0,"key":"Elixir"},{"floor":7.0,"key":"testmod-SpacePotion"},{"floor":18.0,"key":"ColorlessPotion"},{"floor":33.0,"key":"ColorlessPotion"}],"is_trial":false,"path_per_floor":["M","?","M","$","M","R","E","M","T","E","$","E","R","?","R","B",null,"M","?","$","?","$","R","M","E","T","?","?","R","M","M","R","B",null,"M","$","?","$","M","E","?","R","T","R","M","?","E","M","R","B",null,"R","$","E","B",null],"character_chosen":"WATCHER","items_purchased":["Medical Kit","Replay:PocketPolymizer","Bronze Scales","LifebloodPotion","LifebloodPotion","LifebloodPotion","FearNoEvil","Adaptation","Pray","testmod-Nyarlathotep","Bottled Flame","Frozen Eye","AttackPotion","BottledMiracle","testmod-PainDetonator","Replay:Bandana","Divine Protection","HandDrill","ReplayTheSpireMod:Shallot","PrismaticShard","ReplayFunnel","EntropicBrew","Discovery","War Paint","Golden Egg","testmod-IntensifyImprint","testmod-TurbochargingSystem","Master of Strategy"],"campfire_rested":0,"item_purchase_floors":[4,4,4,4,4,4,4,11,11,11,11,11,11,11,11,20,20,20,22,22,22,22,22,36,38,38,53,53],"current_hp_per_floor":[72,54,47,47,47,47,47,46,46,33,33,33,42,42,51,61,72,72,72,72,72,72,72,72,72,72,72,72,72,72,72,72,69,72,72,72,72,72,72,72,72,72,72,72,72,72,56,58,72,72,72,72,72,72,72],"gold":1489,"neow_bonus":"RANDOM_COMMON_RELIC","is_daily":false,"chose_seed":false,"campfire_upgraded":9,"win_rate":0.0,"timestamp":1609932450,"path_taken":["M","?","M","$","M","R","E","M","T","E","$","E","R","?","R","BOSS","M","?","$","?","$","R","M","E","T","?","?","R","M","M","R","BOSS","M","$","?","$","M","E","?","R","T","R","M","?","E","M","R","BOSS","R","$","E","BOSS"],"items_purchased_type":["Relic","Relic","Relic","Potion","Potion","Potion","Card","Card","Card","Relic","Relic","Relic","Potion","Potion","Card","Relic","Relic","Relic","Relic","Relic","Relic","Potion","Card","Relic","Relic","Relic","Relic","Card"],"build_version":"2020-12-22","purchased_purges":5,"victory":true,"max_hp_per_floor":[72,72,72,72,72,72,72,72,72,72,72,72,72,72,72,72,72,72,72,72,72,72,72,72,72,72,72,72,72,72,72,72,72,72,72,72,72,72,72,72,72,72,72,72,72,72,72,72,72,72,72,72,72,72,72],"card_choices":[{"not_picked":["EmptyFist","Indignation"],"picked":"Replay:ManipulateFuture","floor":1.0},{"not_picked":["BowlingBash","EmptyBody"],"picked":"Wallop","floor":3.0},{"not_picked":["DeusExMachina","Fasting2"],"picked":"Tantrum","floor":5.0},{"not_picked":["WindmillStrike","Crescendo","MentalFortress"],"picked":"SKIP","floor":7.0},{"not_picked":["Crescendo","Tantrum","PathToVictory"],"picked":"SKIP","floor":8.0},{"not_picked":["Collect","Tantrum"],"picked":"BowlingBash","floor":10.0},{"not_picked":["ThirdEye","Weave","REME_Repentance"],"picked":"SKIP","floor":12.0},{"not_picked":["Replay:AllIn","ConjureBlade"],"picked":"Vault","floor":16.0},{"not_picked":["Prostrate","Halt","Study"],"picked":"SKIP","floor":18.0},{"not_picked":["testmod-HeadAttack+1","ReplayTheSpireMod:Strike From Hell"],"picked":"Coolheaded+1","floor":24.0},{"not_picked":["REME_Compress+1","CarveReality"],"picked":"Second Wind","floor":25.0},{"not_picked":["CutThroughFate","Spot Weakness","Gash"],"picked":"SKIP","floor":30.0},{"not_picked":["Crescendo","Warcry","Backstab+1"],"picked":"SKIP","floor":31.0},{"not_picked":["REME_SpectralBlade","testmod-BloodShelter"],"picked":"REME_ACTH","floor":33.0},{"not_picked":["Pommel Strike+1","Replay:ManipulateFuture"],"picked":"Recycle","floor":35.0},{"not_picked":["Halt+1","Backflip+1","Hello World+1"],"picked":"SKIP","floor":39.0},{"not_picked":["ClearTheMind","Disarm+1","Poisoned Stab+1"],"picked":"SKIP","floor":40.0},{"not_picked":["Ball Lightning+1","WindmillStrike","Halt"],"picked":"SKIP","floor":45.0},{"not_picked":["Poisoned Stab","Infernal Blade","Heatsinks+1"],"picked":"SKIP","floor":47.0},{"not_picked":["Flying Knee+1","REME_TheoryOfElimination+1"],"picked":"REME_Whirling+1","floor":48.0},{"not_picked":["ReachHeaven+1","Slice","Heel Hook+1"],"picked":"SKIP","floor":54.0}],"player_experience":106617,"relics_obtained":[{"floor":7.0,"key":"Juzu Bracelet"},{"floor":9.0,"key":"Lantern"},{"floor":10.0,"key":"Dream Catcher"},{"floor":12.0,"key":"Eternal Feather"},{"floor":21.0,"key":"ReplayTheSpireMod:Ring of Exchange"},{"floor":21.0,"key":"ReplayTheSpireMod:Ring of Collecting"},{"floor":25.0,"key":"Regal Pillow"},{"floor":26.0,"key":"ReplayTheSpireMod:Ring of Challenge"},{"floor":40.0,"key":"testmod-CyclicPeriapt"},{"floor":43.0,"key":"Blood Vial"},{"floor":47.0,"key":"Torii"},{"floor":54.0,"key":"Letter Opener"}],"event_choices":[{"damage_healed":0.0,"max_hp_gain":0.0,"max_hp_loss":0.0,"gold_gain":0.0,"event_name":"Golden Idol","player_choice":"Take Damage","floor":2.0,"gold_loss":0.0,"damage_taken":18.0,"relics_obtained":["Golden Idol"]},{"damage_healed":0.0,"max_hp_gain":0.0,"max_hp_loss":0.0,"gold_gain":0.0,"cards_transformed":["Strike_P"],"event_name":"Transmorgrifier","player_choice":"Transformed","floor":14.0,"gold_loss":0.0,"damage_taken":0.0,"cards_obtained":["Collect"]},{"damage_healed":0.0,"max_hp_gain":0.0,"max_hp_loss":0.0,"gold_gain":0.0,"event_name":"Vampires","player_choice":"Ignored","floor":27.0,"gold_loss":0.0,"damage_taken":0.0},{"cards_removed":["Collect"],"damage_healed":0.0,"max_hp_gain":0.0,"max_hp_loss":0.0,"gold_gain":0.0,"event_name":"Back to Basics","player_choice":"Elegance","floor":28.0,"gold_loss":0.0,"damage_taken":0.0},{"damage_healed":0.0,"max_hp_gain":0.0,"max_hp_loss":0.0,"gold_gain":0.0,"event_name":"SensoryStone","player_choice":"Memory 1","floor":37.0,"gold_loss":0.0,"damage_taken":0.0},{"damage_healed":0.0,"max_hp_gain":0.0,"max_hp_loss":0.0,"gold_gain":333.0,"event_name":"The Moai Head","player_choice":"Gave Idol","floor":41.0,"relics_lost":["Golden Idol"],"gold_loss":0.0,"damage_taken":0.0},{"damage_healed":0.0,"max_hp_gain":0.0,"max_hp_loss":0.0,"gold_gain":100.0,"event_name":"恩洛斯的盘子","player_choice":"Sell","floor":46.0,"relics_lost":["ReplayTheSpireMod:Ring of Exchange"],"gold_loss":0.0,"damage_taken":0.0}],"is_beta":false,"boss_relics":[{"not_picked":["Replay:Drink Me","energizedSpire:CrystalSphere"],"picked":"HolyWater"},{"not_picked":["ReplayTheSpireMod:DimensionalGlitch","Abe\u0027s Treasure"],"picked":"Philosopher\u0027s Stone"}],"items_purged_floors":[4,11,20,22,53],"is_endless":false,"potions_floor_spawned":[5,7,18,25,31,33,45,47,48,54],"ascension_level":2}}