{"host":"pa65g39v0cwbmgvo","time":1609896903,"event":{"mods":["2.2 Compatiblity","ATMod(°¢èªMod)","BaseMod","Better Skull","Better Third Choice","BetterRewards","Dota2Spire","Minty Spire (QoL Compilation)","Quick Restart","Replay The Spire","Spicy Shops","StSLib","SuperFastMode","¡¾ÒÅÎï¿¨ÅÆ¡¿REMEMod"],"gold_per_floor":[112,126,343,354,354,354,382,382,382,393,370,401,401,415,415,514,514,533,533,533,533,551,551,578,578,657,64,94,94,127,143,143,242,242,258,270,270,23,77,77,104,156,156,105,139,139,156,166,220,220,220,220,21,53,53],"floor_reached":56,"playtime":1893,"items_purged":["Strike_P","Strike_P","Delirium"],"score":1624,"play_id":"180065f3-91b8-4602-88fc-86c7ab793d96","local_time":"20210106093503","is_ascension_mode":false,"campfire_choices":[{"floor":6,"key":"REST"},{"floor":13,"key":"REST"},{"floor":15,"key":"REST"},{"data":"Fasting2","floor":23,"key":"SMITH"},{"data":"Collect","floor":25,"key":"SMITH"},{"data":"Vigilance","floor":29,"key":"SMITH"},{"data":"Eruption","floor":32,"key":"SMITH"},{"data":"AT_ChampionKick","floor":40,"key":"SMITH"},{"floor":46,"key":"RECALL"},{"data":"REME_EmptyShield","floor":52,"key":"SMITH"}],"circlet_count":0,"master_deck":["Strike_P","Strike_P+1","Defend_P","Defend_P","Defend_P","Defend_P+1","Eruption+1","Vigilance+1","AT_WindFlip","Collect+1","CrushJoints","Fasting2+1","FlurryOfBlows","AT_RealColorLess+1","Strike_P","REME_EmptyShield+1","AT_ChampionKick+1","Panache+1","AT_ChampionStep+1","Fasting2+1"],"relics":["PureWater","REME_ComplimentaryCards","AT_ATBox","NeowsBlessing","Happy Flower","Singing Bowl","Frozen Egg 2","PreservedInsect","Pen Nib","Busted Crown","Gambling Chip","ReplayTheSpireMod:Shallot","Dota2Spire:MonkeyKingBar","Question Card","Membership Card","Dota2Spire:Butterfly","Pantograph","Bag of Preparation","Dota2Spire:RefresherOrb","ReplayTheSpireMod:Ring of Challenge","Toolbox","Dota2Spire:PowerTreads","Replay:Towering Pillar of Hats","Ornamental Fan","Dota2Spire:Mjollnir","Replay:Baseball","ReplayTheSpireMod:CursedCoin","Dota2Spire:MaskOfMadness","Dota2Spire:BattleFury","Sling","Dota2Spire:Dagon"],"acts_visited":["Exordium","TheCity","TheBeyond","TheEnding"],"potions_floor_usage":[7,12,18,30,33,33,55],"damage_taken":[{"damage":0.0,"enemies":"Small Slimes","floor":1.0,"turns":1.0},{"damage":0.0,"enemies":"Cultist","floor":2.0,"turns":1.0},{"damage":0.0,"enemies":"Jaw Worm","floor":4.0,"turns":1.0},{"damage":14,"enemies":"Lagavulin","floor":7,"turns":6},{"damage":19,"enemies":"3 Louse","floor":10,"turns":3},{"damage":3,"enemies":"3 Sentries","floor":12,"turns":3},{"damage":8,"enemies":"Exordium Wildlife","floor":14,"turns":5},{"damage":0,"enemies":"Slime Boss","floor":16,"turns":5},{"damage":22,"enemies":"2 Thieves","floor":18,"turns":4},{"damage":10,"enemies":"Chosen","floor":22,"turns":3},{"damage":20,"enemies":"Gremlin Leader","floor":24,"turns":4},{"damage":16,"enemies":"Slavers","floor":28,"turns":2},{"damage":0,"enemies":"Snecko","floor":30,"turns":2},{"damage":4,"enemies":"Snake Plant","floor":31,"turns":3},{"damage":0,"enemies":"Collector","floor":33,"turns":3},{"damage":0,"enemies":"3 Darklings","floor":35,"turns":3},{"damage":0,"enemies":"Orb Walker","floor":36,"turns":3},{"damage":0,"enemies":"2 Orb Walkers","floor":39,"turns":3},{"damage":0,"enemies":"Nemesis","floor":41,"turns":3},{"damage":0,"enemies":"R_Hoarder","floor":45,"turns":2},{"damage":0,"enemies":"3 Darklings","floor":47,"turns":1},{"damage":0,"enemies":"Awakened One","floor":50,"turns":4},{"damage":0,"enemies":"Shield and Spear","floor":54,"turns":2},{"damage":42,"enemies":"The Heart","floor":55,"turns":5}],"seed_played":"1309479853125932597","potions_obtained":[{"floor":2.0,"key":"Languid Potion"},{"floor":10,"key":"ColorlessPotion"},{"floor":16,"key":"PowerPotion"},{"floor":24,"key":"Energy Potion"},{"floor":30,"key":"Explosive Potion"},{"floor":31,"key":"LifebloodPotion"},{"floor":36,"key":"SteroidPotion"},{"floor":39,"key":"GamblersBrew"}],"is_trial":false,"path_per_floor":["M","M","?","M","?","R","E","T","T","M","?","E","R","M","R","B",null,"M","?","T","?","M","R","E","R","T","$","E","R","M","M","R","B",null,"M","M","?","$","?","R","E","T","T","$","E","R","M","$","R","B",null,"R","$","E","B",null],"character_chosen":"WATCHER","items_purchased":["Question Card","Membership Card","Dota2Spire:Butterfly","Pantograph","Toolbox","Dota2Spire:PowerTreads","Panache+1","AT_ChampionStep+1","ReplayTheSpireMod:CursedCoin","Dota2Spire:MaskOfMadness","Dota2Spire:BattleFury","Sling"],"campfire_rested":3,"item_purchase_floors":[27,27,27,27,38,38,38,44,48,48,53,53],"current_hp_per_floor":[72,72,41,41,27,48,34,34,34,15,15,14,36,30,52,52,76,54,78,78,78,70,70,52,52,52,52,38,38,40,36,36,61,86,88,88,88,88,90,90,92,92,92,92,94,94,94,94,94,96,96,96,96,98,56],"gold":53,"neow_bonus":"THREE_ENEMY_KILL","is_daily":false,"chose_seed":false,"campfire_upgraded":6,"win_rate":0.0,"timestamp":1609896903,"path_taken":["M","M","?","?","?","R","E","?","T","M","?","E","R","M","R","BOSS","M","?","?","?","M","R","E","R","T","$","E","R","?","M","R","BOSS","M","M","?","$","?","R","E","?","T","?","E","R","M","$","R","BOSS","R","$","E","BOSS"],"items_purchased_type":["Relic","Relic","Relic","Relic","Relic","Relic","Card","Card","Relic","Relic","Relic","Relic"],"build_version":"2020-12-22","purchased_purges":3,"victory":true,"max_hp_per_floor":[72,72,72,72,72,72,72,72,72,72,72,74,74,76,76,76,76,78,78,78,78,80,80,82,82,82,82,84,84,86,86,86,86,86,88,90,90,90,92,92,94,94,94,94,96,96,96,96,96,96,96,96,96,98,98],"card_choices":[{"not_picked":["BowlingBash","Halt"],"picked":"Collect","floor":1.0},{"not_picked":["ClearTheMind","Wallop","Halt"],"picked":"SKIP","floor":2.0},{"not_picked":["PathToVictory","Collect"],"picked":"CrushJoints","floor":4.0},{"not_picked":["Protect","Vault"],"picked":"Fasting2","floor":7},{"not_picked":["EmptyFist","Evaluate"],"picked":"FlurryOfBlows","floor":10},{"not_picked":["ClearTheMind","WreathOfFlame","SashWhip"],"picked":"Singing Bowl","floor":12},{"not_picked":["Crescendo","Sanctity","Nirvana+1"],"picked":"Singing Bowl","floor":14},{"not_picked":["DeusExMachina","DevaForm+1"],"picked":"AT_RealColorLess+1","floor":16},{"not_picked":["PathToVictory"],"picked":"Singing Bowl","floor":18},{"not_picked":["CutThroughFate"],"picked":"Singing Bowl","floor":22},{"not_picked":["Halt"],"picked":"Singing Bowl","floor":24},{"not_picked":["Fasting2+1","AT_OneInchPunch"],"picked":"Singing Bowl","floor":28},{"not_picked":["SashWhip","Indignation"],"picked":"Singing Bowl","floor":30},{"not_picked":["Crescendo"],"picked":"REME_EmptyShield","floor":31},{"not_picked":["Scrawl"],"picked":"AT_ChampionKick","floor":33},{"not_picked":["FearNoEvil","ThirdEye+1"],"picked":"Singing Bowl","floor":35},{"not_picked":["Replay:Anticipation+1","CutThroughFate"],"picked":"Singing Bowl","floor":36},{"not_picked":["BowlingBash","WreathOfFlame"],"picked":"Singing Bowl","floor":39},{"not_picked":["SandsOfTime+1","Replay:ManipulateFuture+1"],"picked":"Singing Bowl","floor":41},{"not_picked":["Evaluate","Replay:BluntJabs"],"picked":"Singing Bowl","floor":45},{"not_picked":["PathToVictory+1"],"picked":"Fasting2+1","floor":47},{"not_picked":["AT_OneInchPunch+1","Replay:AtTheReady"],"picked":"Singing Bowl","floor":54}],"player_experience":44118,"relics_obtained":[{"floor":7,"key":"Singing Bowl"},{"floor":8,"key":"Frozen Egg 2"},{"floor":9,"key":"PreservedInsect"},{"floor":12,"key":"Pen Nib"},{"floor":20,"key":"Gambling Chip"},{"floor":24,"key":"ReplayTheSpireMod:Shallot"},{"floor":26,"key":"Dota2Spire:MonkeyKingBar"},{"floor":28,"key":"Bag of Preparation"},{"floor":37,"key":"ReplayTheSpireMod:Ring of Challenge"},{"floor":39,"key":"Replay:Towering Pillar of Hats"},{"floor":41,"key":"Ornamental Fan"},{"floor":43,"key":"Dota2Spire:Mjollnir"},{"floor":45,"key":"Replay:Baseball"},{"floor":54,"key":"Dota2Spire:Dagon"}],"event_choices":[{"damage_healed":0.0,"max_hp_gain":0.0,"max_hp_loss":0.0,"gold_gain":217.0,"event_name":"betterSkull:BetterSkull","player_choice":"GO RE GO ","floor":3.0,"gold_loss":0.0,"damage_taken":35.0,"cards_upgraded":[],"relics_obtained":["Happy Flower"]},{"damage_healed":41,"gold_gain":0,"player_choice":"Upgrade","damage_taken":14,"max_hp_gain":0,"max_hp_loss":72,"event_name":"betterThird:BetterShining","floor":5,"gold_loss":0,"cards_upgraded":["Defend_P","Strike_P"]},{"damage_healed":0,"gold_gain":0,"player_choice":"Left","damage_taken":0,"max_hp_gain":0,"max_hp_loss":0,"event_name":"betterThird:BetterGoop","floor":11,"gold_loss":23},{"damage_healed":26,"gold_gain":0,"player_choice":"Heal","damage_taken":0,"max_hp_gain":0,"max_hp_loss":0,"event_name":"The Library","floor":19,"gold_loss":0},{"damage_healed":0,"gold_gain":0,"player_choice":"Fight","damage_taken":0,"max_hp_gain":0,"max_hp_loss":0,"event_name":"Mysterious Sphere","floor":39,"gold_loss":0}],"is_beta":false,"boss_relics":[{"not_picked":["Cursed Key","Abe\u0027s Treasure"],"picked":"Busted Crown"},{"not_picked":["Fusion Hammer","Runic Dome"],"picked":"Dota2Spire:RefresherOrb"}],"items_purged_floors":[27,38,48],"is_endless":false,"potions_floor_spawned":[2,10,16,24,30,31,36,39,47],"ascension_level":0}}