{"host":"4u66lrbz4v7cei5p","time":1609926305,"event":{"mods":["BaseMod","Bestiary","Colored Map","Filter the Spire","Minty Spire (QoL Compilation)","Permanent Neow","StSLib"],"gold_per_floor":[119,294,294,294,309,339,339,339,365,396,396,13,40,40,40,144,144,160,160,187,197,197,197,224,238,262,292,242,262,294,313,313,410,410,429,429,442,442,219,247,265,292,292,327,327,352,367,327,327,327,327,327,61,91,91],"floor_reached":56,"playtime":4129,"items_purged":["Regret"],"score":1583,"play_id":"ee61a4b5-a4ac-46bf-909f-2ff9264e17f8","local_time":"20210106014505","is_ascension_mode":true,"campfire_choices":[{"data":"White Noise","floor":8.0,"key":"SMITH"},{"data":"Sweeping Beam","floor":11.0,"key":"SMITH"},{"data":"Defragment","floor":15.0,"key":"SMITH"},{"data":"Seek","floor":23.0,"key":"SMITH"},{"data":"Tempest","floor":32.0,"key":"SMITH"},{"data":"Echo Form","floor":45.0,"key":"SMITH"},{"floor":49.0,"key":"RECALL"},{"data":"Capacitor","floor":52,"key":"SMITH"}],"circlet_count":0,"master_deck":["Zap","Dualcast","Leap","Tempest+1","White Noise+1","Leap","Consume","Reboot","Glacier","Go for the Eyes","Lockon","Sweeping Beam+1","Defragment+1","Seek+1","Aggregate+1","White Noise+1","Genetic Algorithm","Turbo+1","Multi-Cast","Echo Form+1","Static Discharge","Defragment","Hologram","Reinforced Body+1","Double Energy+1","Storm+1","Capacitor+1","Reinforced Body+1","Capacitor"],"relics":["Pandora\u0027s Box","Ancient Tea Set","Gremlin Horn","Boot","Blood Vial","PreservedInsect","DataDisk","Chemical X","Toy Ornithopter","Runic Pyramid","Vajra","Nilry\u0027s Codex","Strawberry","Bird Faced Urn","Centennial Puzzle","Nuclear Battery","Toolbox","Dream Catcher","Turnip","Cables","Orichalcum","Lantern","DollysMirror","Torii"],"acts_visited":["Exordium","TheCity","TheBeyond","TheEnding"],"potions_floor_usage":[55,55],"damage_taken":[{"damage":0.0,"enemies":"Small Slimes","floor":1.0,"turns":5.0},{"damage":2.0,"enemies":"Jaw Worm","floor":5.0,"turns":4.0},{"damage":28.0,"enemies":"3 Sentries","floor":6.0,"turns":8.0},{"damage":3.0,"enemies":"Lagavulin","floor":10.0,"turns":7.0},{"damage":0.0,"enemies":"3 Sentries","floor":13.0,"turns":3.0},{"damage":0.0,"enemies":"Slime Boss","floor":16.0,"turns":5.0},{"damage":33.0,"enemies":"2 Thieves","floor":18.0,"turns":3.0},{"damage":0.0,"enemies":"Spheric Guardian","floor":21.0,"turns":5.0},{"damage":0.0,"enemies":"Gremlin Leader","floor":24.0,"turns":3.0},{"damage":9.0,"enemies":"Centurion and Healer","floor":25.0,"turns":3.0},{"damage":16.0,"enemies":"Slavers","floor":27.0,"turns":2.0},{"damage":2.0,"enemies":"Shelled Parasite and Fungi","floor":29.0,"turns":3.0},{"damage":0.0,"enemies":"Gremlin Leader","floor":30.0,"turns":2.0},{"damage":7.0,"enemies":"3 Cultists","floor":31.0,"turns":5.0},{"damage":16.0,"enemies":"Collector","floor":33.0,"turns":6.0},{"damage":0.0,"enemies":"Orb Walker","floor":35.0,"turns":2.0},{"damage":0.0,"enemies":"3 Darklings","floor":37.0,"turns":4.0},{"damage":0.0,"enemies":"Reptomancer","floor":40.0,"turns":2.0},{"damage":9.0,"enemies":"Jaw Worm Horde","floor":41.0,"turns":2.0},{"damage":9.0,"enemies":"Nemesis","floor":42.0,"turns":3.0},{"damage":0.0,"enemies":"Giant Head","floor":44.0,"turns":3.0},{"damage":3.0,"enemies":"Nemesis","floor":46.0,"turns":3.0},{"damage":10.0,"enemies":"Writhing Mass","floor":47.0,"turns":2.0},{"damage":7,"enemies":"Donu and Deca","floor":50,"turns":4},{"damage":0,"enemies":"Shield and Spear","floor":54,"turns":2},{"damage":24,"enemies":"The Heart","floor":55,"turns":6}],"seed_played":"-4177536047707357439","potions_obtained":[{"floor":5.0,"key":"LiquidBronze"},{"floor":10.0,"key":"DistilledChaos"},{"floor":16.0,"key":"Weak Potion"},{"floor":18.0,"key":"Fire Potion"},{"floor":25.0,"key":"DistilledChaos"},{"floor":29.0,"key":"FocusPotion"},{"floor":33.0,"key":"AttackPotion"},{"floor":54,"key":"FocusPotion"}],"is_trial":false,"path_per_floor":["M","?","?","?","M","E","?","R","T","E","R","$","E","?","R","B",null,"M","?","T","M","?","R","E","M","T","E","?","M","E","M","R","B",null,"M","$","M","?","$","E","M","E","T","E","R","E","M","$","R","B",null,"R","$","E","B",null],"character_chosen":"DEFECT","items_purchased":["DataDisk","Chemical X","Toolbox","Defragment","Capacitor","DollysMirror","Capacitor","FocusPotion"],"campfire_rested":0,"item_purchase_floors":[12,12,39,39,48,53,53,53],"current_hp_per_floor":[75,75,75,75,73,45,38,38,38,37,37,37,39,32,32,39,75,42,42,42,44,28,28,37,30,30,16,16,22,28,33,33,34,82,82,82,82,82,82,82,77,75,75,82,82,82,72,72,72,81,82,82,82,82,75],"gold":91,"neow_bonus":"BOSS_RELIC","is_daily":false,"chose_seed":false,"campfire_upgraded":7,"win_rate":0.0,"timestamp":1609926305,"path_taken":["M","?","?","?","M","E","?","R","T","E","R","$","E","?","R","BOSS","M","?","?","?","?","R","E","M","T","E","?","M","E","M","R","BOSS","M","?","M","?","$","E","M","E","T","E","R","E","M","$","R","BOSS","R","$","E","BOSS"],"items_purchased_type":["Relic","Relic","Relic","Card","Card","Relic","Card","Potion"],"build_version":"2020-12-22","purchased_purges":1,"victory":true,"max_hp_per_floor":[75,75,75,75,75,75,75,75,75,75,75,75,75,75,75,75,75,75,75,75,75,75,75,82,82,82,82,82,82,82,82,82,82,82,82,82,82,82,82,82,82,82,82,82,82,82,82,82,82,82,82,82,82,82,82],"card_choices":[{"not_picked":["Redo","Coolheaded"],"picked":"Go for the Eyes","floor":1.0},{"not_picked":["Chaos","Rebound"],"picked":"Barrage","floor":5.0},{"not_picked":["Turbo","Redo"],"picked":"Lockon","floor":6.0},{"not_picked":["Hologram","Storm"],"picked":"Sweeping Beam","floor":10.0},{"not_picked":["Ball Lightning","Compile Driver"],"picked":"Defragment","floor":13.0},{"not_picked":["Meteor Strike","Thunder Strike"],"picked":"Seek","floor":16.0},{"not_picked":["Leap","Barrage"],"picked":"Aggregate+1","floor":18.0},{"not_picked":["Barrage","Beam Cell","Fusion"],"picked":"SKIP","floor":21.0},{"not_picked":["Auto Shields+1","Steam Power"],"picked":"White Noise+1","floor":24.0},{"not_picked":["Defragment","Cold Snap"],"picked":"Genetic Algorithm","floor":25.0},{"not_picked":["Buffer","Darkness+1"],"picked":"Turbo+1","floor":27.0},{"not_picked":["Rebound","Stack","Ball Lightning"],"picked":"SKIP","floor":29.0},{"not_picked":["Leap","Redo+1"],"picked":"Multi-Cast","floor":30.0},{"not_picked":["Ball Lightning","Gash+1","Compile Driver"],"picked":"SKIP","floor":31.0},{"not_picked":["Thunder Strike","Fission"],"picked":"Echo Form","floor":33.0},{"not_picked":["Stack+1","Barrage+1","Ball Lightning"],"picked":"SKIP","floor":35.0},{"not_picked":["Streamline","Barrage"],"picked":"Static Discharge","floor":37.0},{"not_picked":["White Noise","Compile Driver+1","Stack"],"picked":"SKIP","floor":40.0},{"not_picked":["White Noise","Compile Driver+1","Stack"],"picked":"SKIP","floor":40.0},{"not_picked":["FTL","Ball Lightning","Stack+1"],"picked":"SKIP","floor":41.0},{"not_picked":["Aggregate","Chaos"],"picked":"Hologram","floor":42.0},{"not_picked":["Sweeping Beam","Self Repair+1"],"picked":"Reinforced Body+1","floor":44.0},{"not_picked":["Gash+1","Doom and Gloom+1"],"picked":"Double Energy+1","floor":46.0},{"not_picked":["Glacier","Cold Snap"],"picked":"Storm+1","floor":47.0},{"not_picked":["Hyperbeam","Recycle+1","Barrage"],"picked":"SKIP","floor":54}],"player_experience":77257,"relics_obtained":[{"floor":6.0,"key":"Gremlin Horn"},{"floor":9.0,"key":"Blood Vial"},{"floor":10.0,"key":"PreservedInsect"},{"floor":13.0,"key":"Toy Ornithopter"},{"floor":20.0,"key":"Vajra"},{"floor":22.0,"key":"Nilry\u0027s Codex"},{"floor":24.0,"key":"Strawberry"},{"floor":27.0,"key":"Bird Faced Urn"},{"floor":30.0,"key":"Centennial Puzzle"},{"floor":40.0,"key":"Dream Catcher"},{"floor":42.0,"key":"Turnip"},{"floor":43.0,"key":"Cables"},{"floor":44.0,"key":"Orichalcum"},{"floor":46.0,"key":"Lantern"},{"floor":54,"key":"Torii"}],"event_choices":[{"damage_healed":0.0,"max_hp_gain":0.0,"max_hp_loss":0.0,"gold_gain":175.0,"event_name":"Liars Game","player_choice":"AGREE","floor":2.0,"gold_loss":0.0,"damage_taken":0.0,"cards_obtained":["Doubt"]},{"cards_removed":["Doubt"],"damage_healed":0.0,"max_hp_gain":0.0,"max_hp_loss":0.0,"gold_gain":0.0,"event_name":"Living Wall","player_choice":"Forget","floor":3.0,"gold_loss":0.0,"damage_taken":0.0},{"damage_healed":0.0,"max_hp_gain":0.0,"max_hp_loss":0.0,"gold_gain":0.0,"event_name":"Big Fish","player_choice":"Box","floor":4.0,"gold_loss":0.0,"damage_taken":0.0,"relics_obtained":["Ancient Tea Set"],"cards_obtained":["Regret"]},{"damage_healed":0.0,"max_hp_gain":0.0,"max_hp_loss":0.0,"gold_gain":0.0,"event_name":"Scrap Ooze","player_choice":"Success","floor":7.0,"gold_loss":0.0,"damage_taken":7.0,"relics_obtained":["Boot"]},{"cards_removed":["All For One"],"damage_healed":0.0,"max_hp_gain":0.0,"max_hp_loss":0.0,"gold_gain":0.0,"event_name":"Golden Wing","player_choice":"Card Removal","floor":14.0,"gold_loss":0.0,"damage_taken":7.0},{"damage_healed":0.0,"max_hp_gain":0.0,"max_hp_loss":0.0,"gold_gain":0.0,"event_name":"Vampires","player_choice":"Ignored","floor":19.0,"gold_loss":0.0,"damage_taken":0.0},{"damage_healed":0.0,"max_hp_gain":0.0,"max_hp_loss":0.0,"gold_gain":0.0,"event_name":"Cursed Tome","player_choice":"Obtained Book","floor":22.0,"gold_loss":0.0,"damage_taken":16.0},{"damage_healed":0.0,"max_hp_gain":0.0,"max_hp_loss":0.0,"gold_gain":0.0,"event_name":"The Joust","player_choice":"Bet on Murderer","floor":28.0,"gold_loss":50.0,"damage_taken":0.0},{"cards_removed":["Barrage"],"damage_healed":0.0,"max_hp_gain":0.0,"max_hp_loss":0.0,"gold_gain":0.0,"event_name":"Falling","player_choice":"Removed Attack","floor":38.0,"gold_loss":0.0,"damage_taken":0.0}],"is_beta":false,"boss_relics":[{"not_picked":["Empty Cage","Philosopher\u0027s Stone"],"picked":"Runic Pyramid"},{"not_picked":["SacredBark","Busted Crown"],"picked":"Nuclear Battery"}],"items_purged_floors":[12],"is_endless":false,"potions_floor_spawned":[5,10,16,18,25,29,30,33,35,42,54],"ascension_level":2}}