{"host":"qhn6g0owdgjb77rz","time":1609940072,"event":{"mods":["BaseMod","BetterRewards","Colored Map","Minty Spire (QoL Compilation)","Relic Sorter","Replay The Spire","StSLib"],"gold_per_floor":[114,289,289,29,49,76,76,76,99,99,174,174,231,275,275,297,297],"floor_reached":16,"playtime":546,"items_purged":[],"score":299,"play_id":"c4ce4eb6-efff-463c-a805-0805f65d3cff","local_time":"20210106223432","is_ascension_mode":true,"campfire_choices":[{"data":"Infinite Blades","floor":7.0,"key":"SMITH"},{"data":"Neutralize","floor":10.0,"key":"SMITH"},{"data":"Backflip","floor":12.0,"key":"SMITH"},{"data":"ReplayTheSpireMod:Scrap Shanks","floor":15,"key":"SMITH"}],"circlet_count":0,"master_deck":["AscendersBane","Strike_G","Strike_G","Strike_G","Strike_G","Strike_G","Defend_G","Defend_G","Defend_G","Defend_G","Defend_G","Survivor","Neutralize+1","Infinite Blades+1","Infinite Blades+1","Masterful Stab","Finisher","Flying Knee","Backflip+1","ReplayTheSpireMod:Scrap Shanks+1"],"relics":["Ring of the Snake","Shuriken","Replay:Bandana","CeramicFish","Turnip"],"acts_visited":["Exordium"],"potions_floor_usage":[13,13],"damage_taken":[{"damage":9.0,"enemies":"Jaw Worm","floor":1.0,"turns":4.0},{"damage":0.0,"enemies":"Small Slimes","floor":5.0,"turns":3.0},{"damage":22.0,"enemies":"3 Sentries","floor":6.0,"turns":7.0},{"damage":0,"enemies":"Lagavulin","floor":13,"turns":3},{"damage":0,"enemies":"Cultist","floor":14,"turns":3},{"damage":25,"enemies":"The Guardian","floor":16,"turns":8}],"seed_played":"-4227074359701739300","potions_obtained":[{"floor":5.0,"key":"SteroidPotion"},{"floor":6.0,"key":"BlessingOfTheForge"}],"is_trial":false,"path_per_floor":["M","?","?","$","M","E","R","?","T","R","?","R","E","M","R","B"],"character_chosen":"THE_SILENT","items_purchased":["Infinite Blades","Masterful Stab","Dexterity Potion","Shuriken"],"campfire_rested":0,"item_purchase_floors":[0,0,0,4],"current_hp_per_floor":[54,54,54,54,54,32,32,32,32,32,25,25,25,25,25,0,0],"gold":297,"neow_bonus":"","is_daily":false,"chose_seed":false,"campfire_upgraded":4,"win_rate":0.0,"timestamp":1609940072,"path_taken":["M","?","?","$","?","E","R","?","T","R","?","R","E","M","R","BOSS"],"items_purchased_type":["Card","Card","Potion","Relic"],"build_version":"2020-12-22","purchased_purges":0,"victory":false,"max_hp_per_floor":[70,70,70,70,70,70,70,70,70,70,70,70,70,70,70,70,70],"card_choices":[{"not_picked":["PiercingWail","Riddle With Holes"],"picked":"Finisher","floor":1.0},{"not_picked":["Acrobatics","Underhanded Strike"],"picked":"Flying Knee","floor":5.0},{"not_picked":["Bouncing Flask","Sucker Punch"],"picked":"Backflip","floor":6.0},{"not_picked":["A Thousand Cuts","Deadly Poison","Dodge and Roll"],"picked":"SKIP","floor":13},{"not_picked":["Dodge and Roll","Hidden Blade"],"picked":"ReplayTheSpireMod:Scrap Shanks","floor":14}],"player_experience":408241,"relics_obtained":[{"floor":6.0,"key":"Replay:Bandana"},{"floor":9.0,"key":"CeramicFish"},{"floor":13,"key":"Turnip"}],"event_choices":[{"damage_healed":0.0,"max_hp_gain":0.0,"max_hp_loss":0.0,"gold_gain":175.0,"event_name":"Liars Game","player_choice":"AGREE","floor":2.0,"gold_loss":0.0,"damage_taken":0.0,"cards_obtained":["Doubt"]},{"cards_removed":["Doubt"],"damage_healed":0.0,"max_hp_gain":0.0,"max_hp_loss":0.0,"gold_gain":0.0,"event_name":"Fountain of Cleansing","player_choice":"Removed Curses","floor":3.0,"gold_loss":0.0,"damage_taken":0.0},{"damage_healed":0.0,"max_hp_gain":0.0,"max_hp_loss":0.0,"gold_gain":0.0,"event_name":"Living Wall","player_choice":"Grow","floor":8.0,"gold_loss":0.0,"damage_taken":0.0,"cards_upgraded":["Infinite Blades"]},{"damage_healed":0.0,"max_hp_gain":0.0,"max_hp_loss":0.0,"gold_gain":75.0,"event_name":"FaceTrader","player_choice":"Touch","floor":11.0,"gold_loss":0.0,"damage_taken":7.0}],"is_beta":false,"boss_relics":[],"items_purged_floors":[],"is_endless":false,"potions_floor_spawned":[5,6],"killed_by":"The Guardian","ascension_level":13}}