{"host":"69bxgjr0sv0a6xc4","time":1609961233,"event":{"mods":["Act Like it!","BaseMod","Better Altar","Better Match","Better Note","Better Sensory Stone","Better Skull","Better Third Choice","BetterRewards","DeckTracker","Friendly Minions","Jorbs\u0027s Wanderer Trilogy","Lobotomy","LobotomyExtend","Minty Spire (QoL Compilation)","Relic Stats","Spicy Shops","StSLib","The Bladedancer","Unceasing Turn Reminder"],"gold_per_floor":[278,278,36,36,36,36,63,73,73,84,84,104,104,123,123,199,199,199,209,219,219,144,144,144,144],"floor_reached":24,"playtime":1019,"items_purged":[],"score":340,"play_id":"5b8a3366-a770-40c9-846f-6f678edca6c8","local_time":"20210106202713","is_ascension_mode":true,"campfire_choices":[{"data":"Neutralize","floor":6,"key":"SMITH"},{"floor":11,"key":"REST"},{"data":"Deadly Poison","floor":13,"key":"SMITH"},{"data":"Dash","floor":15,"key":"SMITH"},{"data":"Sucker Punch","floor":23,"key":"SMITH"}],"circlet_count":0,"master_deck":["AscendersBane","Survivor","Neutralize+1","Backstab","Dash+1","MeatLantern","Deadly Poison+1","Escape Plan","Corpse Explosion","Tools of the Trade+1","Sucker Punch+1","Venomology","Infinite Blades+1","Catalyst","Endless Agony","Dodge and Roll","Caltrops+1","Flechettes","BlackArmy","Deadly Poison"],"relics":["Ring of the Snake","CogitoBucket","LetterFromLob","Matryoshka","Omamori","Paper Crane","Snake Skull","RedMistMask","Frozen Egg 2","ResearcherNote","Pandora\u0027s Box","Gaze_r","LaetitiaHeart"],"acts_visited":["Exordium","TheCity"],"potions_floor_usage":[14,18,18,19,24],"damage_taken":[{"damage":0,"enemies":"2 Louse","floor":1,"turns":2},{"damage":37,"enemies":"Lagavulin","floor":7,"turns":13},{"damage":0,"enemies":"Small Slimes","floor":8,"turns":2},{"damage":0,"enemies":"Cultist","floor":10,"turns":2},{"damage":0,"enemies":"Blue Slaver","floor":12,"turns":2},{"damage":0,"enemies":"Lots of Slimes","floor":14,"turns":2},{"damage":3,"enemies":"The Guardian","floor":16,"turns":10},{"damage":16,"enemies":"3 Byrds","floor":18,"turns":2},{"damage":0,"enemies":"3 Byrds","floor":19,"turns":3},{"damage":18,"enemies":"Shell Parasite","floor":20,"turns":2},{"damage":46,"enemies":"Slavers","floor":24,"turns":3}],"seed_played":"-4541344110298685926","potions_obtained":[{"floor":7,"key":"SkillPotion"},{"floor":10,"key":"BlessingOfTheForge"},{"floor":14,"key":"Fire Potion"},{"floor":20,"key":"DuplicationPotion"}],"is_trial":false,"path_per_floor":["M","?","$","?","?","R","E","M","T","M","R","M","R","M","R","B",null,"M","M","M","?","?","R","E"],"character_chosen":"THE_SILENT","items_purchased":["Matryoshka"],"campfire_rested":1,"item_purchase_floors":[3],"current_hp_per_floor":[59,59,59,51,51,51,14,14,14,14,33,33,33,33,33,30,57,41,41,25,25,25,25,0,0],"gold":144,"neow_bonus":"","is_daily":false,"chose_seed":false,"campfire_upgraded":4,"win_rate":0.0,"timestamp":1609961233,"path_taken":["M","?","$","?","?","R","E","M","T","M","R","M","R","?","R","BOSS","M","?","M","?","?","R","E"],"items_purchased_type":["Relic"],"build_version":"2020-12-22","purchased_purges":0,"victory":false,"max_hp_per_floor":[66,66,66,66,66,66,66,66,66,66,66,66,66,66,66,66,66,66,66,66,66,66,66,66,66],"relic_stats":{"counters":[12,44],"Pandora\u0027s Box":["Tools of the Trade","Sucker Punch","Venomology","Infinite Blades","Catalyst","Night Terror","Endless Agony","Dodge and Roll","Caltrops","Flechettes"],"Snake Skull":[8],"obtain_stats":[{"ResearcherNote":14,"Snake Skull":7,"Omamori":4,"Paper Crane":5,"Frozen Egg 2":9,"Gaze_r":18,"CogitoBucket":0,"Matryoshka":3,"LaetitiaHeart":18,"Pandora\u0027s Box":17,"RedMistMask":7,"LetterFromLob":1,"Ring of the Snake":0},{"ResearcherNote":7,"Snake Skull":2,"Omamori":1,"Paper Crane":1,"Frozen Egg 2":3,"Gaze_r":9,"CogitoBucket":0,"Matryoshka":1,"LaetitiaHeart":9,"Pandora\u0027s Box":8,"RedMistMask":2,"LetterFromLob":1,"Ring of the Snake":0},{"ResearcherNote":24,"Snake Skull":15,"Omamori":2,"Paper Crane":2,"Frozen Egg 2":17,"Gaze_r":36,"CogitoBucket":0,"Matryoshka":2,"LaetitiaHeart":36,"Pandora\u0027s Box":34,"RedMistMask":15,"LetterFromLob":2,"Ring of the Snake":0}],"Ring of the Snake":[24]},"card_choices":[{"not_picked":["Escape Plan","Quick Slash"],"picked":"Backstab","floor":1},{"not_picked":["PiercingWail","Slice"],"picked":"Dash","floor":7},{"not_picked":["OSAHOGD","MHz"],"picked":"MeatLantern","floor":8},{"not_picked":["Sucker Punch","Blade Dance"],"picked":"Deadly Poison","floor":8},{"not_picked":["Dagger Spray","Dash","Outmaneuver"],"picked":"SKIP","floor":10},{"not_picked":["Predator","Tactician","Acrobatics"],"picked":"SKIP","floor":12},{"not_picked":["Crippling Poison","Backflip"],"picked":"Escape Plan","floor":14},{"not_picked":["Glass Knife","A Thousand Cuts+1"],"picked":"Corpse Explosion","floor":16},{"not_picked":["GreedKing","HappyTeddy"],"picked":"BlackArmy","floor":19},{"not_picked":["Distraction","Bane"],"picked":"Deadly Poison","floor":19},{"not_picked":["Expertise+1","Acrobatics","Predator"],"picked":"SKIP","floor":20}],"player_experience":864663,"relics_obtained":[{"floor":1,"key":"LetterFromLob"},{"floor":7,"key":"Snake Skull"},{"floor":7,"key":"RedMistMask"},{"floor":9,"key":"Frozen Egg 2"}],"event_choices":[{"damage_healed":59,"gold_gain":0,"player_choice":"Leave","damage_taken":0,"max_hp_gain":0,"max_hp_loss":66,"event_name":"betterThird:BetterShining","floor":2,"gold_loss":0},{"cards_removed":["Berserk"],"damage_healed":0,"gold_gain":0,"player_choice":"Gave Card","damage_taken":0,"relics_obtained":["Paper Crane"],"max_hp_gain":0,"max_hp_loss":0,"event_name":"WeMeetAgain","floor":5,"gold_loss":0},{"damage_healed":0,"gold_gain":2,"player_choice":"1","damage_taken":0,"max_hp_gain":0,"max_hp_loss":0,"event_name":"betterStone:BetterStone","floor":21,"gold_loss":0},{"cards_removed":["Night Terror"],"damage_healed":0,"gold_gain":0,"player_choice":"Gave Gold","damage_taken":0,"max_hp_gain":0,"max_hp_loss":0,"event_name":"Beggar","floor":22,"gold_loss":75}],"is_beta":false,"boss_relics":[{"not_picked":["Ring of the Serpent","Tiny House"],"picked":"Pandora\u0027s Box"}],"items_purged_floors":[],"is_endless":false,"potions_floor_spawned":[7,10,14,16,20],"killed_by":"Slavers","ascension_level":15}}