{"host":"3vgzk5mhz751jdrj","time":1609956925,"event":{"mods":["2.2 Compatiblity","AchievementEnabler","Act Like it!","Aspiration","BaseMod","Better Match","Better Note","Better Sensory Stone","Better Skull","Better Third Choice","Block Reminder","Colored Map","Conspire","Displayed Cursed Tome","Downfall","Friendly Minions","GifTheSpireLib","Halation","Hubris","Marked Mod","Mimic Mod","Minty Spire (QoL Compilation)","Quick Restart","Rare Cards Sparkle","Replay The Spire","Reworked Bosses","Shop Mod","Spicy Shops","Spikes Relics","StSLib","Stuff the Spire","Trackpad","vexMod"],"gold_per_floor":[0,14,30,15,28,28,61,72,72,8,8,0,100,100,110,207,207,207,222,222,237,257,269,319,352,368,353,385,385,385,385],"floor_reached":29,"playtime":2682,"items_purged":[],"score":280,"play_id":"214e3e16-cf3a-4530-aa8f-962dd7751b1d","local_time":"20210106131525","is_ascension_mode":false,"campfire_choices":[{"data":"champ:Taunt","floor":1.0,"key":"SMITH"},{"data":"champ:StanceDance","floor":6.0,"key":"SMITH"},{"data":"champ:StrikeOfGenius","floor":18.0,"key":"SMITH"}],"circlet_count":0,"master_deck":["champ:Strike","champ:Strike","champ:Strike","champ:Strike","champ:Defend","champ:Defend","champ:Defend","champ:Defend","champ:Execute","champ:Taunt+1","champ:StanceDance+1","champ:DefensiveShout","champ:RecklessLeap","champ:GutPunch","champ:Backstep","champ:StrikeOfGenius+1","champ:FlashCut","champ:FanOfKnives","champ:RapidStrikes","champ:SwordThrow","champ:RecklessLeap","champ:AdrenalArmor","champ:Improvising","champ:EnGarde","champ:PreciseThrust+1"],"relics":["champ:ChampionCrownUpgraded","StuffTheSpire:GrapeVine","hubris:Towel","TungstenRod","Tiny Chest","Mercury Hourglass","aspiration:ChemicalBlood"],"acts_visited":["Exordium","TheCity"],"potions_floor_usage":[],"damage_taken":[{"damage":5.0,"enemies":"Cultist","floor":2.0,"turns":3.0},{"damage":6.0,"enemies":"2 Louse","floor":3.0,"turns":4.0},{"damage":8.0,"enemies":"downfall:FleeingMerchant","floor":4.0,"turns":4.0},{"damage":15.0,"enemies":"conspire:RoseBush","floor":5.0,"turns":2.0},{"damage":25.0,"enemies":"Blue Slaver","floor":7.0,"turns":7.0},{"damage":28.0,"enemies":"Blue Slaver","floor":8.0,"turns":4.0},{"damage":26.0,"enemies":"downfall:FleeingMerchant","floor":10.0,"turns":4.0},{"damage":48.0,"enemies":"downfall:FleeingMerchant","floor":12.0,"turns":4.0},{"damage":23.0,"enemies":"conspire:2 RoseBushes","floor":15.0,"turns":4.0},{"damage":69.0,"enemies":"downfall:Silent","floor":16.0,"turns":9.0},{"damage":27.0,"enemies":"Chosen","floor":19.0,"turns":4.0},{"damage":38.0,"enemies":"3 Byrds","floor":21.0,"turns":4.0},{"damage":57.0,"enemies":"Snake Plant","floor":22.0,"turns":4.0},{"damage":43.0,"enemies":"Centurion and Healer","floor":23.0,"turns":6.0},{"damage":92.0,"enemies":"Book of Stabbing","floor":25.0,"turns":7.0},{"damage":35.0,"enemies":"Sentry and Sphere","floor":26.0,"turns":5.0},{"damage":26.0,"enemies":"downfall:FleeingMerchant","floor":27.0,"turns":4.0},{"damage":44,"enemies":"conspire:SneckoGhost","floor":28,"turns":5}],"seed_played":"-4019789473796378160","potions_obtained":[{"floor":3.0,"key":"FairyPotion"},{"floor":15.0,"key":"Fruit Juice"},{"floor":16.0,"key":"Reflective Coating"},{"floor":19.0,"key":"ColorlessPotion"},{"floor":28,"key":"Guardian:BlockOnCardUsePotion"}],"is_trial":false,"path_per_floor":["R","M","M","$","M","R","MIM","M","?","$","?","$","?","?","M","B",null,"R","M","?","M","M","M","T","E","M","$","E","R"],"character_chosen":"THE_CHAMP","items_purchased":["champ:FanOfKnives"],"campfire_rested":0,"item_purchase_floors":[10],"current_hp_per_floor":[108,108,107,107,107,107,107,105,105,105,105,90,90,78,83,46,113,113,109,109,110,83,81,81,85,70,57,28,28,28,28],"gold":385,"neow_bonus":"TWENTY_PERCENT_HP_BONUS","is_daily":false,"chose_seed":false,"campfire_upgraded":3,"win_rate":0.0,"timestamp":1609956925,"path_taken":["R","M","M","?","M","R","MIM","M","?","$","?","$","?","?","M","BOSS","R","M","?","?","M","M","T","E","M","$","E","R"],"items_purchased_type":["Card"],"build_version":"2020-12-22","purchased_purges":0,"victory":false,"max_hp_per_floor":[108,108,108,108,108,108,108,108,108,108,108,108,108,108,113,113,113,113,113,113,113,113,113,113,118,118,118,118,118,118,118],"card_choices":[{"not_picked":["champ:Backstep","champ:PerfectedStrike"],"picked":"champ:StanceDance","floor":2.0},{"not_picked":["champ:Riposte","champ:Circumvent"],"picked":"champ:DefensiveShout","floor":3.0},{"not_picked":["champ:PerfectedStrike","champ:HeavySlash"],"picked":"champ:RecklessLeap","floor":4.0},{"not_picked":["champ:SkillfulDodge","champ:BringItOn"],"picked":"champ:GutPunch","floor":5.0},{"not_picked":["champ:BladeFlurry","champ:Circumvent"],"picked":"champ:Backstep","floor":7.0},{"not_picked":["champ:Duel","champ:HeartStrike"],"picked":"champ:StrikeOfGenius","floor":8.0},{"not_picked":["champ:Devastate","champ:AdrenalArmor"],"picked":"champ:FlashCut","floor":10.0},{"not_picked":["champ:DefensiveShout","champ:PerfectedStrike","champ:BerserkersShout"],"picked":"SKIP","floor":12.0},{"not_picked":["champ:Circumvent","champ:Backstep"],"picked":"champ:RapidStrikes","floor":15.0},{"not_picked":["champ:Devastate","champ:PerfectForm"],"picked":"champ:SwordThrow","floor":16.0},{"not_picked":["champ:Lariat","champ:Circumvent","champ:GladiatorsShout"],"picked":"SKIP","floor":19.0},{"not_picked":["champ:FlashCut+1","champ:DefensiveShout"],"picked":"champ:AdrenalArmor","floor":21.0},{"not_picked":["champ:SkillfulDodge","champ:BerserkersShout"],"picked":"champ:Improvising","floor":22.0},{"not_picked":["champ:EnragedBash","champ:IronFortress"],"picked":"champ:FightOn","floor":23.0},{"not_picked":["champ:BringItOn","champ:Devastate","champ:GladiatorStyle"],"picked":"SKIP","floor":25.0},{"not_picked":["champ:HeartStrike","champ:PerfectedStrike"],"picked":"champ:EnGarde","floor":26.0},{"not_picked":["champ:GutPunch","champ:CrookedStrike"],"picked":"champ:PreciseThrust+1","floor":27},{"not_picked":["champ:Duel","champ:FocusedDefense","champ:FaceSlap"],"picked":"SKIP","floor":28}],"player_experience":337967,"relics_obtained":[{"floor":7.0,"key":"StuffTheSpire:GrapeVine"},{"floor":24.0,"key":"Tiny Chest"},{"floor":25.0,"key":"Mercury Hourglass"},{"floor":28,"key":"aspiration:ChemicalBlood"}],"event_choices":[{"damage_healed":0.0,"max_hp_gain":0.0,"max_hp_loss":0.0,"gold_gain":0.0,"event_name":"betterThird:BetterScrap","player_choice":"Relic ","floor":14.0,"gold_loss":0.0,"damage_taken":12.0,"cards_obtained":["Nirvana"]},{"damage_healed":0.0,"max_hp_gain":0.0,"max_hp_loss":0.0,"gold_gain":0.0,"event_name":"Duplicator","player_choice":"Copied","floor":20.0,"gold_loss":0.0,"damage_taken":0.0,"cards_obtained":["champ:RecklessLeap"]}],"is_beta":false,"boss_relics":[{"not_picked":["vexMod:MysteryBossChallenge","vexMod:MegatonBomb"],"picked":"champ:ChampionCrownUpgraded"}],"items_purged_floors":[],"is_endless":false,"potions_floor_spawned":[3,15,16,19,28],"ascension_level":0}}