{"host":"nlbr7nnijupf3yfg","time":1609895333,"event":{"mods":["AchievementEnabler","BaseMod","Colored Powertips","DeckTracker","Downfall","Hubris","Minty Spire (QoL Compilation)","Replay The Spire","StSLib","SuperFastMode"],"gold_per_floor":[99,117,117,117,117,127,127,160,160,160,160,160],"floor_reached":10,"playtime":287,"items_purged":[],"score":64,"play_id":"337d0e3f-c4f6-481f-b2bd-7a4c82ec8ee6","local_time":"20210105200853","is_ascension_mode":false,"campfire_choices":[{"data":"Guardian:TwinSlam","floor":1,"key":"SMITH"},{"floor":9,"key":"REST"}],"circlet_count":0,"master_deck":["Guardian:Strike_Guardian","Guardian:Strike_Guardian","Guardian:Strike_Guardian","Guardian:Defend_Guardian","Guardian:Defend_Guardian","Guardian:Defend_Guardian","Guardian:Defend_Guardian","Guardian:CurlUp","Guardian:TwinSlam+1","Guardian:PiercingHide","Guardian:Gem_Synthetic","Guardian:Gem_Purple","Guardian:Gem_Purple","Guardian:Gem_White","Guardian:Gem_Orange","Guardian:Gem_Red","Guardian:GuardianWhirl"],"relics":["Guardian:ModeShifter","Guardian:PickAxe","hubris:Icosahedron","hubris:CuriousFeather","Mummified Hand"],"acts_visited":["Exordium"],"potions_floor_usage":[8,10],"damage_taken":[{"damage":1,"enemies":"Jaw Worm","floor":2,"turns":6},{"damage":0,"enemies":"Jaw Worm","floor":4,"turns":6},{"damage":0,"enemies":"Small Slimes","floor":6,"turns":5},{"damage":34,"enemies":"Lagavulin","floor":8,"turns":10},{"damage":107,"enemies":"Gremlin Nob","floor":10,"turns":6}],"seed_played":"-849929680504865867","potions_obtained":[{"floor":2,"key":"Adrenaline Potion"},{"floor":8,"key":"Dexterity Potion"}],"is_trial":false,"path_per_floor":["R","M","?","?","?","M","T","E","R","E"],"character_chosen":"GUARDIAN","items_purchased":[],"campfire_rested":1,"item_purchase_floors":[],"current_hp_per_floor":[88,87,87,75,75,75,75,41,67,0,0,0],"gold":160,"neow_bonus":"TEN_PERCENT_HP_BONUS","is_daily":false,"chose_seed":false,"campfire_upgraded":1,"win_rate":0.0,"timestamp":1609895333,"path_taken":["R","M","?","?","?","M","T","E","R","E"],"items_purchased_type":[],"build_version":"2020-12-22","purchased_purges":0,"victory":false,"max_hp_per_floor":[88,88,88,88,88,88,88,88,88,88,88,88],"card_choices":[{"not_picked":["Guardian:Reroute","Guardian:VentSteam"],"picked":"Guardian:PiercingHide","floor":2},{"not_picked":["Guardian:TemporalShield","Guardian:Recover"],"picked":"Guardian:Gem_Red","floor":6},{"not_picked":["Guardian:Reroute","Guardian:TemporalShield"],"picked":"Guardian:GuardianWhirl","floor":8}],"player_experience":35296,"relics_obtained":[{"floor":7,"key":"hubris:CuriousFeather"},{"floor":8,"key":"Mummified Hand"}],"event_choices":[],"is_beta":false,"boss_relics":[],"items_purged_floors":[],"is_endless":false,"potions_floor_spawned":[2,8],"killed_by":"Gremlin Nob","ascension_level":0}}