{"host":"hqvh779b89tfrjxy","time":1609968717,"event":{"mods":["Act Like it!","BaseMod","Better Third Choice","Downfall","Elementarium","Filter the Spire","GifTheSpireLib","Minty Spire (QoL Compilation)","Replay The Spire","Spicy Shops","StSLib"],"gold_per_floor":[109,109,109,74,96,96,120,120,167,179,179,129,163,187,187,187,187],"floor_reached":16,"playtime":625,"items_purged":[],"score":163,"play_id":"9d001bd0-fe83-4624-8fbc-1195c1997a2a","local_time":"20210106223157","is_ascension_mode":true,"campfire_choices":[{"data":"Undo","floor":6,"key":"SMITH"},{"floor":8,"key":"REST"},{"data":"Sweeping Beam","floor":11,"key":"SMITH"},{"data":"Ball Lightning","floor":15,"key":"SMITH"}],"circlet_count":0,"master_deck":["Strike_B","Strike_B","Strike_B","Defend_B","Defend_B","Defend_B","Defend_B","Zap","Dualcast","Undo+1","Sweeping Beam+1","Hyperbeam","Ball Lightning+1"],"relics":["Snecko Eye","CeramicFish","betterThird:SlimedRelic","Letter Opener"],"acts_visited":["Exordium"],"potions_floor_usage":[13,16],"damage_taken":[{"damage":1,"enemies":"Cultist","floor":1,"turns":4},{"damage":14,"enemies":"Small Slimes","floor":5,"turns":6},{"damage":0,"enemies":"2 Louse","floor":7,"turns":4},{"damage":2,"enemies":"Large Slime","floor":10,"turns":7},{"damage":0,"enemies":"3 Sentries","floor":13,"turns":7},{"damage":0,"enemies":"2 Fungi Beasts","floor":14,"turns":1},{"damage":38,"enemies":"Hexaghost","floor":16,"turns":11}],"seed_played":"7826913795095701242","potions_obtained":[{"floor":5,"key":"Block Potion"},{"floor":13,"key":"BlessingOfTheForge"}],"is_trial":false,"path_per_floor":["M","?","?","?","M","R","M","R","T","M","R","?","E","M","R","B"],"character_chosen":"DEFECT","items_purchased":[],"campfire_rested":1,"item_purchase_floors":[],"current_hp_per_floor":[67,67,42,31,17,17,17,39,39,37,37,37,37,37,37,0,0],"gold":187,"neow_bonus":"BOSS_RELIC","is_daily":false,"chose_seed":false,"campfire_upgraded":3,"win_rate":0.0,"timestamp":1609968717,"path_taken":["M","?","?","?","M","R","M","R","T","M","R","?","E","M","R","BOSS"],"items_purchased_type":[],"build_version":"2020-12-22","purchased_purges":0,"victory":false,"max_hp_per_floor":[75,75,75,75,75,75,75,75,75,75,75,75,75,75,75,75,75],"card_choices":[{"not_picked":["Turbo","Steam","ReplaySolidLightProjector"],"picked":"SKIP","floor":1},{"not_picked":["Barrage","Rebound"],"picked":"Undo","floor":5},{"not_picked":["Coolheaded","Compile Driver"],"picked":"Sweeping Beam","floor":7},{"not_picked":["Hologram","Beam Cell","Heatsinks"],"picked":"SKIP","floor":10},{"not_picked":["Hologram","Beam Cell","Heatsinks"],"picked":"SKIP","floor":10},{"not_picked":["Leap","Scrape"],"picked":"Hyperbeam","floor":13},{"not_picked":["Self Repair","Compile Driver"],"picked":"Ball Lightning","floor":14}],"player_experience":212445,"relics_obtained":[{"floor":13,"key":"Letter Opener"}],"event_choices":[{"damage_healed":0,"gold_gain":0,"player_choice":"Relic ","damage_taken":25,"max_hp_gain":0,"max_hp_loss":0,"event_name":"betterThird:BetterScrap","floor":3,"gold_loss":0,"cards_obtained":["Replay:Hum"]},{"damage_healed":0,"gold_gain":0,"player_choice":"Slimed","damage_taken":11,"max_hp_gain":0,"max_hp_loss":0,"event_name":"betterThird:BetterGoop","floor":4,"gold_loss":35},{"cards_removed":["Strike_B"],"damage_healed":0,"gold_gain":0,"player_choice":"Card Removal","damage_taken":0,"max_hp_gain":0,"max_hp_loss":0,"event_name":"The Cleric","floor":12,"gold_loss":50}],"is_beta":false,"boss_relics":[],"items_purged_floors":[],"is_endless":false,"potions_floor_spawned":[5,13],"killed_by":"Hexaghost","ascension_level":6}}