{"host":"45gjn1i9lq2ky2i9","time":1609942661,"event":{"mods":["2.2 Compatiblity","Act Like it!","Aspiration","Bard","BaseMod","Beaked The Cultist","Better Altar","Better Match","Better Note","Better Sensory Stone","Better Skull","Better Third Choice","Better Vampires","Conspire","Downfall","Halation","Hubris","Infinite Spire","Jedi Mod","Lobotomy","LobotomyExtend","Minty Spire (QoL Compilation)","Pale of the Ancients","Permanent Neow","Replay The Spire","Shop Mod","Spikes Relics","StSLib","The Mystic","The Runesmith","The Wild Card"],"gold_per_floor":[118,129,56,56,68,94,94,128,128,142,160,171,171,181,181,181,181],"floor_reached":16,"playtime":595,"items_purged":[],"score":182,"play_id":"553bc0c4-e38d-42a9-86a6-3dde8e9c8247","local_time":"20210106221741","is_ascension_mode":true,"campfire_choices":[{"floor":7,"key":"REST"},{"data":"Undo","floor":15,"key":"SMITH"}],"circlet_count":0,"master_deck":["AscendersBane","Strike_B","Strike_B","Strike_B","Strike_B","Defend_B","Defend_B","Defend_B","Defend_B","Zap+1","Dualcast","Go for the Eyes","Rip and Tear","Undo+1","Sunder","Ball Lightning","jedi:locknload","Dazed","Biased Cognition"],"relics":["Cracked Core","Dream Catcher","LetterFromLob","Oddly Smooth Stone","Art of War","Meat on the Bone"],"acts_visited":["Exordium"],"potions_floor_usage":[6,12,16],"damage_taken":[{"damage":7,"enemies":"Jaw Worm","floor":1,"turns":4},{"damage":4,"enemies":"Cultist","floor":2,"turns":3},{"damage":0,"enemies":"conspire:RoseBush","floor":5,"turns":3},{"damage":35,"enemies":"3 Sentries","floor":6,"turns":9},{"damage":6,"enemies":"Lagavulin","floor":8,"turns":6},{"damage":5,"enemies":"conspire:2 RoseBushes","floor":10,"turns":5},{"damage":9,"enemies":"Exordium Thugs","floor":11,"turns":3},{"damage":6,"enemies":"Large Slime","floor":12,"turns":4},{"damage":5,"enemies":"conspire:2 RoseBushes","floor":14,"turns":5},{"damage":68,"enemies":"Fading Forest","floor":16,"turns":7}],"seed_played":"1514319645089926429","potions_obtained":[{"floor":5,"key":"SneckoOil"},{"floor":6,"key":"Venom Potion"},{"floor":11,"key":"Fire Potion"},{"floor":12,"key":"Milkshake"},{"floor":14,"key":"PowerPotion"}],"is_trial":false,"path_per_floor":["M","M","$","?","M","E","R","E","T","M","M","M","E","M","R","B"],"character_chosen":"DEFECT","items_purchased":["Rip and Tear"],"campfire_rested":1,"item_purchase_floors":[3],"current_hp_per_floor":[61,57,57,57,57,22,44,38,38,45,48,42,42,49,49,0,0],"gold":181,"neow_bonus":"RANDOM_COMMON_RELIC","is_daily":false,"chose_seed":false,"campfire_upgraded":1,"win_rate":0.0,"timestamp":1609942661,"path_taken":["M","M","$","?","M","E","R","E","T","M","?","M","E","M","R","BOSS"],"items_purchased_type":["Card"],"build_version":"2020-12-22","purchased_purges":0,"victory":false,"max_hp_per_floor":[75,75,75,75,75,75,75,75,75,75,75,75,75,75,75,75,75],"card_choices":[{"not_picked":["jedi:BurstLightning","Panic Button"],"picked":"Go for the Eyes","floor":1},{"not_picked":["Stack","Compile Driver","Panic Button"],"picked":"SKIP","floor":2},{"not_picked":["Beam Cell","Multi-Cast"],"picked":"Undo","floor":5},{"not_picked":["Compile Driver","Time Bomb"],"picked":"Sunder","floor":6},{"not_picked":["Steam","Recycle"],"picked":"Ball Lightning","floor":7},{"not_picked":["Barrage","Beam Cell","jedi:blockon"],"picked":"SKIP","floor":8},{"not_picked":["Chaos","hubris:PowerSurge"],"picked":"jedi:locknload","floor":10},{"not_picked":["Rebound","BasicCrystalCard"],"picked":"White Noise","floor":11},{"not_picked":["Streamline","Crystallizer","Compile Driver"],"picked":"SKIP","floor":12},{"not_picked":["Go for the Eyes","jedi:blockon"],"picked":"Biased Cognition","floor":14}],"player_experience":510063,"relics_obtained":[{"floor":1,"key":"LetterFromLob"},{"floor":6,"key":"Oddly Smooth Stone"},{"floor":8,"key":"Art of War"},{"floor":9,"key":"Meat on the Bone"}],"event_choices":[{"damage_healed":0,"gold_gain":0,"player_choice":"Upgraded","damage_taken":0,"max_hp_gain":0,"max_hp_loss":0,"event_name":"Upgrade Shrine","floor":4,"gold_loss":0,"cards_upgraded":["Zap"]}],"is_beta":false,"boss_relics":[],"items_purged_floors":[],"is_endless":false,"potions_floor_spawned":[5,6,11,12,14],"killed_by":"Fading Forest","ascension_level":12}}