{"host":"yn1175etg9ni8l0q","time":1609959630,"event":{"mods":["AchievementEnabler","BaseMod","Colored Map","Colored Powertips","DeckTracker","Minty Spire (QoL Compilation)","Rare Cards Sparkle","Relic Stats","SuperFastMode","everything is the same but u backflip on backflip"],"gold_per_floor":[111,121,134,134,144,144,144,144,144,205,234,246,261,273,273,372,372,390,400,325,338,348,348,383,383,383,137,137,166,166,81,81,183,183,197,122,122,53,70,101,101,112,112,112,112,129,144,175,175,175,175],"floor_reached":50,"playtime":1453,"items_purged":["Strike_B","Defend_B"],"score":542,"play_id":"19a7184d-3fd0-40dc-ad59-08c767db2438","local_time":"20210107040030","is_ascension_mode":false,"campfire_choices":[{"data":"Sunder","floor":6.0,"key":"SMITH"},{"data":"Electrodynamics","floor":8.0,"key":"SMITH"},{"floor":15.0,"key":"REST"},{"data":"Glacier","floor":23.0,"key":"SMITH"},{"floor":25.0,"key":"REST"},{"data":"Storm","floor":28.0,"key":"SMITH"},{"floor":32.0,"key":"REST"},{"data":"Defragment","floor":41.0,"key":"SMITH"},{"floor":49.0,"key":"RECALL"}],"circlet_count":0,"master_deck":["Defend_B","Defend_B","Zap","Dualcast","Electrodynamics+1","Ball Lightning","Ball Lightning","Sunder+1","Glacier+1","Undo","Biased Cognition","Fusion+1","Loop+1","Conserve Battery","Storm+1","Leap+1","Turbo+1","Self Repair","BootSequence","Loop","Tempest","Coolheaded","Thunder Strike","Heatsinks","Capacitor","Defragment+1","Cold Snap","Echo Form"],"relics":["Cracked Core","Ornamental Fan","Kunai","Unceasing Top","Astrolabe","Blue Candle","Symbiotic Virus","White Beast Statue","Pear","Nuclear Battery","DataDisk","Meat on the Bone"],"acts_visited":["Exordium","TheCity","TheBeyond"],"potions_floor_usage":[],"damage_taken":[{"damage":5.0,"enemies":"Cultist","floor":1.0,"turns":4.0},{"damage":10.0,"enemies":"Small Slimes","floor":2.0,"turns":2.0},{"damage":0.0,"enemies":"2 Louse","floor":3.0,"turns":2.0},{"damage":1.0,"enemies":"2 Fungi Beasts","floor":5.0,"turns":2.0},{"damage":8.0,"enemies":"Gremlin Nob","floor":10.0,"turns":3.0},{"damage":22.0,"enemies":"3 Sentries","floor":11.0,"turns":3.0},{"damage":0.0,"enemies":"Blue Slaver","floor":12.0,"turns":3.0},{"damage":16.0,"enemies":"Exordium Thugs","floor":13.0,"turns":3.0},{"damage":0.0,"enemies":"Looter","floor":14.0,"turns":3.0},{"damage":22.0,"enemies":"The Guardian","floor":16.0,"turns":11.0},{"damage":0.0,"enemies":"Spheric Guardian","floor":18.0,"turns":3.0},{"damage":0.0,"enemies":"3 Byrds","floor":19.0,"turns":2.0},{"damage":0.0,"enemies":"Snecko","floor":21.0,"turns":4.0},{"damage":32.0,"enemies":"Shelled Parasite and Fungi","floor":22.0,"turns":7.0},{"damage":20.0,"enemies":"Book of Stabbing","floor":24.0,"turns":7.0},{"damage":10.0,"enemies":"Slavers","floor":29.0,"turns":3.0},{"damage":64.0,"enemies":"Collector","floor":33.0,"turns":14.0},{"damage":0.0,"enemies":"Orb Walker","floor":35.0,"turns":3.0},{"damage":1.0,"enemies":"3 Shapes","floor":39.0,"turns":3.0},{"damage":27.0,"enemies":"Giant Head","floor":40.0,"turns":8.0},{"damage":0.0,"enemies":"Maw","floor":42.0,"turns":4.0},{"damage":10.0,"enemies":"Writhing Mass","floor":46.0,"turns":5.0},{"damage":12.0,"enemies":"3 Darklings","floor":47.0,"turns":4.0},{"damage":2.0,"enemies":"Nemesis","floor":48.0,"turns":3.0},{"damage":72,"enemies":"Awakened One","floor":50,"turns":3}],"seed_played":"3048510055060828155","potions_obtained":[{"floor":1.0,"key":"Block Potion"},{"floor":11.0,"key":"SkillPotion"},{"floor":12.0,"key":"DistilledChaos"},{"floor":14.0,"key":"LiquidMemories"},{"floor":16.0,"key":"EssenceOfSteel"},{"floor":21.0,"key":"Energy Potion"},{"floor":24.0,"key":"FearPotion"},{"floor":33.0,"key":"SkillPotion"},{"floor":35.0,"key":"DistilledChaos"},{"floor":39.0,"key":"Energy Potion"},{"floor":40.0,"key":"LiquidMemories"},{"floor":42.0,"key":"Regen Potion"},{"floor":46.0,"key":"Regen Potion"},{"floor":47.0,"key":"PotionOfCapacity"}],"is_trial":false,"path_per_floor":["M","M","M","?","M","R","?","R","T","?","E","M","M","M","R","B",null,"M","M","$","M","M","R","E","R","T","$","R","E","?","?","R","B",null,"M","$","?","$","M","E","R","M","T","?","$","M","M","E","R","B"],"character_chosen":"DEFECT","items_purchased":["BootSequence","Loop","Heatsinks","Capacitor"],"campfire_rested":3,"item_purchase_floors":[27,27,36,38],"current_hp_per_floor":[63,53,53,58,57,57,50,50,50,42,20,20,4,4,25,3,73,73,73,73,73,41,41,21,42,42,42,42,39,39,49,73,16,83,83,83,83,83,83,63,63,70,70,70,70,67,62,67,67,0,0],"gold":175,"neow_bonus":"THREE_RARE_CARDS","is_daily":false,"chose_seed":false,"campfire_upgraded":5,"win_rate":0.0,"timestamp":1609959630,"path_taken":["M","?","M","?","M","R","?","R","T","?","E","?","M","M","R","BOSS","M","M","$","M","M","R","E","R","T","$","R","E","?","?","R","BOSS","M","$","?","?","M","E","R","M","T","?","?","?","M","E","R","BOSS"],"items_purchased_type":["Card","Card","Card","Card"],"build_version":"2020-12-22","purchased_purges":2,"victory":false,"max_hp_per_floor":[68,68,68,73,73,73,73,73,73,73,73,73,73,73,73,73,73,73,73,73,73,73,73,73,73,73,73,73,73,73,83,83,83,83,83,83,83,83,83,83,83,83,83,83,83,83,83,83,83,83,83],"relic_stats":{"counters":[25,108],"Ornamental Fan":[16],"Astrolabe":["Fusion","Reprogram","Loop"],"Blue Candle":[0],"Kunai":[4],"obtain_stats":[{"DataDisk":40,"Pear":31,"Ornamental Fan":9,"Astrolabe":17,"Blue Candle":24,"Kunai":10,"Cracked Core":0,"Symbiotic Virus":26,"Unceasing Top":11,"White Beast Statue":29,"Nuclear Battery":34,"Meat on the Bone":48},{"DataDisk":20,"Pear":16,"Ornamental Fan":4,"Astrolabe":10,"Blue Candle":15,"Kunai":4,"Cracked Core":0,"Symbiotic Virus":15,"Unceasing Top":6,"White Beast Statue":16,"Nuclear Battery":17,"Meat on the Bone":24},{"DataDisk":89,"Pear":62,"Ornamental Fan":10,"Astrolabe":36,"Blue Candle":59,"Kunai":10,"Cracked Core":0,"Symbiotic Virus":59,"Unceasing Top":16,"White Beast Statue":62,"Nuclear Battery":76,"Meat on the Bone":105}],"Unceasing Top":[18],"Meat on the Bone":0},"card_choices":[{"not_picked":["Biased Cognition","Meteor Strike"],"picked":"Electrodynamics","floor":0.0},{"not_picked":["Self Repair","Blizzard"],"picked":"Ball Lightning","floor":1.0},{"not_picked":["Hologram","Cold Snap"],"picked":"Ball Lightning","floor":2.0},{"not_picked":["Streamline","Barrage"],"picked":"Sunder","floor":3.0},{"not_picked":["Compile Driver","Scrape","Gash"],"picked":"SKIP","floor":5.0},{"not_picked":["Doom and Gloom","Steam"],"picked":"Glacier","floor":10.0},{"not_picked":["Stack","Amplify"],"picked":"Undo","floor":11.0},{"not_picked":["Compile Driver","Rip and Tear","Darkness"],"picked":"SKIP","floor":12.0},{"not_picked":["Hologram","Undo","Leap"],"picked":"SKIP","floor":13.0},{"not_picked":["Streamline","Undo","Sweeping Beam"],"picked":"SKIP","floor":14.0},{"not_picked":["Creative AI","All For One"],"picked":"Biased Cognition","floor":16.0},{"not_picked":["Hello World+1","Compile Driver"],"picked":"Conserve Battery","floor":18.0},{"not_picked":["Steam+1","Compile Driver"],"picked":"Storm","floor":19.0},{"not_picked":["Hello World","Go for the Eyes"],"picked":"Leap+1","floor":21.0},{"not_picked":["Lockon","Doom and Gloom+1"],"picked":"Turbo+1","floor":22.0},{"not_picked":["Streamline","Go for the Eyes"],"picked":"Self Repair","floor":24.0},{"not_picked":["Meteor Strike","Doom and Gloom"],"picked":"Tempest","floor":29.0},{"not_picked":["Buffer","Electrodynamics"],"picked":"Thunder Strike","floor":33.0},{"not_picked":["Scrape+1","Darkness","Auto Shields+1"],"picked":"SKIP","floor":35.0},{"not_picked":["Sweeping Beam+1","Redo","Ball Lightning+1"],"picked":"SKIP","floor":39.0},{"not_picked":["Self Repair","Barrage+1"],"picked":"Defragment","floor":40.0},{"not_picked":["Steam","Undo"],"picked":"Cold Snap","floor":42.0},{"not_picked":["Reinforced Body+1","Fusion+1","Steam"],"picked":"SKIP","floor":46.0},{"not_picked":["Auto Shields+1","Stack","Recycle"],"picked":"SKIP","floor":47.0},{"not_picked":["Hologram","Streamline"],"picked":"Echo Form","floor":48.0}],"player_experience":310109,"relics_obtained":[{"floor":9.0,"key":"Ornamental Fan"},{"floor":11.0,"key":"Unceasing Top"},{"floor":24.0,"key":"Blue Candle"},{"floor":26.0,"key":"Symbiotic Virus"},{"floor":29.0,"key":"White Beast Statue"},{"floor":40.0,"key":"DataDisk"},{"floor":48.0,"key":"Meat on the Bone"}],"event_choices":[{"damage_healed":0.0,"max_hp_gain":5.0,"max_hp_loss":0.0,"gold_gain":0.0,"event_name":"Big Fish","player_choice":"Donut","floor":4.0,"gold_loss":0.0,"damage_taken":0.0},{"cards_removed":["Strike_B"],"damage_healed":0.0,"max_hp_gain":0.0,"max_hp_loss":0.0,"gold_gain":0.0,"event_name":"Golden Wing","player_choice":"Card Removal","floor":7.0,"gold_loss":0.0,"damage_taken":7.0},{"damage_healed":0.0,"max_hp_gain":0.0,"max_hp_loss":0.0,"gold_gain":0.0,"event_name":"Dead Adventurer","player_choice":"Searched \u00273\u0027 times","floor":10.0,"gold_loss":0.0,"damage_taken":0.0,"relics_obtained":["Kunai"]},{"damage_healed":0.0,"max_hp_gain":0.0,"max_hp_loss":0.0,"gold_gain":0.0,"event_name":"The Library","player_choice":"Read","floor":30.0,"gold_loss":0.0,"damage_taken":0.0,"cards_obtained":["Coolheaded"]},{"damage_healed":0.0,"max_hp_gain":0.0,"max_hp_loss":0.0,"gold_gain":0.0,"event_name":"Addict","player_choice":"Obtained Relic","floor":31.0,"gold_loss":85.0,"damage_taken":0.0,"relics_obtained":["Pear"]},{"cards_removed":["Reprogram"],"damage_healed":0.0,"max_hp_gain":0.0,"max_hp_loss":0.0,"gold_gain":0.0,"event_name":"Wheel of Change","player_choice":"Card Removal","floor":37.0,"gold_loss":0.0,"damage_taken":0.0},{"damage_healed":0.0,"max_hp_gain":0.0,"max_hp_loss":0.0,"gold_gain":0.0,"event_name":"Tomb of Lord Red Mask","player_choice":"Ignored","floor":44.0,"gold_loss":0.0,"damage_taken":0.0}],"is_beta":false,"boss_relics":[{"not_picked":["FrozenCore","Runic Pyramid"],"picked":"Astrolabe"},{"not_picked":["Busted Crown","Fusion Hammer"],"picked":"Nuclear Battery"}],"items_purged_floors":[20,27],"is_endless":false,"potions_floor_spawned":[1,11,12,14,16,21,24,33,35,39,40,42,46,47,48],"killed_by":"Awakened One","ascension_level":0}}