{"host":"dk10vuzdqf3wivcv","time":1609951976,"event":{"mods":["Aspiration","Astrologer","BaseMod","Colored Map","Conspire","Friendly Minions","Hubris","Minty Spire (QoL Compilation)","Replay The Spire","StSLib","SuperFastMode","Td1madao Mod","The Animator","The Cursed","The Gatherer","The Hierophant","The Jungle","The Marked","The Servant 0.9.4"],"gold_per_floor":[127,127,31,43,43,78,78],"floor_reached":6,"playtime":235,"items_purged":[],"score":46,"play_id":"6b6d2838-a6ec-4ced-b6f0-5f911b3df902","local_time":"20210106175256","is_ascension_mode":true,"campfire_choices":[],"circlet_count":0,"master_deck":["animator:Strike_Fate","animator:Defend_Fate","animator:Alexander+1","animator:Rider","animator:Berserker","Pot Of Greed","animator:Strike_TenSura","animator:Strike_AccelWorld","animator:Strike_Katanagatari","animator:Defend_AccelWorld","animator:Defend_TenSura","animator:Defend_Fate","Pot Of Greed","animator:Archer"],"relics":["animator:LivingPicture","animator:TheMissingPiece","animator:PurgingStone","Grinning Jar","Replay:Mystery Machine"],"acts_visited":["Exordium"],"potions_floor_usage":[],"damage_taken":[{"damage":5,"enemies":"Small Slimes","floor":1,"turns":5},{"damage":12,"enemies":"Jaw Worm","floor":4,"turns":3},{"damage":55,"enemies":"Gremlin Nob","floor":6,"turns":5}],"seed_played":"-2744362548379166311","potions_obtained":[{"floor":1,"key":"FairyPotion"}],"is_trial":false,"path_per_floor":["M","?","?","M","$","E"],"character_chosen":"THE_ANIMATOR","items_purchased":[],"campfire_rested":0,"item_purchase_floors":[],"current_hp_per_floor":[61,54,54,43,43,20,20],"gold":78,"neow_bonus":"RANDOM_EVENT","is_daily":false,"chose_seed":false,"campfire_upgraded":0,"win_rate":0.0,"timestamp":1609951976,"path_taken":["M","?","?","M","$","E"],"items_purchased_type":[],"build_version":"2020-12-22","purchased_purges":0,"victory":false,"max_hp_per_floor":[66,66,66,67,67,67,67],"card_choices":[{"not_picked":["animator:RinTohsaka","animator:ChaikaBohdan"],"picked":"animator:Berserker","floor":1},{"not_picked":["animator:Spearman","animator:TukaLunaMarceau"],"picked":"animator:Archer","floor":4}],"player_experience":139449,"relics_obtained":[{"floor":6,"key":"Replay:Mystery Machine"}],"event_choices":[{"damage_healed":0,"gold_gain":0,"player_choice":"Grow","damage_taken":0,"max_hp_gain":0,"max_hp_loss":0,"event_name":"Living Wall","floor":0,"gold_loss":0,"cards_upgraded":["animator:Alexander"]},{"damage_healed":0,"gold_gain":0,"player_choice":"Success","damage_taken":7,"relics_obtained":["Grinning Jar"],"max_hp_gain":0,"max_hp_loss":0,"event_name":"Scrap Ooze","floor":2,"gold_loss":0}],"is_beta":false,"boss_relics":[],"items_purged_floors":[],"is_endless":false,"potions_floor_spawned":[1],"killed_by":"Gremlin Nob","ascension_level":1}}