{"host":"w01zow3jg16g8jdh","time":1609949563,"event":{"mods":["AchievementEnabler","BaseMod","DeckTracker","Keyboard Shortcuts","Minty Spire (QoL Compilation)","Permanent Neow","StSLib","SuperFastMode"],"gold_per_floor":[367,52,102,102,132,162,173,205,205,222,257,272,11,56,56,159,159,177,190,252,252,80,115,115,171,219,269,106,106,139,178,178,257,257,274,43,43,53,53,53,112,37,107,162,212,247,317,8,8,8,58,58,58,0,83,83],"floor_reached":57,"playtime":1599,"items_purged":["Defend_P","Strike_P","Strike_P","Strike_P","Strike_P"],"score":3261,"play_id":"fa17aa46-9288-4125-af93-b175acff930e","local_time":"20210107011243","is_ascension_mode":true,"campfire_choices":[{"data":"HandOfGreed","floor":15.0,"key":"SMITH"},{"data":"Adaptation","floor":24.0,"key":"SMITH"},{"floor":32.0,"key":"REST"},{"data":"Scrawl","floor":40.0,"key":"SMITH"},{"floor":49.0,"key":"RECALL"},{"floor":53.0,"key":"DIG"}],"circlet_count":0,"master_deck":["AscendersBane","Defend_P","Defend_P","Defend_P","Eruption","Vigilance","HandOfGreed+1","EmptyFist","Indignation","Tantrum","Wallop","Adaptation+1","DeusExMachina","FearNoEvil","Scrawl+1","Adaptation","Scrawl","Wallop+1"],"relics":["PureWater","Mercury Hourglass","Prayer Wheel","Turnip","Sling","Shovel","SlaversCollar","TheAbacus","Strawberry","Orichalcum","Toy Ornithopter","OrangePellets","Blood Vial","VioletLotus","Membership Card","Shuriken","Pocketwatch","CloakClasp","Mummified Hand","Kunai","Nunchaku","Letter Opener","Oddly Smooth Stone"],"acts_visited":["Exordium","TheCity","TheBeyond","TheEnding"],"potions_floor_usage":[55,56],"damage_taken":[{"damage":0.0,"enemies":"Jaw Worm","floor":1.0,"turns":3.0},{"damage":1.0,"enemies":"2 Louse","floor":3.0,"turns":3.0},{"damage":0.0,"enemies":"Small Slimes","floor":5.0,"turns":2.0},{"damage":0.0,"enemies":"Gremlin Nob","floor":6.0,"turns":2.0},{"damage":0.0,"enemies":"2 Fungi Beasts","floor":7.0,"turns":2.0},{"damage":7.0,"enemies":"3 Sentries","floor":8.0,"turns":5.0},{"damage":0.0,"enemies":"Looter","floor":10.0,"turns":2.0},{"damage":5.0,"enemies":"Gremlin Gang","floor":11.0,"turns":3.0},{"damage":0.0,"enemies":"Large Slime","floor":12.0,"turns":3.0},{"damage":0.0,"enemies":"Gremlin Nob","floor":14.0,"turns":1.0},{"damage":22.0,"enemies":"Hexaghost","floor":16.0,"turns":6.0},{"damage":4.0,"enemies":"2 Thieves","floor":18.0,"turns":2.0},{"damage":0.0,"enemies":"Spheric Guardian","floor":19.0,"turns":2.0},{"damage":23.0,"enemies":"3 Cultists","floor":20.0,"turns":4.0},{"damage":0.0,"enemies":"Gremlin Leader","floor":23.0,"turns":1.0},{"damage":11.0,"enemies":"Book of Stabbing","floor":25.0,"turns":3.0},{"damage":17.0,"enemies":"Gremlin Leader","floor":30.0,"turns":4.0},{"damage":5.0,"enemies":"Centurion and Healer","floor":31.0,"turns":3.0},{"damage":33.0,"enemies":"Collector","floor":33.0,"turns":9.0},{"damage":28.0,"enemies":"3 Darklings","floor":35.0,"turns":7.0},{"damage":0.0,"enemies":"Orb Walker","floor":38.0,"turns":2.0},{"damage":11.0,"enemies":"Nemesis","floor":41.0,"turns":3.0},{"damage":0.0,"enemies":"Giant Head","floor":44.0,"turns":3.0},{"damage":0.0,"enemies":"Mind Bloom Boss Battle","floor":45.0,"turns":3.0},{"damage":0.0,"enemies":"Nemesis","floor":46.0,"turns":3.0},{"damage":0.0,"enemies":"Sphere and 2 Shapes","floor":47.0,"turns":2.0},{"damage":0.0,"enemies":"Time Eater","floor":50.0,"turns":4.0},{"damage":8.0,"enemies":"Awakened One","floor":51.0,"turns":5.0},{"damage":0,"enemies":"Shield and Spear","floor":55,"turns":2},{"damage":64,"enemies":"The Heart","floor":56,"turns":8}],"seed_played":"1506687211498467924","potions_obtained":[{"floor":1.0,"key":"BottledMiracle"},{"floor":5.0,"key":"PowerPotion"},{"floor":7.0,"key":"Ancient Potion"},{"floor":10.0,"key":"AttackPotion"},{"floor":11.0,"key":"Ambrosia"},{"floor":25.0,"key":"BlessingOfTheForge"},{"floor":30.0,"key":"LiquidBronze"},{"floor":38.0,"key":"SkillPotion"},{"floor":41.0,"key":"ColorlessPotion"}],"is_trial":false,"path_per_floor":["M","$","M","?","M","E","M","E","T","M","M","M","$","E","R","B",null,"M","M","M","?","$","E","R","E","T","?","$","?","E","M","R","B",null,"M","$","?","M","?","R","E","$","T","E","?","E","M","$","R","B","B",null,"R","$","E","B",null],"character_chosen":"WATCHER","items_purchased":["HandOfGreed","EmptyFist","Sling","TheAbacus","OrangePellets","Membership Card","Kunai","Nunchaku","Ambrosia"],"campfire_rested":1,"item_purchase_floors":[2,2,13,22,28,36,48,48,54],"current_hp_per_floor":[61,61,60,65,65,65,65,58,58,58,53,53,53,53,53,31,58,54,54,31,31,31,38,38,27,27,27,27,27,15,12,34,8,58,32,32,32,34,34,34,25,25,25,27,29,36,38,38,38,40,34,61,61,61,68,11],"gold":83,"neow_bonus":"TWO_FIFTY_GOLD","is_daily":false,"chose_seed":false,"campfire_upgraded":3,"win_rate":0.0,"timestamp":1609949563,"path_taken":["M","$","M","?","M","E","M","E","T","M","M","M","$","E","R","BOSS","M","M","M","?","$","E","R","E","T","?","?","?","E","M","R","BOSS","M","$","?","M","?","R","E","$","T","E","?","E","M","$","R","BOSS","BOSS","R","$","E","BOSS"],"items_purchased_type":["Card","Card","Relic","Relic","Relic","Relic","Relic","Relic","Potion"],"build_version":"2020-12-22","purchased_purges":5,"victory":true,"max_hp_per_floor":[62,62,62,67,67,67,67,67,67,67,67,67,67,67,67,67,67,67,67,67,67,67,74,74,74,74,74,74,74,74,74,74,74,74,74,74,70,70,70,70,70,70,70,70,70,70,70,70,70,70,70,70,70,70,70,70],"card_choices":[{"not_picked":["SignatureMove","ClearTheMind","EmptyBody"],"picked":"SKIP","floor":1.0},{"not_picked":["Perseverance","SashWhip","BowlingBash"],"picked":"SKIP","floor":3.0},{"not_picked":["Wish","DeceiveReality"],"picked":"Indignation","floor":5.0},{"not_picked":["Collect","WaveOfTheHand"],"picked":"Tantrum","floor":6.0},{"not_picked":["WheelKick","SashWhip","Halt"],"picked":"SKIP","floor":7.0},{"not_picked":["FollowUp","Study"],"picked":"Wallop","floor":8.0},{"not_picked":["Consecrate","EmptyFist"],"picked":"Adaptation","floor":10.0},{"not_picked":["Collect","EmptyBody"],"picked":"DeusExMachina","floor":10.0},{"not_picked":["ThirdEye","Consecrate"],"picked":"FearNoEvil","floor":11.0},{"not_picked":["CutThroughFate","FlurryOfBlows","Evaluate"],"picked":"SKIP","floor":11.0},{"not_picked":["Weave","CrushJoints","EmptyBody"],"picked":"SKIP","floor":12.0},{"not_picked":["FearNoEvil","Consecrate","Indignation"],"picked":"SKIP","floor":12.0},{"not_picked":["Pray","ConjureBlade","Protect"],"picked":"SKIP","floor":14.0},{"not_picked":["Blasphemy","Brilliance"],"picked":"Scrawl","floor":16.0},{"not_picked":["ClearTheMind","FollowUp","EmptyFist"],"picked":"SKIP","floor":18.0},{"not_picked":["Weave+1","CrushJoints","Fasting2"],"picked":"SKIP","floor":18.0},{"not_picked":["WreathOfFlame","FlyingSleeves","BattleHymn"],"picked":"SKIP","floor":19.0},{"not_picked":["CutThroughFate+1","Tantrum+1","BowlingBash"],"picked":"SKIP","floor":19.0},{"not_picked":["ThirdEye","CrushJoints","Wallop"],"picked":"SKIP","floor":20.0},{"not_picked":["EmptyBody","Omniscience","ThirdEye"],"picked":"SKIP","floor":20.0},{"not_picked":["CarveReality+1","WreathOfFlame+1","EmptyBody"],"picked":"SKIP","floor":23.0},{"not_picked":["EmptyFist","Perseverance"],"picked":"Adaptation","floor":25.0},{"not_picked":["Evaluate","Omniscience","EmptyFist"],"picked":"SKIP","floor":30.0},{"not_picked":["EmptyBody","ThirdEye","JustLucky"],"picked":"SKIP","floor":31.0},{"not_picked":["EmptyBody","Protect","CutThroughFate"],"picked":"SKIP","floor":31.0},{"not_picked":["Devotion","Omniscience"],"picked":"Scrawl","floor":33.0},{"not_picked":["Vengeance","InnerPeace+1","Weave"],"picked":"SKIP","floor":35.0},{"not_picked":["FollowUp","Protect","CutThroughFate"],"picked":"SKIP","floor":35.0},{"not_picked":["Consecrate","EmptyMind","WreathOfFlame+1"],"picked":"SKIP","floor":38.0},{"not_picked":["Halt","Fasting2","ReachHeaven+1"],"picked":"SKIP","floor":38.0},{"not_picked":["Consecrate","Devotion","Adaptation"],"picked":"SKIP","floor":41.0},{"not_picked":["CrushJoints","BattleHymn+1","BowlingBash"],"picked":"SKIP","floor":44.0},{"not_picked":["JustLucky","FlurryOfBlows+1"],"picked":"Wallop+1","floor":45.0},{"not_picked":["Weave","CutThroughFate+1","Halt"],"picked":"SKIP","floor":46.0},{"not_picked":["PathToVictory","WheelKick","ForeignInfluence"],"picked":"SKIP","floor":47.0},{"not_picked":["Protect","Halt","Pray"],"picked":"SKIP","floor":47.0},{"not_picked":["Halt","Prostrate","Judgement"],"picked":"SKIP","floor":55}],"player_experience":300696,"relics_obtained":[{"floor":6.0,"key":"Mercury Hourglass"},{"floor":8.0,"key":"Prayer Wheel"},{"floor":9.0,"key":"Turnip"},{"floor":14.0,"key":"Shovel"},{"floor":23.0,"key":"Strawberry"},{"floor":25.0,"key":"Orichalcum"},{"floor":26.0,"key":"Toy Ornithopter"},{"floor":30.0,"key":"Blood Vial"},{"floor":41.0,"key":"Shuriken"},{"floor":44.0,"key":"Pocketwatch"},{"floor":45.0,"key":"CloakClasp"},{"floor":46.0,"key":"Mummified Hand"},{"floor":53.0,"key":"Letter Opener"},{"floor":55,"key":"Oddly Smooth Stone"}],"event_choices":[{"damage_healed":0.0,"max_hp_gain":5.0,"max_hp_loss":0.0,"gold_gain":0.0,"event_name":"Big Fish","player_choice":"Donut","floor":4.0,"gold_loss":0.0,"damage_taken":0.0},{"damage_healed":0.0,"max_hp_gain":0.0,"max_hp_loss":0.0,"gold_gain":0.0,"event_name":"The Mausoleum","player_choice":"Ignored","floor":21.0,"gold_loss":0.0,"damage_taken":0.0},{"damage_healed":0.0,"max_hp_gain":0.0,"max_hp_loss":0.0,"gold_gain":50.0,"event_name":"Nest","player_choice":"Stole From Cult","floor":27.0,"gold_loss":0.0,"damage_taken":0.0},{"damage_healed":0.0,"max_hp_gain":0.0,"max_hp_loss":0.0,"gold_gain":0.0,"event_name":"Ghosts","player_choice":"Ignored","floor":29.0,"gold_loss":0.0,"damage_taken":0.0},{"damage_healed":0.0,"max_hp_gain":0.0,"max_hp_loss":4.0,"gold_gain":0.0,"event_name":"Winding Halls","player_choice":"Max HP","floor":37.0,"gold_loss":0.0,"damage_taken":0.0},{"damage_healed":0.0,"max_hp_gain":0.0,"max_hp_loss":0.0,"gold_gain":0.0,"event_name":"The Moai Head","player_choice":"Ignored","floor":39.0,"gold_loss":0.0,"damage_taken":0.0},{"damage_healed":0.0,"max_hp_gain":0.0,"max_hp_loss":0.0,"gold_gain":0.0,"event_name":"MindBloom","player_choice":"Fight","floor":45.0,"gold_loss":0.0,"damage_taken":0.0}],"is_beta":false,"boss_relics":[{"not_picked":["Snecko Eye","Empty Cage"],"picked":"SlaversCollar"},{"not_picked":["Runic Pyramid","Tiny House"],"picked":"VioletLotus"}],"items_purged_floors":[2,13,36,42,48],"is_endless":false,"potions_floor_spawned":[1,5,7,10,11,25,30,38,41,44],"ascension_level":20}}