{"host":"w4b7hmige5bnqipq","time":1609922018,"event":{"mods":["2.2 Compatiblity","BaseMod","Colored Map","DeckTracker","Keyboard Shortcuts","Minty Spire (QoL Compilation)","Permanent Neow","Rare Cards Sparkle","SuperFastMode","everything is the same but u backflip on backflip","slay the spire mod where everything is the same but ironclad has a cowboy hat"],"gold_per_floor":[117,117,137,212,284,284,301,451,520,540,294,312,329,359,359,431,431,441,391,409,114,128,139,139,156,156,167,167,42,75,75,75],"floor_reached":31,"playtime":1027,"items_purged":["Doubt","Strike_G","Strike_G"],"score":518,"play_id":"701c586c-2c21-4209-9d40-694e78c0a989","local_time":"20210106173338","is_ascension_mode":true,"campfire_choices":[{"data":"All Out Attack","floor":6.0,"key":"SMITH"},{"data":"Bouncing Flask","floor":15.0,"key":"SMITH"},{"data":"Apotheosis","floor":24,"key":"SMITH"},{"floor":28,"key":"REST"}],"circlet_count":0,"master_deck":["AscendersBane","Strike_G","Defend_G+1","Defend_G","Defend_G","Defend_G","Defend_G+1","Survivor+1","Neutralize","Heel Hook","All Out Attack+1","Acrobatics","Backstab","Bouncing Flask+1","Adrenaline+1","Backflip","Apotheosis+1","Prepared","Well Laid Plans","Finisher+1","Accuracy"],"relics":["Ring of the Snake","Meat on the Bone","War Paint","Regal Pillow","WristBlade","Molten Egg 2","Sundial"],"acts_visited":["Exordium","TheCity"],"potions_floor_usage":[16,20,27,30],"damage_taken":[{"damage":0.0,"enemies":"2 Louse","floor":1.0,"turns":4.0},{"damage":14.0,"enemies":"Jaw Worm","floor":3.0,"turns":7.0},{"damage":0.0,"enemies":"Small Slimes","floor":7.0,"turns":3.0},{"damage":0.0,"enemies":"2 Fungi Beasts","floor":10.0,"turns":3.0},{"damage":0.0,"enemies":"Lots of Slimes","floor":12.0,"turns":1.0},{"damage":8.0,"enemies":"Exordium Wildlife","floor":13.0,"turns":3.0},{"damage":15.0,"enemies":"3 Sentries","floor":14.0,"turns":11.0},{"damage":21,"enemies":"Hexaghost","floor":16,"turns":8},{"damage":10,"enemies":"Chosen","floor":18,"turns":4},{"damage":16,"enemies":"3 Byrds","floor":20,"turns":5},{"damage":3,"enemies":"Snecko","floor":22,"turns":6},{"damage":11,"enemies":"Chosen and Byrds","floor":23,"turns":7},{"damage":20,"enemies":"Centurion and Healer","floor":25,"turns":5},{"damage":18,"enemies":"Sentry and Sphere","floor":27,"turns":6},{"damage":35,"enemies":"Book of Stabbing","floor":30,"turns":7},{"damage":56,"enemies":"Cultist and Chosen","floor":31,"turns":5}],"seed_played":"7280953365797719563","potions_obtained":[{"floor":7.0,"key":"LiquidBronze"},{"floor":13.0,"key":"Block Potion"},{"floor":16,"key":"Strength Potion"},{"floor":25,"key":"SkillPotion"},{"floor":27,"key":"SpeedPotion"}],"is_trial":false,"path_per_floor":["M","?","M","?","?","R","M","?","T","M","$","M","M","E","R","B",null,"M","?","M","$","M","M","R","M","T","M","R","$","E","M"],"character_chosen":"THE_SILENT","items_purchased":["War Paint","Apotheosis"],"campfire_rested":1,"item_purchase_floors":[11,21],"current_hp_per_floor":[59,59,45,34,34,34,34,34,34,34,34,34,38,35,35,26,56,46,46,42,42,39,40,40,32,32,26,60,60,37,0,0],"gold":75,"neow_bonus":"TRANSFORM_CARD","is_daily":false,"chose_seed":false,"campfire_upgraded":3,"win_rate":0.0,"timestamp":1609922018,"path_taken":["M","?","M","?","?","R","M","?","T","M","$","M","M","E","R","BOSS","M","?","M","$","M","M","R","M","T","?","R","$","E","M"],"items_purchased_type":["Relic","Card"],"build_version":"2020-12-22","purchased_purges":3,"victory":false,"max_hp_per_floor":[66,66,66,66,66,66,66,66,66,66,66,66,66,66,66,66,66,66,66,66,66,66,66,66,66,66,66,66,66,66,66,66],"card_choices":[{"not_picked":["PiercingWail","Setup"],"picked":"All Out Attack","floor":1.0},{"not_picked":["Skewer","Flechettes","Bane"],"picked":"SKIP","floor":3.0},{"not_picked":["Underhanded Strike","Dodge and Roll"],"picked":"Acrobatics","floor":7.0},{"not_picked":["Sucker Punch","A Thousand Cuts"],"picked":"Backstab","floor":10.0},{"not_picked":["Crippling Poison","All Out Attack"],"picked":"Bouncing Flask","floor":12.0},{"not_picked":["Slice","Bouncing Flask","Underhanded Strike"],"picked":"SKIP","floor":13.0},{"not_picked":["Leg Sweep","Quick Slash","Deflect"],"picked":"SKIP","floor":14.0},{"not_picked":["Envenom","Bullet Time"],"picked":"Adrenaline","floor":16},{"not_picked":["Acrobatics","Setup"],"picked":"Backflip","floor":18},{"not_picked":["All Out Attack","Expertise","Slice"],"picked":"SKIP","floor":20},{"not_picked":["Sucker Punch","Dodge and Roll"],"picked":"Prepared","floor":22},{"not_picked":["Eviscerate+1","Deadly Poison"],"picked":"Well Laid Plans","floor":23},{"not_picked":["Quick Slash","Deflect","Well Laid Plans"],"picked":"SKIP","floor":25},{"not_picked":["Bane+1","Setup"],"picked":"Finisher+1","floor":27},{"not_picked":["Dagger Throw+1","Well Laid Plans"],"picked":"Accuracy","floor":30}],"player_experience":474587,"relics_obtained":[{"floor":9.0,"key":"Meat on the Bone"},{"floor":14.0,"key":"Regal Pillow"},{"floor":26,"key":"Molten Egg 2"},{"floor":30,"key":"Sundial"}],"event_choices":[{"cards_removed":["Strike_G"],"damage_healed":0.0,"max_hp_gain":0.0,"max_hp_loss":0.0,"gold_gain":0.0,"event_name":"Living Wall","player_choice":"Forget","floor":2.0,"gold_loss":0.0,"damage_taken":0.0},{"damage_healed":0.0,"max_hp_gain":0.0,"max_hp_loss":0.0,"gold_gain":75.0,"event_name":"World of Goop","player_choice":"Gather Gold","floor":4.0,"gold_loss":0.0,"damage_taken":11.0},{"damage_healed":0.0,"max_hp_gain":0.0,"max_hp_loss":0.0,"gold_gain":72.0,"event_name":"Golden Wing","player_choice":"Gained Gold","floor":5.0,"gold_loss":0.0,"damage_taken":0.0},{"damage_healed":0.0,"max_hp_gain":0.0,"max_hp_loss":0.0,"gold_gain":150.0,"event_name":"Liars Game","player_choice":"AGREE","floor":8.0,"gold_loss":0.0,"damage_taken":0.0,"cards_obtained":["Doubt"]},{"damage_healed":0,"gold_gain":0,"player_choice":"Upgraded Two","damage_taken":0,"max_hp_gain":0,"max_hp_loss":0,"event_name":"Designer","floor":19,"gold_loss":50,"cards_upgraded":["Adrenaline","Defend_G"]}],"is_beta":false,"boss_relics":[{"not_picked":["Ectoplasm","Fusion Hammer"],"picked":"WristBlade"}],"items_purged_floors":[11,21,29],"is_endless":false,"potions_floor_spawned":[7,13,16,25,27],"killed_by":"Cultist and Chosen","ascension_level":20}}