{"host":"Qube","time":1609910124,"event":{"mods":["AchievementEnabler","BaseMod","Colored Map","Colored Powertips","Minty Spire (QoL Compilation)","Quick Restart","Random Character Button","StSLib"],"gold_per_floor":[111,111,111,131,149,182,182,212,212,227,257,332,367,385,385,385,385],"floor_reached":16,"playtime":572,"items_purged":[],"score":228,"play_id":"688f2602-3a19-4755-8fe2-622aac9a7e3c","local_time":"20210105211524","is_ascension_mode":true,"campfire_choices":[{"data":"Cleave","floor":7.0,"key":"SMITH"},{"data":"Armaments","floor":15,"key":"SMITH"}],"circlet_count":0,"master_deck":["AscendersBane","Strike_R","Strike_R","Strike_R","Strike_R","Defend_R","Defend_R","Defend_R","Defend_R","Bash","Reckless Charge","Evolve","Cleave+1","Rupture","Power Through","Armaments+1","Hemokinesis","Demon Form"],"relics":["Burning Blood","NeowsBlessing","Potion Belt","Pocketwatch","Prayer Wheel","Kunai","Ancient Tea Set","Blood Vial"],"acts_visited":["Exordium"],"potions_floor_usage":[13,14],"damage_taken":[{"damage":0.0,"enemies":"Small Slimes","floor":1.0,"turns":1.0},{"damage":0.0,"enemies":"2 Louse","floor":4.0,"turns":1.0},{"damage":0.0,"enemies":"Cultist","floor":5.0,"turns":1.0},{"damage":20.0,"enemies":"Lagavulin","floor":6.0,"turns":5.0},{"damage":29.0,"enemies":"Gremlin Nob","floor":8.0,"turns":4.0},{"damage":8.0,"enemies":"3 Louse","floor":10.0,"turns":3.0},{"damage":17.0,"enemies":"3 Sentries","floor":11.0,"turns":6.0},{"damage":6,"enemies":"Lagavulin","floor":13,"turns":7},{"damage":7,"enemies":"2 Fungi Beasts","floor":14,"turns":3},{"damage":18,"enemies":"Hexaghost","floor":16,"turns":9}],"seed_played":"-7569203496441603842","potions_obtained":[{"floor":1.0,"key":"SteroidPotion"},{"floor":4.0,"key":"Strength Potion"},{"floor":10.0,"key":"Weak Potion"},{"floor":11.0,"key":"Swift Potion"}],"is_trial":false,"path_per_floor":["M","?","?","M","M","E","R","E","T","M","E","?","E","M","R","B"],"character_chosen":"IRONCLAD","items_purchased":[],"campfire_rested":0,"item_purchase_floors":[],"current_hp_per_floor":[74,63,63,69,75,61,61,38,38,36,25,14,14,15,15,0,0],"gold":385,"neow_bonus":"THREE_ENEMY_KILL","is_daily":false,"chose_seed":false,"campfire_upgraded":2,"win_rate":0.0,"timestamp":1609910124,"path_taken":["M","?","?","?","M","E","R","E","T","M","E","?","E","M","R","BOSS"],"items_purchased_type":[],"build_version":"2020-12-18","purchased_purges":0,"victory":false,"max_hp_per_floor":[75,75,75,75,75,75,75,75,75,75,75,75,75,75,75,75,75],"card_choices":[{"not_picked":["Sever Soul","Bloodletting"],"picked":"Reckless Charge","floor":1.0},{"not_picked":["Ghostly Armor","Havoc"],"picked":"Evolve","floor":4.0},{"not_picked":["Heavy Blade","Clothesline"],"picked":"Cleave","floor":5.0},{"not_picked":["Combust","Perfected Strike"],"picked":"Rupture","floor":6.0},{"not_picked":["Shrug It Off","Sword Boomerang"],"picked":"Power Through","floor":8.0},{"not_picked":["Wild Strike","Clash"],"picked":"Armaments","floor":10.0},{"not_picked":["Exhume","Perfected Strike","Cleave"],"picked":"SKIP","floor":10.0},{"not_picked":["Twin Strike","Heavy Blade"],"picked":"Hemokinesis","floor":11.0},{"not_picked":["Iron Wave","Rage"],"picked":"Demon Form","floor":13},{"not_picked":["Clothesline","Thunderclap","Warcry"],"picked":"SKIP","floor":14},{"not_picked":["Wild Strike","Clothesline","Cleave"],"picked":"SKIP","floor":14}],"player_experience":808954,"relics_obtained":[{"floor":6.0,"key":"Pocketwatch"},{"floor":8.0,"key":"Prayer Wheel"},{"floor":9.0,"key":"Kunai"},{"floor":11.0,"key":"Ancient Tea Set"},{"floor":13,"key":"Blood Vial"}],"event_choices":[{"damage_healed":0.0,"max_hp_gain":0.0,"max_hp_loss":0.0,"gold_gain":0.0,"event_name":"Scrap Ooze","player_choice":"Success","floor":2.0,"gold_loss":0.0,"damage_taken":11.0,"relics_obtained":["Potion Belt"]},{"cards_removed":["Strike_R"],"damage_healed":0.0,"max_hp_gain":0.0,"max_hp_loss":0.0,"gold_gain":0.0,"event_name":"Purifier","player_choice":"Purged","floor":3.0,"gold_loss":0.0,"damage_taken":0.0},{"damage_healed":0.0,"max_hp_gain":0.0,"max_hp_loss":0.0,"gold_gain":75.0,"event_name":"World of Goop","player_choice":"Gather Gold","floor":12.0,"gold_loss":0.0,"damage_taken":11.0}],"is_beta":true,"boss_relics":[],"items_purged_floors":[],"is_endless":false,"potions_floor_spawned":[1,4,10,11],"killed_by":"Hexaghost","ascension_level":15}}