{"host":"ifhtq4ixo5m3h13u","time":1609942478,"event":{"mods":["BaseMod","Downfall","Minty Spire (QoL Compilation)","StSLib","Waifu the Spire","noobMod","vexMod","¡¾ÒÅÎï¿¨ÅÆ¡¿REMEMod"],"gold_per_floor":[99,113,131,144,163,197,197,47,65,65,90,90,90,90,104,204,204,204,223,267,267,278,119,142,155,155,167,167,182,192,202,221,323,373,373,422,89,105,105,125,125,136,161,161,174,191,116,128,140,140],"floor_reached":51,"playtime":2643,"items_purged":[],"score":764,"play_id":"906ce284-ca32-402c-b759-9929ed2114cb","local_time":"20210106221438","is_ascension_mode":false,"campfire_choices":[{"floor":1,"key":"RECALL"},{"floor":8,"key":"REST"},{"floor":10,"key":"REST"},{"floor":12,"key":"REST"},{"data":"sneckomod:UnknownRarePower","floor":18,"key":"SMITH"},{"data":"sneckomod:WideSting","floor":35,"key":"SMITH"},{"floor":47,"key":"REST"}],"circlet_count":0,"master_deck":["sneckomod:Strike+1","sneckomod:Defend","sneckomod:Defend","sneckomod:TailWhip","sneckomod:SnekBite","sneckomod:Unknown","sneckomod:Unknown","Burning Pact+1","sneckomod:DiceBoulder","sneckomod:TrashToTreasure","sneckomod:UnknownVulnerable","sneckomod:IronFang","sneckomod:DiceCrush","sneckomod:WideSting+1","sneckomod:Rotation","sneckomod:TrashToTreasure","sneckomod:SerpentMind+1","Regret","sneckomod:Nope","sneckomod:UnknownRarePower+1","sneckomod:Mudshield+1","sneckomod:RainOfDice+1","sneckomod:UnknownUncommonAttack+1","sneckomod:IronFang+1","sneckomod:UnknownBlock+1","sneckomod:Cheat","sneckomod:UnknownClassPURPLE+1","hexamod:FirstSeal","sneckomod:CheapStock+1","sneckomod:ImprovisedGuard","sneckomod:DangerNoodle+1","sneckomod:UnknownVulnerable","sneckomod:DiceCrush+1","sneckomod:ImprovisedAttack+1","expansioncontent:Sear","expansioncontent:SlimeTackle","expansioncontent:DefensiveStance","sneckomod:UnknownUncommonPower+1","sneckomod:RainOfDice+1","sneckomod:UnknownClassSLIMEBOUND+1","sneckomod:MorePower"],"relics":["sneckomod:SneckoSoul","REME_ComplimentaryCards","ice","Dream Catcher","downfall:HeartBlessingRed","downfall:HeartBlessingBlue","Odd Mushroom","Astrolabe","REME_PuzzleBoxRelic","Ancient Tea Set","Question Card","Tiny House","Mango","Bottled Tornado","sneckomod:UnknownEgg","Omamori","downfall:HeartBlessingGreen"],"acts_visited":["Exordium","TheCity","TheBeyond"],"potions_floor_usage":[16,16,16,16,16,16,16,16,16,20,30,31,31,50],"damage_taken":[{"damage":9,"enemies":"Jaw Worm","floor":2,"turns":5},{"damage":10,"enemies":"Small Slimes","floor":3,"turns":3},{"damage":0,"enemies":"Cultist","floor":4,"turns":2},{"damage":26,"enemies":"Lots of Slimes","floor":5,"turns":5},{"damage":30,"enemies":"Lagavulin","floor":6,"turns":6},{"damage":10,"enemies":"Exordium Thugs","floor":9,"turns":2},{"damage":18,"enemies":"The Mushroom Lair","floor":11,"turns":4},{"damage":16,"enemies":"Large Slime","floor":15,"turns":6},{"damage":30,"enemies":"downfall:Watcher","floor":16,"turns":6},{"damage":58,"enemies":"3 Byrds","floor":19,"turns":7},{"damage":42,"enemies":"Snake Plant","floor":20,"turns":3},{"damage":7,"enemies":"Cultist and Chosen","floor":22,"turns":3},{"damage":4,"enemies":"downfall:FleeingMerchant","floor":23,"turns":4},{"damage":33,"enemies":"Shelled Parasite and Fungi","floor":25,"turns":5},{"damage":47,"enemies":"3 Cultists","floor":27,"turns":7},{"damage":3,"enemies":"Chosen and Byrds","floor":29,"turns":3},{"damage":29,"enemies":"Centurion and Healer","floor":30,"turns":6},{"damage":14,"enemies":"Sentry and Sphere","floor":31,"turns":3},{"damage":21,"enemies":"Cultist and Chosen","floor":32,"turns":5},{"damage":10,"enemies":"downfall:Defect","floor":33,"turns":6},{"damage":31,"enemies":"2 Orb Walkers","floor":36,"turns":3},{"damage":6,"enemies":"Orb Walker","floor":38,"turns":2},{"damage":9,"enemies":"3 Shapes","floor":40,"turns":2},{"damage":8,"enemies":"Maw","floor":42,"turns":4},{"damage":53,"enemies":"Reptomancer","floor":43,"turns":3},{"damage":30,"enemies":"Writhing Mass","floor":45,"turns":4},{"damage":36,"enemies":"Sphere and 2 Shapes","floor":46,"turns":2},{"damage":0,"enemies":"Maw","floor":48,"turns":4},{"damage":16,"enemies":"Spire Growth","floor":49,"turns":2},{"damage":25,"enemies":"downfall:Ironclad","floor":50,"turns":4}],"seed_played":"8036991088761925506","potions_obtained":[{"floor":2,"key":"AttackPotion"},{"floor":3,"key":"PowerPotion"},{"floor":4,"key":"LiquidBronze"},{"floor":9,"key":"champ:CounterPotion"},{"floor":15,"key":"EntropicBrew"},{"floor":19,"key":"REME_GoldPotion"},{"floor":21,"key":"downfall:CursedFountainPotion"},{"floor":25,"key":"SneckoOil"},{"floor":29,"key":"Regen Potion"},{"floor":31,"key":"Block Potion"},{"floor":34,"key":"FairyPotion"},{"floor":40,"key":"Weak Potion"}],"is_trial":false,"path_per_floor":["R","M","M","M","M","E","T","R","M","R","?","R","?","?","M","B",null,"R","M","M","?","M","$","T","M","T","M","?","M","M","M","M","B",null,"R","?","?","M","?","M","T","M","E","T","M","M","R","M","M","B",null],"character_chosen":"THE_SNECKO","items_purchased":["REME_PuzzleBoxRelic"],"campfire_rested":4,"item_purchase_floors":[23],"current_hp_per_floor":[99,90,80,81,55,25,25,68,58,91,73,106,106,106,90,61,112,112,54,13,13,6,113,113,81,81,34,47,44,31,28,9,153,159,159,142,199,193,183,175,175,167,114,114,92,63,130,137,121,96],"gold":140,"neow_bonus":"TEN_PERCENT_HP_BONUS","is_daily":false,"chose_seed":false,"campfire_upgraded":2,"win_rate":0.0,"timestamp":1609942478,"path_taken":["R","M","M","M","M","E","T","R","M","R","?","R","?","?","M","BOSS","R","M","M","?","?","$","T","?","?","M","?","M","M","M","M","BOSS","R","?","?","M","?","M","T","M","E","?","?","M","R","M","M","BOSS"],"items_purchased_type":["Relic"],"build_version":"2020-12-22","purchased_purges":0,"victory":true,"max_hp_per_floor":[99,99,99,100,100,100,100,110,110,110,110,110,110,110,110,111,112,112,112,113,113,113,113,113,119,119,130,130,137,142,143,148,153,159,159,177,199,200,200,203,203,204,208,208,215,221,222,223,224,227],"card_choices":[{"not_picked":["sneckomod:UnknownWeak","sneckomod:WideSting"],"picked":"sneckomod:DiceBoulder","floor":2},{"not_picked":["sneckomod:Nope","sneckomod:UnknownExhaust"],"picked":"sneckomod:TrashToTreasure","floor":3},{"not_picked":["sneckomod:UnknownWeak","sneckomod:QuickMove"],"picked":"sneckomod:UnknownVulnerable","floor":4},{"not_picked":["sneckomod:QuickBite","sneckomod:UnknownCommonAttack"],"picked":"sneckomod:IronFang","floor":5},{"not_picked":["sneckomod:UnknownUncommonAttack","sneckomod:Unknown2Cost"],"picked":"sneckomod:DiceCrush","floor":6},{"not_picked":["sneckomod:DiceBlock","sneckomod:RainOfDice"],"picked":"sneckomod:WideSting","floor":8},{"not_picked":["sneckomod:DiceBlock","sneckomod:UnknownBlock","sneckomod:UnknownCommonSkill"],"picked":"SKIP","floor":9},{"not_picked":["sneckomod:QuickBite","sneckomod:MasterEye"],"picked":"sneckomod:Rotation","floor":10},{"not_picked":["sneckomod:WideSting","sneckomod:IronFang"],"picked":"sneckomod:TrashToTreasure","floor":11},{"not_picked":["sneckomod:WideSting","sneckomod:UnknownX"],"picked":"sneckomod:SerpentMind","floor":12},{"not_picked":["sneckomod:SoulDraw","sneckomod:UnknownClassGUARDIAN"],"picked":"sneckomod:Nope","floor":15},{"not_picked":["sneckomod:UnlimitedRolls","sneckomod:SoulExchange"],"picked":"sneckomod:UnknownRarePower","floor":16},{"not_picked":["sneckomod:WideSting","sneckomod:UnknownCommonAttack"],"picked":"sneckomod:IronFang+1","floor":19},{"not_picked":["sneckomod:UnknownClassSLIMEBOUND","sneckomod:UnknownClassRED"],"picked":"sneckomod:UnknownBlock+1","floor":20},{"not_picked":["sneckomod:Unknown0Cost","sneckomod:UnknownCommonAttack","sneckomod:Nope+1"],"picked":"SKIP","floor":22},{"not_picked":["sneckomod:UnknownCommonSkill","sneckomod:UnknownUncommonSkill"],"picked":"sneckomod:Cheat","floor":23},{"not_picked":["sneckomod:UnknownX+1","sneckomod:UnknownUncommonAttack"],"picked":"sneckomod:UnknownClassPURPLE+1","floor":25},{"not_picked":["sneckomod:WideSting","sneckomod:UnknownClassPURPLE","sneckomod:QuickMove","sneckomod:SoulDraw"],"picked":"SKIP","floor":27},{"not_picked":["sneckomod:IronFang+1","sneckomod:RainOfDice","sneckomod:UnknownX+1","sneckomod:UnknownCommonAttack"],"picked":"SKIP","floor":29},{"not_picked":["hexamod:SecondSeal","hexamod:SixthSeal","hexamod:FourthSeal"],"picked":"hexamod:FirstSeal","floor":30},{"not_picked":["sneckomod:UnknownBlock+1","sneckomod:UnknownClassBLUE+1","sneckomod:Unknown1Cost"],"picked":"sneckomod:CheapStock+1","floor":30},{"not_picked":["sneckomod:UnknownVulnerable","sneckomod:UnknownEthereal+1","sneckomod:SoulRoll","sneckomod:Nope"],"picked":"SKIP","floor":31},{"not_picked":["sneckomod:SoulDraw","sneckomod:SoulCleanse+1","sneckomod:UnknownClassGREEN+1"],"picked":"sneckomod:ImprovisedGuard","floor":32},{"not_picked":["sneckomod:Unknown3Cost","sneckomod:Restock","sneckomod:MorePower"],"picked":"sneckomod:DangerNoodle","floor":33},{"not_picked":["sneckomod:Rotation","sneckomod:QuickMove","sneckomod:UnknownClassTHE_CHAMP_GRAY"],"picked":"sneckomod:UnknownVulnerable","floor":34},{"not_picked":["sneckomod:UnknownUncommonAttack","sneckomod:UnknownClassTHE_CHAMP_GRAY+1","sneckomod:Rotation"],"picked":"sneckomod:DiceCrush+1","floor":36},{"not_picked":["sneckomod:IronFang","sneckomod:UnknownExhaust+1","sneckomod:DiceCrush+1"],"picked":"sneckomod:ImprovisedAttack+1","floor":38},{"not_picked":["expansioncontent:HyperBeam","expansioncontent:Flail","expansioncontent:GoopSpray"],"picked":"expansioncontent:Sear","floor":39},{"not_picked":["expansioncontent:Torchfire","expansioncontent:GoopSpray","expansioncontent:DarkVoid"],"picked":"expansioncontent:SlimeTackle","floor":39},{"not_picked":["expansioncontent:ManipulateTime","expansioncontent:PolyBeam","expansioncontent:DecasProtection"],"picked":"expansioncontent:DefensiveStance","floor":39},{"not_picked":["sneckomod:MasterEye","sneckomod:SoulDraw+1","sneckomod:RainOfDice"],"picked":"sneckomod:UnknownUncommonPower+1","floor":40},{"not_picked":["sneckomod:SerpentIdol","sneckomod:Unknown0Cost","sneckomod:QuickBite"],"picked":"sneckomod:RainOfDice+1","floor":42},{"not_picked":["sneckomod:UnknownClassRED+1","sneckomod:IronFang+1","sneckomod:UnknownCommonAttack+1","sneckomod:ImprovisedAttack"],"picked":"SKIP","floor":43},{"not_picked":["sneckomod:MorePower","sneckomod:UnknownClassGUARDIAN+1","sneckomod:WideSting+1","sneckomod:QuickMove"],"picked":"SKIP","floor":45},{"not_picked":["sneckomod:SerpentIdol","sneckomod:RainOfDice","sneckomod:UnknownExhaust+1","sneckomod:UnknownEthereal+1"],"picked":"SKIP","floor":46},{"not_picked":["sneckomod:UnknownBlock+1","sneckomod:CheapStock+1","sneckomod:SoulDraw"],"picked":"sneckomod:UnknownClassSLIMEBOUND+1","floor":47},{"not_picked":["sneckomod:UnknownCommonAttack+1","sneckomod:WideSting","sneckomod:Unknown1Cost+1","sneckomod:QuickMove+1"],"picked":"SKIP","floor":48},{"not_picked":["sneckomod:Unknown2Cost+1","sneckomod:MasterEye+1","sneckomod:UnknownWeak+1"],"picked":"sneckomod:MorePower","floor":49}],"player_experience":44242,"relics_obtained":[{"floor":6,"key":"Dream Catcher"},{"floor":11,"key":"Odd Mushroom"},{"floor":24,"key":"Ancient Tea Set"},{"floor":26,"key":"Question Card"},{"floor":36,"key":"Mango"},{"floor":41,"key":"Bottled Tornado"},{"floor":43,"key":"sneckomod:UnknownEgg"},{"floor":44,"key":"Omamori"}],"event_choices":[{"damage_healed":0,"gold_gain":0,"player_choice":"Fought Mushrooms","damage_taken":0,"max_hp_gain":0,"max_hp_loss":0,"event_name":"Mushrooms","floor":11,"gold_loss":0},{"damage_healed":0,"gold_gain":0,"player_choice":"Fight","damage_taken":0,"max_hp_gain":0,"max_hp_loss":0,"event_name":"Mysterious Sphere","floor":36,"gold_loss":0}],"is_beta":false,"boss_relics":[{"not_picked":["Coffee Dripper","SacredBark"],"picked":"Astrolabe"},{"not_picked":["REME_LowDesire","Black Star"],"picked":"Tiny House"}],"items_purged_floors":[],"is_endless":false,"potions_floor_spawned":[2,3,4,9,15,19,25,29,31,40,42,45,48],"ascension_level":0}}