{"host":"w3x3n9s6mrz4xpf0","time":1609915963,"event":{"mods":["BaseMod","Minty Spire (QoL Compilation)","StSLib","SuperFastMode"],"gold_per_floor":[110,124,49,49,63,63,92,92,146,158,174,193,193,213,213,290,290,305,305,319,319,39,71,71,71,96,116,143,162,162,196,196,273,273,291,181,197,210,229,229,229,240,265,297,315,215,227,49,49,49],"floor_reached":51,"playtime":2749,"items_purged":["Masterful Stab","Survivor","All Out Attack"],"score":1328,"play_id":"0ad0f4f9-146f-47df-9e23-365adbbd65b7","local_time":"20210106155243","is_ascension_mode":true,"campfire_choices":[{"data":"Well Laid Plans","floor":6.0,"key":"SMITH"},{"data":"Blade Dance","floor":8.0,"key":"SMITH"},{"data":"Neutralize","floor":15.0,"key":"SMITH"},{"data":"Apotheosis","floor":24.0,"key":"SMITH"},{"data":"Accuracy","floor":32.0,"key":"SMITH"},{"data":"Venomology","floor":40,"key":"SMITH"},{"data":"Acrobatics","floor":49,"key":"SMITH"}],"circlet_count":0,"master_deck":["AscendersBane","Defend_G","Defend_G","Defend_G","Defend_G","Neutralize+1","Blade Dance+1","Well Laid Plans+1","Venomology+1","Tactician","Bite","Bite","Bite","Bite","Bite+1","Acrobatics+1","Apotheosis+1","Accuracy+1","Backflip+1","Blade Dance+1","Escape Plan"],"relics":["Empty Cage","Darkstone Periapt","Kunai","Philosopher\u0027s Stone","Pantograph","Bag of Marbles","Tiny Chest","Nunchaku","Paper Crane","WristBlade","MealTicket","Bronze Scales","Blue Candle"],"acts_visited":["Exordium","TheCity","TheBeyond"],"potions_floor_usage":[35,37,38,38,39,44,44,47,50,50,50],"damage_taken":[{"damage":0.0,"enemies":"2 Louse","floor":1.0,"turns":5.0},{"damage":12.0,"enemies":"Jaw Worm","floor":2.0,"turns":6.0},{"damage":1.0,"enemies":"Cultist","floor":5.0,"turns":4.0},{"damage":22.0,"enemies":"3 Sentries","floor":7.0,"turns":8.0},{"damage":0.0,"enemies":"Exordium Wildlife","floor":10.0,"turns":3.0},{"damage":0.0,"enemies":"2 Fungi Beasts","floor":11.0,"turns":3.0},{"damage":7.0,"enemies":"Blue Slaver","floor":12.0,"turns":4.0},{"damage":0.0,"enemies":"Large Slime","floor":14.0,"turns":4.0},{"damage":9.0,"enemies":"The Guardian","floor":16.0,"turns":14.0},{"damage":25.0,"enemies":"Shell Parasite","floor":18.0,"turns":6.0},{"damage":22.0,"enemies":"Spheric Guardian","floor":20.0,"turns":6.0},{"damage":27.0,"enemies":"Slavers","floor":23.0,"turns":7.0},{"damage":13.0,"enemies":"Snecko","floor":27.0,"turns":11.0},{"damage":2.0,"enemies":"Gremlin Leader","floor":28.0,"turns":10.0},{"damage":12.0,"enemies":"Cultist and Chosen","floor":29.0,"turns":7.0},{"damage":32.0,"enemies":"Book of Stabbing","floor":31.0,"turns":7.0},{"damage":55.0,"enemies":"Champ","floor":33.0,"turns":17.0},{"damage":45,"enemies":"Orb Walker","floor":35,"turns":4},{"damage":33,"enemies":"3 Darklings","floor":37,"turns":11},{"damage":6,"enemies":"Maw","floor":38,"turns":7},{"damage":33,"enemies":"Transient","floor":39,"turns":6},{"damage":64,"enemies":"3 Darklings","floor":42,"turns":11},{"damage":13,"enemies":"Nemesis","floor":44,"turns":5},{"damage":19,"enemies":"Maw","floor":45,"turns":8},{"damage":35,"enemies":"Spire Growth","floor":47,"turns":4},{"damage":16,"enemies":"Awakened One","floor":50,"turns":11}],"seed_played":"-8168292715411190764","potions_obtained":[{"floor":2.0,"key":"Fruit Juice"},{"floor":7.0,"key":"ColorlessPotion"},{"floor":10.0,"key":"SteroidPotion"},{"floor":16.0,"key":"Swift Potion"},{"floor":18.0,"key":"BlessingOfTheForge"},{"floor":23.0,"key":"Energy Potion"},{"floor":27.0,"key":"SteroidPotion"},{"floor":35,"key":"PowerPotion"}],"is_trial":false,"path_per_floor":["M","M","?","T","M","R","E","R","T","M","M","M","?","M","R","B",null,"M","?","M","?","$","E","R","?","T","M","E","M","?","E","R","B",null,"M","?","M","M","M","R","T","M","T","E","M","$","M","$","R","B",null],"character_chosen":"THE_SILENT","items_purchased":["Apotheosis","Strength Potion"],"campfire_rested":0,"item_purchase_floors":[22,48],"current_hp_per_floor":[59,52,52,52,51,51,29,29,29,31,33,28,21,23,23,16,57,34,34,30,30,30,32,32,12,12,36,76,76,82,72,72,81,82,57,57,79,82,73,73,73,81,81,82,82,82,59,74,74,82],"gold":49,"neow_bonus":"BOSS_RELIC","is_daily":false,"chose_seed":false,"campfire_upgraded":7,"win_rate":0.0,"timestamp":1609915963,"path_taken":["M","M","?","?","?","R","E","R","T","M","M","M","?","M","R","BOSS","M","?","M","?","$","E","R","?","T","?","E","M","?","E","R","BOSS","M","?","M","?","M","R","?","M","T","E","M","?","M","$","R","BOSS"],"items_purchased_type":["Card","Potion"],"build_version":"2020-12-22","purchased_purges":3,"victory":true,"max_hp_per_floor":[66,71,71,71,71,71,71,71,71,71,71,71,71,71,71,71,71,71,71,71,71,71,71,71,76,76,76,76,76,82,82,82,82,82,82,82,82,82,82,82,82,82,82,82,82,82,82,82,82,82],"card_choices":[{"not_picked":["Acrobatics","Sucker Punch"],"picked":"Blade Dance","floor":1.0},{"not_picked":["Underhanded Strike","Deflect"],"picked":"Well Laid Plans","floor":2.0},{"not_picked":["Outmaneuver","Infinite Blades"],"picked":"All Out Attack","floor":5.0},{"not_picked":["Die Die Die","Backstab"],"picked":"Masterful Stab","floor":7.0},{"not_picked":["Poisoned Stab","Outmaneuver","Blade Dance"],"picked":"SKIP","floor":10.0},{"not_picked":["Blade Dance","Well Laid Plans","Corpse Explosion"],"picked":"SKIP","floor":11.0},{"not_picked":["Backstab","Poisoned Stab","Prepared"],"picked":"SKIP","floor":12.0},{"not_picked":["Eviscerate","Catalyst","Slice"],"picked":"SKIP","floor":14.0},{"not_picked":["A Thousand Cuts","Adrenaline"],"picked":"Venomology","floor":16.0},{"not_picked":["Dagger Throw","Quick Slash"],"picked":"Tactician","floor":18.0},{"not_picked":["Prepared","Masterful Stab+1","Flying Knee"],"picked":"SKIP","floor":20.0},{"not_picked":["Outmaneuver","Bullet Time","Terror"],"picked":"SKIP","floor":23.0},{"not_picked":["Slice","Footwork","Endless Agony"],"picked":"SKIP","floor":27.0},{"not_picked":["Dodge and Roll","Dash","All Out Attack"],"picked":"SKIP","floor":28.0},{"not_picked":["Bane","Slice+1","Quick Slash"],"picked":"SKIP","floor":29.0},{"not_picked":["Prepared+1","PiercingWail"],"picked":"Accuracy","floor":31.0},{"not_picked":["Setup","Acrobatics","Underhanded Strike+1"],"picked":"SKIP","floor":35},{"not_picked":["Distraction","Tactician+1","Bouncing Flask+1"],"picked":"SKIP","floor":37},{"not_picked":["Underhanded Strike","Acrobatics+1","Poisoned Stab"],"picked":"SKIP","floor":38},{"not_picked":["Poisoned Stab","All Out Attack","Finisher"],"picked":"SKIP","floor":39},{"not_picked":["Endless Agony","Dagger Spray+1"],"picked":"Backflip+1","floor":42},{"not_picked":["Caltrops","Quick Slash","Setup"],"picked":"SKIP","floor":44},{"not_picked":["Dodge and Roll+1","Flechettes"],"picked":"Blade Dance+1","floor":45},{"not_picked":["Distraction","Setup+1"],"picked":"Escape Plan","floor":47}],"player_experience":102862,"relics_obtained":[{"floor":4.0,"key":"Darkstone Periapt"},{"floor":7.0,"key":"Kunai"},{"floor":9.0,"key":"Blood Vial"},{"floor":23.0,"key":"Pantograph"},{"floor":26.0,"key":"Bag of Marbles"},{"floor":28.0,"key":"Tiny Chest"},{"floor":31.0,"key":"Paper Crane"},{"floor":41,"key":"MealTicket"},{"floor":43,"key":"Bronze Scales"},{"floor":44,"key":"Blue Candle"}],"event_choices":[{"cards_removed":["Strike_G"],"damage_healed":0.0,"max_hp_gain":0.0,"max_hp_loss":0.0,"gold_gain":0.0,"event_name":"The Cleric","player_choice":"Card Removal","floor":3.0,"gold_loss":75.0,"damage_taken":0.0},{"cards_removed":["Strike_G"],"damage_healed":0.0,"max_hp_gain":0.0,"max_hp_loss":0.0,"gold_gain":0.0,"event_name":"Golden Wing","player_choice":"Card Removal","floor":13.0,"gold_loss":0.0,"damage_taken":7.0},{"damage_healed":0.0,"max_hp_gain":0.0,"max_hp_loss":0.0,"gold_gain":0.0,"event_name":"Vampires","player_choice":"Became a vampire (Vial)","floor":19.0,"relics_lost":["Blood Vial"],"gold_loss":0.0,"damage_taken":0.0,"cards_obtained":["Bite","Bite","Bite","Bite","Bite"]},{"damage_healed":0.0,"max_hp_gain":0.0,"max_hp_loss":0.0,"gold_gain":0.0,"event_name":"The Library","player_choice":"Read","floor":21.0,"gold_loss":0.0,"damage_taken":0.0,"cards_obtained":["Acrobatics"]},{"damage_healed":0.0,"max_hp_gain":5.0,"max_hp_loss":0.0,"gold_gain":0.0,"event_name":"Forgotten Altar","player_choice":"Shed Blood","floor":25.0,"gold_loss":0.0,"damage_taken":25.0},{"damage_healed":0.0,"max_hp_gain":0.0,"max_hp_loss":0.0,"gold_gain":0.0,"event_name":"The Mausoleum","player_choice":"Opened","floor":30.0,"gold_loss":0.0,"damage_taken":0.0,"relics_obtained":["Nunchaku"],"cards_obtained":["Writhe"]},{"cards_removed":["Writhe"],"damage_healed":0,"gold_gain":0,"player_choice":"Upgrade and Remove","damage_taken":0,"max_hp_gain":0,"max_hp_loss":0,"event_name":"Designer","floor":36,"gold_loss":110,"cards_upgraded":["Bite"]}],"is_beta":false,"boss_relics":[{"not_picked":["Tiny House","Calling Bell"],"picked":"Philosopher\u0027s Stone"},{"not_picked":["Coffee Dripper","HoveringKite"],"picked":"WristBlade"}],"items_purged_floors":[22,46,48],"is_endless":false,"potions_floor_spawned":[2,7,10,12,16,18,23,27,33,35],"ascension_level":17}}