{"host":"qojc688juf5ijsln","time":1609910091,"event":{"mods":["AchievementEnabler","BaseMod","BetterRewards","Colored Map","Colored Powertips","Friendly Minions","Highlight Path","Minty Spire (QoL Compilation)","Quick Restart","Shop Mod","Spicy Shops","StSLib"],"gold_per_floor":[119,119,194,52,52,64,76,111,183,195,195,225,235,13,13,117,117,137,137,157,157,157,157,190,39,62,62,88,123,157,229,229,333,333,348,363,188,188,0,36,36,70,122,156,156,187,187,199,199,199],"floor_reached":51,"playtime":4358,"items_purged":["Defend_R","Defend_R"],"score":1305,"play_id":"56962d47-0e64-4948-93eb-ff0835f94f00","local_time":"20210106131451","is_ascension_mode":true,"campfire_choices":[{"data":"Whirlwind","floor":11,"key":"SMITH"},{"floor":15,"key":"REST"},{"data":"Hemokinesis","floor":23,"key":"SMITH"},{"data":"Clash","floor":32,"key":"SMITH"},{"data":"Fire Breathing","floor":45,"key":"SMITH"},{"data":"Flex","floor":49,"key":"SMITH"}],"circlet_count":0,"master_deck":["Strike_R","Strike_R+1","Strike_R+1","Strike_R+1","Defend_R+1","Bash","Whirlwind+1","Shrug It Off","Blind","Whirlwind+1","Hemokinesis+1","Flex+1","Intimidate+1","Bloodletting+1","Clash+1","Clash+1","Offering+1","Clash+1","Fire Breathing+1","Trip+1","Heavy Blade+1"],"relics":["Burning Blood","Vajra","Ancient Tea Set","Self Forming Clay","Ornamental Fan","Membership Card","Black Star","Toxic Egg 2","Pantograph","Gambling Chip","Thread and Needle","Bag of Marbles","Sling","Centennial Puzzle","Blood Vial","WingedGreaves","White Beast Statue","Sundial","Lizard Tail","HornCleat","Velvet Choker","MerchantsRug","Red Mask","Orichalcum","CeramicFish","Lantern","Juzu Bracelet","Akabeko","Champion Belt","Bottled Lightning","Regal Pillow","Question Card"],"acts_visited":["Exordium","TheCity","TheBeyond"],"potions_floor_usage":[8,8,16,24,28,29,33,36,46,50,50,50],"damage_taken":[{"damage":0,"enemies":"Jaw Worm","floor":1,"turns":4},{"damage":0,"enemies":"Small Slimes","floor":6,"turns":2},{"damage":0,"enemies":"Cultist","floor":7,"turns":3},{"damage":16,"enemies":"Lagavulin","floor":8,"turns":5},{"damage":0,"enemies":"Lots of Slimes","floor":10,"turns":1},{"damage":18,"enemies":"3 Sentries","floor":12,"turns":4},{"damage":9,"enemies":"Large Slime","floor":13,"turns":4},{"damage":37,"enemies":"Slime Boss","floor":16,"turns":8},{"damage":17,"enemies":"Chosen","floor":18,"turns":5},{"damage":21,"enemies":"Shell Parasite","floor":20,"turns":5},{"damage":28,"enemies":"Book of Stabbing","floor":24,"turns":6},{"damage":2,"enemies":"Gremlin Leader","floor":28,"turns":3},{"damage":3,"enemies":"Book of Stabbing","floor":29,"turns":2},{"damage":10,"enemies":"Gremlin Leader","floor":30,"turns":3},{"damage":44,"enemies":"Automaton","floor":33,"turns":7},{"damage":3,"enemies":"3 Darklings","floor":35,"turns":1},{"damage":8,"enemies":"Orb Walker","floor":36,"turns":2},{"damage":9,"enemies":"Giant Head","floor":40,"turns":4},{"damage":9,"enemies":"Nemesis","floor":42,"turns":3},{"damage":13,"enemies":"Reptomancer","floor":44,"turns":3},{"damage":12,"enemies":"Giant Head","floor":46,"turns":4},{"damage":3,"enemies":"Writhing Mass","floor":48,"turns":1},{"damage":15,"enemies":"Donu and Deca","floor":50,"turns":3}],"seed_played":"4138681319445693117","potions_obtained":[{"floor":6,"key":"FearPotion"},{"floor":7,"key":"SkillPotion"},{"floor":8,"key":"LiquidMemories"},{"floor":16,"key":"GamblersBrew"},{"floor":20,"key":"BloodPotion"},{"floor":24,"key":"DuplicationPotion"},{"floor":28,"key":"SteroidPotion"},{"floor":30,"key":"Energy Potion"},{"floor":33,"key":"CultistPotion"},{"floor":35,"key":"BlessingOfTheForge"},{"floor":36,"key":"Fruit Juice"},{"floor":40,"key":"Explosive Potion"},{"floor":46,"key":"BlessingOfTheForge"}],"is_trial":false,"path_per_floor":["M","?","?","$","?","M","M","E","T","M","R","E","M","$","R","B",null,"M","?","M","T","?","R","E","$","T","?","E","E","E","T","R","B",null,"M","M","$","?","?","E","?","E","T","E","R","E","?","M","R","B",null],"character_chosen":"IRONCLAD","items_purchased":["Whirlwind","Vajra","Mango","Membership Card","Omamori","Bag of Marbles","Sling","Lee\u0027s Waffle","Fire Breathing","MerchantsRug"],"campfire_rested":1,"item_purchase_floors":[0,0,4,14,14,25,25,37,37,37],"current_hp_per_floor":[70,54,43,57,57,63,69,59,59,65,65,53,50,50,78,47,94,83,83,68,68,68,68,64,64,64,64,68,73,71,71,71,56,94,94,97,106,106,106,103,103,102,102,97,97,93,93,98,98,92],"gold":199,"neow_bonus":"","is_daily":false,"chose_seed":false,"campfire_upgraded":5,"win_rate":0.0,"timestamp":1609910091,"path_taken":["M","?","?","$","?","M","M","E","T","?","R","E","?","$","R","BOSS","M","?","M","?","?","R","E","$","T","?","E","E","E","?","R","BOSS","M","M","$","?","?","E","?","E","T","E","R","E","?","M","R","BOSS"],"items_purchased_type":["Card","Relic","Relic","Relic","Relic","Relic","Relic","Relic","Card","Relic"],"build_version":"2020-12-22","purchased_purges":2,"victory":true,"max_hp_per_floor":[80,80,80,94,94,94,94,94,94,94,94,94,94,94,94,94,94,94,94,94,94,94,94,94,94,94,94,94,94,94,94,94,94,94,94,99,106,106,106,106,106,106,106,106,106,106,101,101,101,101],"card_choices":[{"not_picked":["Havoc","Clothesline","Shrug It Off"],"picked":"SKIP","floor":1},{"not_picked":["Cleave","Disarm","Dark Embrace"],"picked":"SKIP","floor":6},{"not_picked":["Cleave","Headbutt","Uppercut"],"picked":"SKIP","floor":7},{"not_picked":["Blood for Blood","Sword Boomerang","Iron Wave"],"picked":"SKIP","floor":8},{"not_picked":["Clash","Twin Strike"],"picked":"Whirlwind","floor":10},{"not_picked":["Pommel Strike","Shrug It Off","Clothesline"],"picked":"SKIP","floor":12},{"not_picked":["Pommel Strike","Brutality"],"picked":"Hemokinesis","floor":13},{"not_picked":["Battle Trance","Burning Pact+1"],"picked":"Flex","floor":18},{"not_picked":["Heavy Blade","Anger"],"picked":"Intimidate+1","floor":20},{"not_picked":["Evolve","Havoc+1"],"picked":"Bloodletting+1","floor":24},{"not_picked":["Rage+1","Wild Strike"],"picked":"Clash+1","floor":28},{"not_picked":["Offering+1","Cleave"],"picked":"Clash","floor":29},{"not_picked":["Wild Strike","Iron Wave","Shrug It Off+1"],"picked":"SKIP","floor":30},{"not_picked":["Exhume+1","Brutality"],"picked":"Offering+1","floor":33},{"not_picked":["Cleave+1","Thunderclap","Body Slam"],"picked":"SKIP","floor":35},{"not_picked":["Fire Breathing+1","Perfected Strike+1"],"picked":"Clash+1","floor":36},{"not_picked":["Jack Of All Trades+1","Madness+1"],"picked":"Trip+1","floor":38},{"not_picked":["Flex+1","Infernal Blade+1"],"picked":"Clash+1","floor":40},{"not_picked":["Shockwave+1","Havoc+1"],"picked":"Heavy Blade+1","floor":42},{"not_picked":["Pommel Strike+1","Thunderclap+1","Wild Strike+1"],"picked":"SKIP","floor":44},{"not_picked":["Bloodletting+1","Spot Weakness+1","Burning Pact+1"],"picked":"SKIP","floor":46},{"not_picked":["True Grit+1","Spot Weakness+1","Power Through+1","Clothesline+1"],"picked":"SKIP","floor":48}],"player_experience":47773,"relics_obtained":[{"floor":8,"key":"Ancient Tea Set"},{"floor":9,"key":"Self Forming Clay"},{"floor":12,"key":"Ornamental Fan"},{"floor":21,"key":"Toxic Egg 2"},{"floor":24,"key":"Gambling Chip"},{"floor":24,"key":"Thread and Needle"},{"floor":26,"key":"Centennial Puzzle"},{"floor":28,"key":"Blood Vial"},{"floor":28,"key":"WingedGreaves"},{"floor":29,"key":"White Beast Statue"},{"floor":29,"key":"Sundial"},{"floor":30,"key":"Lizard Tail"},{"floor":30,"key":"Whetstone"},{"floor":31,"key":"HornCleat"},{"floor":40,"key":"Orichalcum"},{"floor":40,"key":"CeramicFish"},{"floor":42,"key":"Lantern"},{"floor":42,"key":"Juzu Bracelet"},{"floor":43,"key":"Akabeko"},{"floor":44,"key":"Champion Belt"},{"floor":44,"key":"Bottled Lightning"},{"floor":46,"key":"Regal Pillow"},{"floor":46,"key":"Question Card"}],"event_choices":[{"damage_healed":0,"gold_gain":0,"player_choice":"Entered Light","damage_taken":16,"max_hp_gain":0,"max_hp_loss":0,"event_name":"Shining Light","floor":2,"gold_loss":0,"cards_upgraded":["Strike_R","Defend_R"]},{"damage_healed":0,"gold_gain":75,"player_choice":"Gather Gold","damage_taken":11,"max_hp_gain":0,"max_hp_loss":0,"event_name":"World of Goop","floor":3,"gold_loss":0},{"damage_healed":0,"gold_gain":0,"player_choice":"Upgraded","damage_taken":0,"max_hp_gain":0,"max_hp_loss":0,"event_name":"Upgrade Shrine","floor":5,"gold_loss":0,"cards_upgraded":["Whirlwind"]},{"cards_removed":["Defend_R"],"damage_healed":0,"gold_gain":0,"player_choice":"Elegance","damage_taken":0,"max_hp_gain":0,"max_hp_loss":0,"event_name":"Back to Basics","floor":19,"gold_loss":0},{"damage_healed":0,"gold_gain":0,"player_choice":"Stole Relic","damage_taken":0,"relics_obtained":["Pantograph"],"max_hp_gain":0,"max_hp_loss":0,"event_name":"Addict","floor":22,"gold_loss":0,"cards_obtained":["Shame"]},{"damage_healed":0,"gold_gain":0,"player_choice":"Smashed Altar","damage_taken":0,"max_hp_gain":0,"max_hp_loss":0,"event_name":"Forgotten Altar","floor":27,"gold_loss":0,"cards_obtained":["Decay"]},{"damage_healed":0,"gold_gain":0,"player_choice":"Memory 1","damage_taken":0,"max_hp_gain":0,"max_hp_loss":0,"event_name":"SensoryStone","floor":38,"gold_loss":0},{"damage_healed":0,"gold_gain":0,"player_choice":"Paid","damage_taken":0,"relics_obtained":["Red Mask"],"max_hp_gain":0,"max_hp_loss":0,"event_name":"Tomb of Lord Red Mask","floor":39,"gold_loss":188},{"cards_removed":["Clash"],"damage_healed":0,"gold_gain":0,"player_choice":"Removed Attack","damage_taken":0,"max_hp_gain":0,"max_hp_loss":0,"event_name":"Falling","floor":41,"gold_loss":0},{"damage_healed":0,"gold_gain":0,"player_choice":"Max HP","damage_taken":0,"max_hp_gain":0,"max_hp_loss":5,"event_name":"Winding Halls","floor":47,"gold_loss":0}],"is_beta":false,"boss_relics":[{"not_picked":["Ectoplasm","Cursed Key"],"picked":"Black Star"},{"not_picked":["Runic Cube","Runic Pyramid"],"picked":"Velvet Choker"}],"items_purged_floors":[37,37],"is_endless":false,"potions_floor_spawned":[6,7,8,16,20,24,28,30,33,35,36,40,42,44,46,48],"ascension_level":2}}