{"host":"qrt7o4dq2qslzw13","time":1609962650,"event":{"mods":["AchievementEnabler","BaseMod","Colored Map","Colored Powertips","Minty Spire (QoL Compilation)","Quick Restart","StSLib","SuperFastMode"],"gold_per_floor":[10,10,10,24,24,24,34,50,104,134,15,31,31,49,49,151,151,170,170,186,186,203,213,10,30,53,67,67,98,98,111,111,215,215,226,243,90,90,103,103,121,121,172,3,38,54,54,73,73,73,73,73,24,59,59,59],"floor_reached":55,"playtime":2050,"items_purged":["Strike_R"],"score":748,"play_id":"86b4067e-dc75-47ee-9813-456f4d09774b","local_time":"20210106145050","is_ascension_mode":false,"campfire_choices":[{"data":"Bash","floor":6.0,"key":"SMITH"},{"data":"Twin Strike","floor":13.0,"key":"SMITH"},{"data":"Ghostly Armor","floor":15.0,"key":"SMITH"},{"data":"Bludgeon","floor":28.0,"key":"SMITH"},{"data":"Immolate","floor":30.0,"key":"SMITH"},{"data":"Spot Weakness","floor":32.0,"key":"SMITH"},{"data":"Warcry","floor":40.0,"key":"SMITH"},{"data":"Good Instincts","floor":42.0,"key":"SMITH"},{"floor":47.0,"key":"REST"},{"floor":49.0,"key":"RECALL"},{"data":"Jack Of All Trades","floor":52.0,"key":"SMITH"}],"circlet_count":0,"master_deck":["Strike_R","Strike_R","Strike_R","Strike_R","Defend_R","Defend_R","Defend_R","Defend_R","Bash+1","Ghostly Armor+1","Rupture","Spot Weakness+1","Twin Strike+1","Thunderclap","Twin Strike","Shrug It Off","Spot Weakness","Immolate+1","Warcry","Cleave","Bludgeon+1","PanicButton","Dark Embrace+1","Pommel Strike","Good Instincts+1","Iron Wave","Iron Wave+1","Bloodletting","Headbutt","Warcry+1","Headbutt+1","Combust","Burning Pact","Spot Weakness+1","Jack Of All Trades+1","Combust","Disarm+1","Flex+1","Armaments+1","Havoc+1"],"relics":["Black Blood","Boot","Bag of Preparation","Bronze Scales","Mark of Pain","Pen Nib","Charon\u0027s Ashes","Toxic Egg 2","Happy Flower"],"acts_visited":["Exordium","TheCity","TheBeyond","TheEnding"],"potions_floor_usage":[],"damage_taken":[{"damage":15.0,"enemies":"Small Slimes","floor":1.0,"turns":4.0},{"damage":6.0,"enemies":"Cultist","floor":4.0,"turns":3.0},{"damage":6.0,"enemies":"2 Louse","floor":7.0,"turns":3.0},{"damage":10.0,"enemies":"Red Slaver","floor":8.0,"turns":6.0},{"damage":44.0,"enemies":"Lagavulin","floor":10.0,"turns":7.0},{"damage":0.0,"enemies":"2 Fungi Beasts","floor":12.0,"turns":3.0},{"damage":7.0,"enemies":"Blue Slaver","floor":14.0,"turns":3.0},{"damage":33.0,"enemies":"Hexaghost","floor":16.0,"turns":8.0},{"damage":12.0,"enemies":"Spheric Guardian","floor":18.0,"turns":4.0},{"damage":9.0,"enemies":"Shell Parasite","floor":20.0,"turns":3.0},{"damage":9.0,"enemies":"Snecko","floor":22.0,"turns":4.0},{"damage":11.0,"enemies":"Cultist and Chosen","floor":23.0,"turns":4.0},{"damage":8.0,"enemies":"Snake Plant","floor":25.0,"turns":4.0},{"damage":0.0,"enemies":"Snecko","floor":27.0,"turns":3.0},{"damage":12.0,"enemies":"Book of Stabbing","floor":29.0,"turns":3.0},{"damage":8.0,"enemies":"Centurion and Healer","floor":31.0,"turns":6.0},{"damage":58.0,"enemies":"Champ","floor":33.0,"turns":9.0},{"damage":0.0,"enemies":"3 Shapes","floor":35.0,"turns":5.0},{"damage":18.0,"enemies":"Orb Walker","floor":36.0,"turns":3.0},{"damage":22.0,"enemies":"Maw","floor":39.0,"turns":7.0},{"damage":16.0,"enemies":"Spire Growth","floor":41.0,"turns":4.0},{"damage":19.0,"enemies":"Nemesis","floor":45.0,"turns":5.0},{"damage":17.0,"enemies":"Sphere and 2 Shapes","floor":46.0,"turns":4.0},{"damage":44.0,"enemies":"Transient","floor":48.0,"turns":5.0},{"damage":47.0,"enemies":"Donu and Deca","floor":50.0,"turns":6.0},{"damage":93.0,"enemies":"Shield and Spear","floor":54.0,"turns":5.0},{"damage":78,"enemies":"The Heart","floor":55,"turns":6}],"seed_played":"5819749948902918244","potions_obtained":[{"floor":8.0,"key":"Explosive Potion"},{"floor":10.0,"key":"LiquidBronze"},{"floor":16.0,"key":"SpeedPotion"},{"floor":20.0,"key":"LiquidMemories"},{"floor":23.0,"key":"ColorlessPotion"},{"floor":29.0,"key":"FairyPotion"}],"is_trial":false,"path_per_floor":["M","?","?","M","$","R","M","M","T","E","$","M","R","M","R","B",null,"M","?","M","?","M","M","$","M","T","M","R","E","R","M","R","B",null,"M","M","$","?","M","R","M","R","T","$","E","M","R","M","R","B",null,"R","$","E","B"],"character_chosen":"IRONCLAD","items_purchased":["Thunderclap","Twin Strike","Shrug It Off","Good Instincts","Iron Wave","Combust","Burning Pact","Jack Of All Trades","Combust","PowerPotion"],"campfire_rested":1,"item_purchase_floors":[11,11,11,24,24,37,37,44,44,53],"current_hp_per_floor":[87,87,87,87,87,87,87,83,83,45,45,51,51,50,50,23,96,90,90,87,87,84,79,79,77,77,83,83,77,77,75,75,23,96,96,90,90,90,80,80,76,76,76,76,69,64,92,60,60,25,96,96,96,15,0,0],"gold":59,"neow_bonus":"TWENTY_PERCENT_HP_BONUS","is_daily":false,"chose_seed":false,"campfire_upgraded":9,"win_rate":0.0,"timestamp":1609962650,"path_taken":["M","?","?","?","?","R","M","M","T","E","$","M","R","M","R","BOSS","M","?","?","?","M","M","$","M","T","?","R","E","R","M","R","BOSS","M","M","$","?","M","R","?","R","T","$","E","M","R","M","R","BOSS","R","$","E","BOSS"],"items_purchased_type":["Card","Card","Card","Card","Card","Card","Card","Card","Card","Potion"],"build_version":"2020-12-22","purchased_purges":1,"victory":false,"max_hp_per_floor":[96,96,96,96,96,96,96,96,96,96,96,96,96,96,96,96,96,96,96,96,96,96,96,96,96,96,96,96,96,96,96,96,96,96,96,96,96,96,96,96,96,96,96,96,96,96,96,96,96,96,96,96,96,96,96,96],"card_choices":[{"not_picked":["Entrench","Thunderclap"],"picked":"Heavy Blade","floor":1.0},{"not_picked":["Evolve","Cleave"],"picked":"Ghostly Armor","floor":4.0},{"not_picked":["Flex","Perfected Strike"],"picked":"Rupture","floor":7.0},{"not_picked":["Body Slam","Heavy Blade"],"picked":"Spot Weakness","floor":8.0},{"not_picked":["Infernal Blade","Disarm"],"picked":"Twin Strike","floor":10.0},{"not_picked":["Sentinel","Havoc"],"picked":"Spot Weakness","floor":12.0},{"not_picked":["Wild Strike","Sword Boomerang","Blood for Blood"],"picked":"SKIP","floor":14.0},{"not_picked":["Reaper","Bludgeon"],"picked":"Immolate","floor":16.0},{"not_picked":["True Grit","Heavy Blade"],"picked":"Warcry","floor":18.0},{"not_picked":["Body Slam","Blood for Blood+1"],"picked":"Cleave","floor":20.0},{"not_picked":["Clash","Sentinel"],"picked":"Pommel Strike","floor":22.0},{"not_picked":["Dark Embrace","Heavy Blade","Sever Soul"],"picked":"SKIP","floor":23.0},{"not_picked":["Thunderclap","Bloodletting"],"picked":"Iron Wave+1","floor":25.0},{"not_picked":["Clash","Headbutt"],"picked":"Bloodletting","floor":27.0},{"not_picked":["Power Through","Perfected Strike"],"picked":"Headbutt","floor":29.0},{"not_picked":["Uppercut","Evolve"],"picked":"Warcry","floor":31.0},{"not_picked":["Perfected Strike+1","Blood for Blood","Thunderclap+1"],"picked":"SKIP","floor":35.0},{"not_picked":["Pommel Strike","Clash+1"],"picked":"Headbutt+1","floor":36.0},{"not_picked":["Wild Strike","Iron Wave+1","Barricade"],"picked":"SKIP","floor":39.0},{"not_picked":["Armaments","Wild Strike+1"],"picked":"Spot Weakness+1","floor":41.0},{"not_picked":["Heavy Blade+1","Twin Strike+1"],"picked":"Disarm+1","floor":45.0},{"not_picked":["Thunderclap+1","Burning Pact+1"],"picked":"Flex+1","floor":46.0},{"not_picked":["Battle Trance+1","Havoc+1"],"picked":"Armaments+1","floor":48.0},{"not_picked":["Wild Strike","Carnage+1"],"picked":"Havoc+1","floor":54.0}],"player_experience":513887,"relics_obtained":[{"floor":9.0,"key":"Bag of Preparation"},{"floor":10.0,"key":"Bronze Scales"},{"floor":26.0,"key":"Pen Nib"},{"floor":29.0,"key":"Charon\u0027s Ashes"},{"floor":45.0,"key":"Toxic Egg 2"},{"floor":54.0,"key":"Happy Flower"}],"event_choices":[{"damage_healed":0.0,"max_hp_gain":0.0,"max_hp_loss":0.0,"gold_gain":0.0,"event_name":"Living Wall","player_choice":"Grow","floor":2.0,"gold_loss":0.0,"damage_taken":0.0,"cards_upgraded":["Heavy Blade"]},{"cards_removed":["Heavy Blade"],"damage_healed":0.0,"max_hp_gain":0.0,"max_hp_loss":0.0,"gold_gain":0.0,"event_name":"WeMeetAgain","player_choice":"Gave Card","floor":3.0,"gold_loss":0.0,"damage_taken":0.0,"relics_obtained":["Boot"]},{"damage_healed":0.0,"max_hp_gain":0.0,"max_hp_loss":0.0,"gold_gain":0.0,"event_name":"The Woman in Blue","player_choice":"Bought 0 Potions","floor":19.0,"gold_loss":0.0,"damage_taken":0.0},{"damage_healed":0.0,"max_hp_gain":0.0,"max_hp_loss":0.0,"gold_gain":0.0,"event_name":"Match and Keep!","player_choice":"3 cards matched","floor":21.0,"gold_loss":0.0,"damage_taken":0.0,"cards_obtained":["Bludgeon","PanicButton","Dark Embrace"]},{"damage_healed":0.0,"max_hp_gain":0.0,"max_hp_loss":0.0,"gold_gain":0.0,"event_name":"Upgrade Shrine","player_choice":"Upgraded","floor":38.0,"gold_loss":0.0,"damage_taken":0.0,"cards_upgraded":["Dark Embrace"]}],"is_beta":false,"boss_relics":[{"not_picked":["Astrolabe","Black Star"],"picked":"Mark of Pain"},{"not_picked":["Velvet Choker","Calling Bell"],"picked":"Black Blood"}],"items_purged_floors":[24],"is_endless":false,"potions_floor_spawned":[8,10,16,20,23,27,29,33,35,41,46,48],"killed_by":"The Heart","ascension_level":0}}