{"host":"tom9euzqew4po1rs","time":1609894285,"event":{"mods":["BaseMod","Minty Spire (QoL Compilation)","Quick Restart","Rare Cards Sparkle","Replay The Spire","StSLib","The Animator","The Cursed"],"gold_per_floor":[119,119,37,54,12,12,12,26,51,51,51,64,64,83,83,182,182,200,200,200,45,45,45],"floor_reached":22,"playtime":1127,"items_purged":["Amnesia"],"score":174,"play_id":"7ab4d7ff-32fc-46b5-abfa-9714d9024574","local_time":"20210105195125","is_ascension_mode":false,"campfire_choices":[{"data":"Venomology","floor":6,"key":"SMITH"},{"floor":10,"key":"RECALL"},{"data":"Toxin Wave","floor":15,"key":"SMITH"}],"circlet_count":0,"master_deck":["Strike_G","Strike_G","Strike_G","Strike_G","Defend_G","Defend_G","Defend_G","Defend_G","Survivor","Neutralize","Venomology+1","Toxin Wave+1","Deadly Poison","Backstab","Poisoned Stab","Deflect","ReplayTheSpireMod:From All Sides+1","Escape Plan","Outmaneuver","Burst","Masterful Stab","Voices"],"relics":["Ring of the Snake","Replay:Wax Seal","ReplayTheSpireMod:CursedCoin","Black Star","Ring of Fury","Pet Ghost"],"acts_visited":["Exordium","TheCity"],"potions_floor_usage":[4,8,14,16,16,16,16,18,20],"damage_taken":[{"damage":2,"enemies":"Small Slimes","floor":1,"turns":6},{"damage":0,"enemies":"2 Louse","floor":4,"turns":2},{"damage":0,"enemies":"Cultist","floor":8,"turns":2},{"damage":0,"enemies":"Exordium Wildlife","floor":12,"turns":5},{"damage":0,"enemies":"Blue Slaver","floor":14,"turns":1},{"damage":29,"enemies":"Fading Forest","floor":16,"turns":11},{"damage":12,"enemies":"Spheric Guardian","floor":18,"turns":5},{"damage":0,"enemies":"Shell Parasite","floor":20,"turns":1},{"damage":12,"enemies":"Shelled Parasite and Fungi","floor":22,"turns":2}],"seed_played":"-5905885275436275887","potions_obtained":[{"floor":1,"key":"Poison Potion"},{"floor":14,"key":"PowerPotion"},{"floor":16,"key":"SmokeBomb"}],"is_trial":false,"path_per_floor":["M","?","$","M","$","R","$","M","T","R","?","M","?","M","R","B",null,"M","?","M","$","M"],"character_chosen":"THE_SILENT","items_purchased":["Replay:Wax Seal","ReplayTheSpireMod:CursedCoin","Backstab","Poisoned Stab","Pet Ghost"],"campfire_rested":0,"item_purchase_floors":[3,5,5,5,21],"current_hp_per_floor":[68,68,68,68,68,68,68,68,68,68,68,68,68,68,68,41,70,58,58,58,58,46,46],"gold":45,"neow_bonus":"ONE_RANDOM_RARE_CARD","is_daily":false,"chose_seed":false,"campfire_upgraded":2,"win_rate":0.0,"timestamp":1609894285,"path_taken":["M","?","$","M","$","R","$","M","T","R","?","M","?","?","R","BOSS","M","?","M","$","M"],"items_purchased_type":["Relic","Relic","Card","Card","Relic"],"build_version":"2020-12-22","purchased_purges":1,"victory":false,"max_hp_per_floor":[70,70,70,70,70,70,70,70,70,70,70,70,70,70,70,70,70,70,70,70,70,70,70],"card_choices":[{"not_picked":["Outmaneuver","Flying Knee"],"picked":"Toxin Wave","floor":1},{"not_picked":["Calculated Gamble","Skewer"],"picked":"Deadly Poison","floor":4},{"not_picked":["Outmaneuver","Caltrops"],"picked":"Deflect","floor":8},{"not_picked":["Predator","Leg Sweep"],"picked":"Escape Plan","floor":12},{"not_picked":["Eviscerate","Dagger Throw"],"picked":"Outmaneuver","floor":14},{"not_picked":["Night Terror","Doppelganger"],"picked":"Burst","floor":16},{"not_picked":["Terror+1","Dagger Spray+1"],"picked":"Masterful Stab","floor":18}],"player_experience":61028,"relics_obtained":[{"floor":19,"key":"Ring of Fury"}],"event_choices":[{"damage_healed":0,"gold_gain":0,"player_choice":"Leave","damage_taken":0,"max_hp_gain":0,"max_hp_loss":0,"event_name":"The Cleric","floor":2,"gold_loss":0},{"cards_removed":["Defend_G"],"damage_healed":0,"gold_gain":0,"player_choice":"Purged","damage_taken":0,"max_hp_gain":0,"max_hp_loss":0,"event_name":"Purifier","floor":13,"gold_loss":0}],"is_beta":false,"boss_relics":[{"not_picked":["Ectoplasm","Coffee Dripper"],"picked":"Black Star"}],"items_purged_floors":[5],"is_endless":false,"potions_floor_spawned":[1,14,16,20],"killed_by":"Shelled Parasite and Fungi","ascension_level":0}}