{"host":"dr5t8qsew5rvjx1s","time":1609947291,"event":{"mods":["Act Like it!","BaseMod","BetterRewards","Colored Powertips","Highlight Path","Marked Mod","Mimic Mod","Minty Spire (QoL Compilation)","StSLib","The Marked"],"gold_per_floor":[109,109,128,128,403,403,444,444,498,516,516,535,556,192,192,311,374,389,413,56,56,66,66,66,66],"floor_reached":24,"playtime":985,"items_purged":[],"score":194,"play_id":"bee7d30c-bd51-4b22-9aad-fb74c25e846f","local_time":"20210106163451","is_ascension_mode":false,"campfire_choices":[{"data":"ForeignInfluence","floor":6.0,"key":"SMITH"},{"floor":8.0,"key":"REST"},{"floor":11.0,"key":"REST"},{"data":"Eruption","floor":15.0,"key":"SMITH"},{"data":"Ragnarok","floor":23.0,"key":"SMITH"}],"circlet_count":0,"master_deck":["Strike_P+1","Strike_P","Strike_P+1","Strike_P","Defend_P","Defend_P","Defend_P","Defend_P+1","Eruption+1","Vigilance+1","Prostrate+1","ForeignInfluence+1","Injury","Regret","Evaluate+1","Perseverance+1","Prostrate+1","WaveOfTheHand+1","ForeignInfluence+1","Ragnarok+1","InnerPeace+1","Evaluate+1","WaveOfTheHand+1","PathToVictory+1"],"relics":["PureWater","PreservedInsect","Bloody Idol","Toxic Egg 2","Omamori","Whetstone","War Paint","Tiny House","Ancient Tea Set","Thread and Needle"],"acts_visited":["Exordium","TheCity"],"potions_floor_usage":[24,24],"damage_taken":[{"damage":7.0,"enemies":"2 Louse","floor":1.0,"turns":2.0},{"damage":1.0,"enemies":"Jaw Worm","floor":3.0,"turns":4.0},{"damage":32.0,"enemies":"Gremlin Nob","floor":7.0,"turns":3.0},{"damage":1.0,"enemies":"Cultist","floor":10.0,"turns":3.0},{"damage":2.0,"enemies":"Exordium Wildlife","floor":12.0,"turns":3.0},{"damage":2.0,"enemies":"2 Fungi Beasts","floor":13.0,"turns":4.0},{"damage":58.0,"enemies":"Slime Boss","floor":16.0,"turns":16.0},{"damage":8.0,"enemies":"3 Byrds","floor":18.0,"turns":7.0},{"damage":9.0,"enemies":"Chosen","floor":22.0,"turns":9.0},{"damage":82,"enemies":"Gremlin Leader","floor":24,"turns":8}],"seed_played":"7834805990661676815","potions_obtained":[{"floor":1.0,"key":"BlessingOfTheForge"},{"floor":7.0,"key":"PowerPotion"},{"floor":10.0,"key":"BlessingOfTheForge"},{"floor":13.0,"key":"Swift Potion"},{"floor":17.0,"key":"SneckoOil"},{"floor":22.0,"key":"Explosive Potion"}],"is_trial":false,"path_per_floor":["M","?","M","?","?","R","E","R","T","M","R","M","M","$","R","B",null,"M","T","$","?","M","R","E"],"character_chosen":"WATCHER","items_purchased":["ForeignInfluence+1","Whetstone","War Paint","Thread and Needle","WaveOfTheHand+1"],"campfire_rested":2,"item_purchase_floors":[14,14,14,20,20],"current_hp_per_floor":[65,65,64,64,64,64,32,53,53,52,72,70,68,68,68,10,77,69,69,69,69,65,65,0,0],"gold":66,"neow_bonus":"RANDOM_COMMON_RELIC","is_daily":false,"chose_seed":false,"campfire_upgraded":3,"win_rate":0.0,"timestamp":1609947291,"path_taken":["M","?","M","?","?","R","E","R","T","M","R","M","M","$","R","BOSS","M","?","$","?","M","R","E"],"items_purchased_type":["Card","Relic","Relic","Relic","Card"],"build_version":"2020-12-22","purchased_purges":0,"victory":false,"max_hp_per_floor":[72,72,72,72,72,72,72,72,72,72,72,72,72,72,72,72,77,77,77,77,77,77,77,77,77],"card_choices":[{"not_picked":["WaveOfTheHand","Meditate"],"picked":"Prostrate","floor":1.0},{"not_picked":["MarkedMod:Acupuncture","Adaptation"],"picked":"ForeignInfluence","floor":3.0},{"not_picked":["Alpha+1","Protect+1"],"picked":"Evaluate+1","floor":7.0},{"not_picked":["SashWhip","Weave"],"picked":"Perseverance+1","floor":10.0},{"not_picked":["JustLucky","DeceiveReality+1"],"picked":"Prostrate+1","floor":12.0},{"not_picked":["ClearTheMind+1","SashWhip"],"picked":"WaveOfTheHand+1","floor":13.0},{"not_picked":["MasterReality","Judgement+1"],"picked":"Ragnarok","floor":16.0},{"not_picked":["Fasting2","SashWhip"],"picked":"InnerPeace+1","floor":17.0},{"not_picked":["FlurryOfBlows","EmptyBody+1"],"picked":"Evaluate+1","floor":18.0},{"not_picked":["JustLucky","MarkedMod:FirstStrike+1"],"picked":"PathToVictory+1","floor":22.0}],"player_experience":545889,"relics_obtained":[{"floor":7.0,"key":"Toxic Egg 2"},{"floor":9.0,"key":"Omamori"},{"floor":19.0,"key":"Ancient Tea Set"}],"event_choices":[{"damage_healed":0.0,"max_hp_gain":0.0,"max_hp_loss":0.0,"gold_gain":0.0,"event_name":"The Cleric","player_choice":"Leave","floor":2.0,"gold_loss":0.0,"damage_taken":0.0},{"damage_healed":0.0,"max_hp_gain":0.0,"max_hp_loss":0.0,"gold_gain":0.0,"event_name":"Golden Idol","player_choice":"Take Wound","floor":4.0,"gold_loss":0.0,"damage_taken":0.0,"relics_obtained":["Golden Idol"],"cards_obtained":["Injury"]},{"damage_healed":0.0,"max_hp_gain":0.0,"max_hp_loss":0.0,"gold_gain":275.0,"event_name":"Golden Shrine","player_choice":"Desecrate","floor":5.0,"gold_loss":0.0,"damage_taken":0.0,"cards_obtained":["Regret"]},{"damage_healed":0.0,"max_hp_gain":0.0,"max_hp_loss":0.0,"gold_gain":0.0,"event_name":"Forgotten Altar","player_choice":"Gave Idol","floor":21.0,"relics_lost":["Golden Idol"],"gold_loss":0.0,"damage_taken":0.0,"relics_obtained":["Bloody Idol"]}],"is_beta":false,"boss_relics":[{"not_picked":["Philosopher\u0027s Stone","VioletLotus"],"picked":"Tiny House"}],"items_purged_floors":[],"is_endless":false,"potions_floor_spawned":[1,7,10,13,22],"killed_by":"Gremlin Leader","ascension_level":0}}