{"host":"chewie","time":1609974702,"event":{"mods":["AchievementEnabler","BaseMod","Bestiary","Colored Map","Keyboard Shortcuts","Minty Spire (QoL Compilation)","Relic Stats","StSLib"],"gold_per_floor":[117,117,117,14,35,75,75,75,75,115,131,152,172,206,206,299,299,314,314,355,355,355,355,355,355],"floor_reached":24,"playtime":1936,"items_purged":["Strike_G"],"score":499,"play_id":"e61130f1-0839-4a8c-b1df-7e1f33eb9b36","local_time":"20210107001142","is_ascension_mode":true,"campfire_choices":[{"data":"Neutralize","floor":7,"key":"SMITH"},{"data":"Noxious Fumes","floor":15,"key":"SMITH"},{"data":"Deadly Poison","floor":23,"key":"SMITH"}],"circlet_count":0,"master_deck":["AscendersBane","Defend_G","Defend_G","Defend_G","Defend_G","Defend_G","Survivor","Neutralize+1","Footwork","Poisoned Stab","Deadly Poison+1","Poisoned Stab","Dagger Spray","Catalyst","Noxious Fumes+1","Well Laid Plans","Tools of the Trade","Footwork","Tactician","Bite","Bite","Bite","Bite","Bite"],"relics":["Ring of the Snake","NeowsBlessing","Golden Idol","Oddly Smooth Stone","Pear","Mummified Hand","Bag of Preparation","Pen Nib","Ornamental Fan","Runic Pyramid","Red Mask"],"acts_visited":["Exordium","TheCity"],"potions_floor_usage":[18,20],"damage_taken":[{"damage":0,"enemies":"Jaw Worm","floor":1,"turns":1},{"damage":0,"enemies":"2 Louse","floor":5,"turns":1},{"damage":0,"enemies":"Lagavulin","floor":6,"turns":1},{"damage":35,"enemies":"Gremlin Nob","floor":10,"turns":4},{"damage":0,"enemies":"Small Slimes","floor":11,"turns":4},{"damage":0,"enemies":"Looter","floor":12,"turns":3},{"damage":1,"enemies":"Large Slime","floor":13,"turns":5},{"damage":1,"enemies":"Lagavulin","floor":14,"turns":5},{"damage":5,"enemies":"Hexaghost","floor":16,"turns":7},{"damage":2,"enemies":"Shell Parasite","floor":18,"turns":5},{"damage":36,"enemies":"Masked Bandits","floor":20,"turns":6},{"damage":29,"enemies":"Slavers","floor":24,"turns":2}],"seed_played":"8891722028551179361","potions_obtained":[{"floor":1,"key":"PowerPotion"},{"floor":10,"key":"SpeedPotion"},{"floor":12,"key":"Energy Potion"}],"is_trial":false,"path_per_floor":["M","?","?","$","M","E","R","T","T","E","M","M","M","E","R","B",null,"M","?","?","?","?","R","E"],"character_chosen":"THE_SILENT","items_purchased":["Poisoned Stab"],"campfire_rested":0,"item_purchase_floors":[4],"current_hp_per_floor":[59,59,54,54,54,64,64,64,64,29,29,29,28,27,27,22,58,56,56,20,20,20,20,0,0],"gold":355,"neow_bonus":"THREE_ENEMY_KILL","is_daily":false,"chose_seed":false,"campfire_upgraded":3,"win_rate":0.0,"timestamp":1609974702,"path_taken":["M","?","?","?","M","E","R","?","T","E","M","M","M","E","R","BOSS","M","?","?","?","?","R","E"],"items_purchased_type":["Card"],"build_version":"2020-12-18","purchased_purges":1,"victory":false,"max_hp_per_floor":[66,60,60,60,60,70,70,70,70,70,70,70,70,70,70,70,70,70,70,70,70,49,49,49,49],"relic_stats":{"counters":[12,44],"Golden Idol":68,"Mummified Hand":[20],"Ornamental Fan":[20],"Pen Nib":[7],"Bag of Preparation":[18],"obtain_stats":[{"Pear":6,"NeowsBlessing":0,"Golden Idol":2,"Mummified Hand":8,"Ornamental Fan":14,"Oddly Smooth Stone":3,"Pen Nib":10,"Bag of Preparation":9,"Red Mask":20,"Ring of the Snake":0,"Runic Pyramid":17},{"Pear":3,"NeowsBlessing":0,"Golden Idol":1,"Mummified Hand":3,"Ornamental Fan":8,"Oddly Smooth Stone":1,"Pen Nib":4,"Bag of Preparation":3,"Red Mask":11,"Ring of the Snake":0,"Runic Pyramid":9},{"Pear":3,"NeowsBlessing":0,"Golden Idol":1,"Mummified Hand":3,"Ornamental Fan":24,"Oddly Smooth Stone":1,"Pen Nib":7,"Bag of Preparation":3,"Red Mask":42,"Ring of the Snake":0,"Runic Pyramid":31}],"Ring of the Snake":[24]},"card_choices":[{"not_picked":["Bane","Outmaneuver"],"picked":"Footwork","floor":1},{"not_picked":["Footwork","Setup"],"picked":"Deadly Poison","floor":5},{"not_picked":["Bane","PiercingWail"],"picked":"Poisoned Stab","floor":6},{"not_picked":["Eviscerate","Dagger Throw"],"picked":"Dagger Spray","floor":10},{"not_picked":["Outmaneuver","Escape Plan"],"picked":"Catalyst","floor":11},{"not_picked":["Doppelganger","Flying Knee","Poisoned Stab"],"picked":"SKIP","floor":12},{"not_picked":["Catalyst","Underhanded Strike"],"picked":"Noxious Fumes","floor":13},{"not_picked":["Dagger Spray","Cloak And Dagger"],"picked":"Well Laid Plans","floor":14},{"not_picked":["Bullet Time","Grand Finale"],"picked":"Tools of the Trade","floor":16},{"not_picked":["Endless Agony","Slice","Poisoned Stab"],"picked":"SKIP","floor":18},{"not_picked":["Quick Slash","Dagger Throw"],"picked":"Tactician","floor":20}],"player_experience":1194661,"relics_obtained":[{"floor":6,"key":"Pear"},{"floor":8,"key":"Mummified Hand"},{"floor":9,"key":"Bag of Preparation"},{"floor":10,"key":"Pen Nib"},{"floor":14,"key":"Ornamental Fan"},{"floor":20,"key":"Red Mask"}],"event_choices":[{"damage_healed":0,"gold_gain":0,"player_choice":"Lose Max HP","damage_taken":0,"relics_obtained":["Golden Idol"],"max_hp_gain":0,"max_hp_loss":6,"event_name":"Golden Idol","floor":2,"gold_loss":0},{"damage_healed":0,"gold_gain":0,"player_choice":"Success","damage_taken":5,"relics_obtained":["Oddly Smooth Stone"],"max_hp_gain":0,"max_hp_loss":0,"event_name":"Scrap Ooze","floor":3,"gold_loss":0},{"damage_healed":0,"gold_gain":0,"player_choice":"Read","damage_taken":0,"max_hp_gain":0,"max_hp_loss":0,"event_name":"The Library","floor":19,"gold_loss":0,"cards_obtained":["Footwork"]},{"damage_healed":0,"gold_gain":0,"player_choice":"Fought Bandits","damage_taken":0,"max_hp_gain":0,"max_hp_loss":0,"event_name":"Masked Bandits","floor":20,"gold_loss":0},{"damage_healed":0,"gold_gain":0,"player_choice":"Ignored","damage_taken":0,"max_hp_gain":0,"max_hp_loss":0,"event_name":"Cursed Tome","floor":21,"gold_loss":0},{"damage_healed":0,"gold_gain":0,"player_choice":"Became a vampire","damage_taken":0,"max_hp_gain":0,"max_hp_loss":21,"event_name":"Vampires","floor":22,"gold_loss":0,"cards_obtained":["Bite","Bite","Bite","Bite","Bite"]}],"is_beta":true,"boss_relics":[{"not_picked":["Tiny House","Runic Dome"],"picked":"Runic Pyramid"}],"items_purged_floors":[4],"is_endless":false,"potions_floor_spawned":[1,10,12],"killed_by":"Slavers","ascension_level":20}}