{"host":"bxn2em57qlx5u4i0","time":1609976723,"event":{"mods":["BaseMod","Colored Map","Colored Powertips","Highlight Path","Minty Spire (QoL Compilation)","Random Character Button","Relic Sorter","Relic Stats","StSLib","SuperFastMode"],"gold_per_floor":[115,115,115,80,30,30,30,30],"floor_reached":7,"playtime":142,"items_purged":["Strike_G"],"score":74,"play_id":"773fcd76-91d8-46f8-af00-9e936f634415","local_time":"20210106184523","is_ascension_mode":true,"campfire_choices":[{"data":"Deadly Poison","floor":6,"key":"SMITH"}],"circlet_count":0,"master_deck":["AscendersBane","Strike_G","Strike_G","Strike_G","Defend_G","Defend_G","Defend_G","Defend_G","Survivor","Neutralize","Deadly Poison+1"],"relics":["Ring of the Snake","Smiling Mask"],"acts_visited":["Exordium"],"potions_floor_usage":[7],"damage_taken":[{"damage":21,"enemies":"Jaw Worm","floor":1,"turns":8},{"damage":52,"enemies":"3 Sentries","floor":7,"turns":9}],"seed_played":"4827965703651666443","potions_obtained":[{"floor":1,"key":"Strength Potion"}],"is_trial":false,"path_per_floor":["M","?","?","?","$","R","E"],"character_chosen":"THE_SILENT","items_purchased":[],"campfire_rested":0,"item_purchase_floors":[],"current_hp_per_floor":[23,45,27,43,43,43,0,0],"gold":30,"neow_bonus":"REMOVE_TWO","is_daily":false,"chose_seed":false,"campfire_upgraded":1,"win_rate":0.0,"timestamp":1609976723,"path_taken":["M","?","?","?","$","R","E"],"items_purchased_type":[],"build_version":"2020-12-22","purchased_purges":1,"victory":false,"max_hp_per_floor":[66,66,66,66,66,66,66,66],"relic_stats":{"counters":[2,17],"Smiling Mask":25,"obtain_stats":[{"Smiling Mask":3,"Ring of the Snake":0},{"Smiling Mask":1,"Ring of the Snake":0},{"Smiling Mask":8,"Ring of the Snake":0}],"Ring of the Snake":[4]},"card_choices":[{"not_picked":["Eviscerate","Prepared"],"picked":"Deadly Poison","floor":1}],"player_experience":2857329,"relics_obtained":[],"event_choices":[{"damage_healed":22,"gold_gain":0,"player_choice":"Banana","damage_taken":0,"max_hp_gain":0,"max_hp_loss":0,"event_name":"Big Fish","floor":2,"gold_loss":0},{"damage_healed":0,"gold_gain":0,"player_choice":"Success","damage_taken":18,"relics_obtained":["Smiling Mask"],"max_hp_gain":0,"max_hp_loss":0,"event_name":"Scrap Ooze","floor":3,"gold_loss":0},{"damage_healed":16,"gold_gain":0,"player_choice":"Healed","damage_taken":0,"max_hp_gain":0,"max_hp_loss":0,"event_name":"The Cleric","floor":4,"gold_loss":35}],"is_beta":false,"boss_relics":[],"items_purged_floors":[5],"is_endless":false,"potions_floor_spawned":[1],"killed_by":"3 Sentries","ascension_level":20}}