{"host":"94aus4jnk6thj94q","time":1609948162,"event":{"mods":["BaseMod","Minty Spire (QoL Compilation)","Quick Restart","StSLib"],"gold_per_floor":[111,122,32,42,56,86,86,12,12,24,34,34,66,82,82,186,186,199,215,215,235,251,251,279,279,279,279,294,219,251,66,66,167,217,237,254,107,0,18,18,18],"floor_reached":40,"playtime":21628,"items_purged":[],"score":515,"play_id":"6fc0663c-d93b-422d-97ea-b47d3cc3c27e","local_time":"20210106174922","is_ascension_mode":false,"campfire_choices":[{"floor":7,"key":"REST"},{"floor":12,"key":"REST"},{"floor":15,"key":"DIG"},{"floor":23,"key":"REST"},{"floor":25,"key":"DIG"},{"data":"Barricade","floor":27,"key":"SMITH"},{"floor":32,"key":"DIG"}],"circlet_count":0,"master_deck":["Strike_R","Strike_R","Strike_R","Strike_R","Strike_R","Defend_R","Defend_R","Defend_R","Defend_R","Bash","Feel No Pain","Panacea+1","Cleave","Armaments+1","Spot Weakness","Fire Breathing","Uppercut","Armaments+1","Flame Barrier","Iron Wave","Barricade+1","Shrug It Off","Armaments","Iron Wave+1","Body Slam+1","Uppercut+1","Metallicize","Metallicize+1","Panacea+1","Rage+1"],"relics":["Burning Blood","Red Skull","Oddly Smooth Stone","White Beast Statue","Shovel","Lantern","Cursed Key","War Paint","Akabeko","Bottled Tornado","Paper Frog","Strawberry","Regal Pillow","Tiny House","DollysMirror","Red Mask"],"acts_visited":["Exordium","TheCity","TheBeyond"],"potions_floor_usage":[5,6,13,14,16,16,22,24,24,30,30,35,36,40],"damage_taken":[{"damage":1,"enemies":"Cultist","floor":1,"turns":3},{"damage":8,"enemies":"2 Louse","floor":2,"turns":3},{"damage":3,"enemies":"Small Slimes","floor":4,"turns":4},{"damage":21,"enemies":"Exordium Thugs","floor":5,"turns":6},{"damage":25,"enemies":"Lagavulin","floor":6,"turns":7},{"damage":6,"enemies":"2 Fungi Beasts","floor":10,"turns":4},{"damage":7,"enemies":"Red Slaver","floor":11,"turns":4},{"damage":30,"enemies":"Gremlin Nob","floor":13,"turns":5},{"damage":0,"enemies":"3 Louse","floor":14,"turns":2},{"damage":30,"enemies":"The Guardian","floor":16,"turns":16},{"damage":9,"enemies":"Chosen","floor":18,"turns":6},{"damage":8,"enemies":"Spheric Guardian","floor":19,"turns":7},{"damage":10,"enemies":"Centurion and Healer","floor":21,"turns":10},{"damage":30,"enemies":"3 Cultists","floor":22,"turns":7},{"damage":7,"enemies":"Gremlin Leader","floor":24,"turns":14},{"damage":0,"enemies":"Cultist and Chosen","floor":28,"turns":6},{"damage":0,"enemies":"Book of Stabbing","floor":30,"turns":4},{"damage":6,"enemies":"Champ","floor":33,"turns":9},{"damage":21,"enemies":"3 Darklings","floor":35,"turns":9},{"damage":1,"enemies":"3 Shapes","floor":36,"turns":5},{"damage":2,"enemies":"Maw","floor":39,"turns":12},{"damage":87,"enemies":"Giant Head","floor":40,"turns":12}],"seed_played":"-6638160582231862268","potions_obtained":[{"floor":1,"key":"Dexterity Potion"},{"floor":2,"key":"BlessingOfTheForge"},{"floor":6,"key":"Fruit Juice"},{"floor":10,"key":"CultistPotion"},{"floor":11,"key":"PowerPotion"},{"floor":13,"key":"Fire Potion"},{"floor":14,"key":"SteroidPotion"},{"floor":16,"key":"Strength Potion"},{"floor":18,"key":"Fire Potion"},{"floor":19,"key":"DuplicationPotion"},{"floor":22,"key":"SkillPotion"},{"floor":24,"key":"DistilledChaos"},{"floor":28,"key":"Regen Potion"},{"floor":30,"key":"AttackPotion"},{"floor":33,"key":"BlessingOfTheForge"},{"floor":34,"key":"Block Potion"},{"floor":35,"key":"EssenceOfSteel"},{"floor":36,"key":"Explosive Potion"},{"floor":39,"key":"Ancient Potion"}],"is_trial":false,"path_per_floor":["M","M","$","M","M","E","R","$","T","M","M","R","E","M","R","B",null,"M","M","?","M","M","R","E","R","T","R","M","?","E","$","R","B",null,"M","M","$","?","M","E"],"character_chosen":"IRONCLAD","items_purchased":["Panacea","Fire Breathing","Strawberry","Metallicize","DollysMirror"],"campfire_rested":3,"item_purchase_floors":[3,8,31,31,37],"current_hp_per_floor":[80,78,78,80,65,46,70,70,70,70,69,80,56,62,62,43,85,82,80,80,76,52,77,76,76,76,76,82,82,85,92,92,92,97,82,87,87,87,91,4,4],"gold":18,"neow_bonus":"RANDOM_COMMON_RELIC","is_daily":false,"chose_seed":false,"campfire_upgraded":1,"win_rate":0.0,"timestamp":1609948162,"path_taken":["M","?","$","M","M","E","R","?","T","M","M","R","E","?","R","BOSS","M","M","?","M","?","R","E","R","T","R","M","?","E","$","R","BOSS","M","M","$","?","M","E"],"items_purchased_type":["Card","Card","Relic","Card","Relic"],"build_version":"2020-12-22","purchased_purges":0,"victory":false,"max_hp_per_floor":[80,80,80,80,80,80,80,80,80,80,80,80,80,80,80,85,85,85,85,85,85,85,85,85,85,85,85,85,85,85,92,92,92,97,97,97,97,97,97,97,97],"card_choices":[{"not_picked":["Seeing Red","Intimidate"],"picked":"Feel No Pain","floor":1},{"not_picked":["Heavy Blade","Intimidate","Carnage"],"picked":"SKIP","floor":2},{"not_picked":["Shrug It Off","Bloodletting"],"picked":"Cleave","floor":4},{"not_picked":["Warcry","Sever Soul"],"picked":"Armaments","floor":5},{"not_picked":["Sword Boomerang","Corruption"],"picked":"Spot Weakness","floor":6},{"not_picked":["Cleave","Rage"],"picked":"Uppercut","floor":10},{"not_picked":["True Grit","Shrug It Off"],"picked":"Armaments","floor":11},{"not_picked":["Thunderclap","Heavy Blade"],"picked":"Flame Barrier","floor":13},{"not_picked":["Heavy Blade","Clash"],"picked":"Iron Wave","floor":14},{"not_picked":["Brutality","Immolate"],"picked":"Barricade","floor":16},{"not_picked":["Sentinel","Heavy Blade"],"picked":"Shrug It Off","floor":18},{"not_picked":["Twin Strike","Headbutt"],"picked":"Armaments","floor":19},{"not_picked":["Pummel","Anger"],"picked":"Iron Wave+1","floor":21},{"not_picked":["Twin Strike","Sentinel","Perfected Strike"],"picked":"SKIP","floor":22},{"not_picked":["Clothesline","Armaments"],"picked":"Body Slam+1","floor":24},{"not_picked":["Fiend Fire","True Grit+1","Intimidate"],"picked":"SKIP","floor":28},{"not_picked":["True Grit","Armaments"],"picked":"Uppercut+1","floor":30},{"not_picked":["Clothesline","Uppercut","Anger+1"],"picked":"SKIP","floor":35},{"not_picked":["Disarm+1","Body Slam+1"],"picked":"Metallicize+1","floor":36},{"not_picked":["Iron Wave","Twin Strike+1"],"picked":"Rage+1","floor":39}],"player_experience":5708644,"relics_obtained":[{"floor":6,"key":"Oddly Smooth Stone"},{"floor":9,"key":"White Beast Statue"},{"floor":13,"key":"Shovel"},{"floor":15,"key":"Lantern"},{"floor":24,"key":"War Paint"},{"floor":25,"key":"Akabeko"},{"floor":26,"key":"Bottled Tornado"},{"floor":30,"key":"Paper Frog"},{"floor":32,"key":"Regal Pillow"}],"event_choices":[{"damage_healed":0,"gold_gain":0,"player_choice":"Ignored","damage_taken":0,"max_hp_gain":0,"max_hp_loss":0,"event_name":"Transmorgrifier","floor":20,"gold_loss":0},{"cards_removed":["Shame"],"damage_healed":0,"gold_gain":0,"player_choice":"Gave Gold","damage_taken":0,"max_hp_gain":0,"max_hp_loss":0,"event_name":"Beggar","floor":29,"gold_loss":75},{"damage_healed":0,"gold_gain":0,"player_choice":"Paid","damage_taken":0,"relics_obtained":["Red Mask"],"max_hp_gain":0,"max_hp_loss":0,"event_name":"Tomb of Lord Red Mask","floor":38,"gold_loss":107}],"is_beta":false,"boss_relics":[{"not_picked":["Astrolabe","Runic Cube"],"picked":"Cursed Key"},{"not_picked":["Pandora\u0027s Box","Mark of Pain"],"picked":"Tiny House"}],"items_purged_floors":[],"is_endless":false,"potions_floor_spawned":[1,2,6,10,11,13,14,16,18,19,21,22,24,28,30,33,35,36,39],"killed_by":"Giant Head","ascension_level":0}}