{"host":"yb8bkkdvr1qiclnk","time":1609893762,"event":{"mods":["BaseMod","Colored Map","Colored Powertips","DeckTracker","Faster Ascension Climbing","Highlight Path","Minty Spire (QoL Compilation)","Quick Restart","Relic Stats","UnlockEverythingMod"],"gold_per_floor":[112,129,46,63,113,138,149,184,184,184,184,203,203,213,213,286,336,355,355,305,323,598,623,623,651,719,743,743,768,794,115,115,115,115],"floor_reached":33,"playtime":3449,"items_purged":["Strike_P"],"score":608,"play_id":"8b2efcdc-7417-4922-b69b-1dc460c0a093","local_time":"20210105194242","is_ascension_mode":true,"campfire_choices":[{"floor":11,"key":"REST"},{"data":"Eruption","floor":13,"key":"SMITH"},{"floor":15,"key":"REST"},{"floor":24,"key":"REST"},{"data":"ClearTheMind","floor":28,"key":"SMITH"},{"floor":32,"key":"REST"}],"circlet_count":0,"master_deck":["AscendersBane","Strike_P","Defend_P","Defend_P","Defend_P","Defend_P","Eruption+1","Vigilance","EmptyFist","CutThroughFate","WheelKick","BowlingBash","FearNoEvil","DeusExMachina","ClearTheMind+1","Scrawl+1","Swivel","CarveReality+1","Collect","Protect","MentalFortress+1","EmptyMind","FearNoEvil+1","CrushJoints+1","DevaForm","Crescendo","Wallop+1","BowlingBash+1"],"relics":["Velvet Choker","Omamori","Lizard Tail","Shuriken","Molten Egg 2","Tiny House","CeramicFish","Gremlin Horn","Eternal Feather"],"acts_visited":["Exordium","TheCity"],"potions_floor_usage":[7,16,18,21,30,33,33],"damage_taken":[{"damage":2,"enemies":"Jaw Worm","floor":1,"turns":5},{"damage":9,"enemies":"2 Louse","floor":2,"turns":2},{"damage":0,"enemies":"Cultist","floor":4,"turns":2},{"damage":20,"enemies":"3 Sentries","floor":6,"turns":6},{"damage":6,"enemies":"2 Fungi Beasts","floor":7,"turns":3},{"damage":6,"enemies":"Gremlin Nob","floor":8,"turns":3},{"damage":2,"enemies":"Gremlin Gang","floor":12,"turns":3},{"damage":0,"enemies":"3 Louse","floor":14,"turns":3},{"damage":30,"enemies":"The Guardian","floor":16,"turns":7},{"damage":27,"enemies":"3 Byrds","floor":18,"turns":5},{"damage":7,"enemies":"Chosen","floor":21,"turns":3},{"damage":0,"enemies":"Gremlin Leader","floor":23,"turns":3},{"damage":14,"enemies":"Centurion and Healer","floor":25,"turns":5},{"damage":4,"enemies":"3 Cultists","floor":27,"turns":4},{"damage":18,"enemies":"Snake Plant","floor":29,"turns":3},{"damage":34,"enemies":"Shelled Parasite and Fungi","floor":30,"turns":4},{"damage":67,"enemies":"Automaton","floor":33,"turns":8}],"seed_played":"1009810067875692442","potions_obtained":[{"floor":4,"key":"SpeedPotion"},{"floor":6,"key":"Dexterity Potion"},{"floor":12,"key":"Swift Potion"},{"floor":16,"key":"Explosive Potion"},{"floor":21,"key":"AttackPotion"},{"floor":29,"key":"Dexterity Potion"}],"is_trial":false,"path_per_floor":["M","M","$","M","?","E","M","E","T","?","R","M","R","M","R","B",null,"M","?","?","M","?","E","R","M","T","M","R","M","M","$","R","B"],"character_chosen":"WATCHER","items_purchased":["WheelKick","Eternal Feather","DevaForm","Weak Potion","Crescendo","Wallop+1","BowlingBash+1"],"campfire_rested":4,"item_purchase_floors":[3,31,31,31,31,31,31],"current_hp_per_floor":[59,50,50,50,50,30,24,18,18,7,27,25,25,25,45,15,60,33,33,33,26,26,26,47,33,33,29,29,11,17,17,53,0,0],"gold":115,"neow_bonus":"BOSS_RELIC","is_daily":false,"chose_seed":false,"campfire_upgraded":2,"win_rate":0.0,"timestamp":1609893762,"path_taken":["M","M","$","M","?","E","M","E","T","?","R","M","R","M","R","BOSS","M","?","?","?","?","E","R","M","T","M","R","M","?","$","R","BOSS"],"items_purchased_type":["Card","Relic","Card","Potion","Card","Card","Card"],"build_version":"2020-12-22","purchased_purges":1,"victory":false,"max_hp_per_floor":[68,68,68,68,68,68,68,68,68,68,68,68,68,68,68,68,73,73,73,73,73,73,73,73,73,73,73,73,73,73,73,73,73,73],"relic_stats":{"Lizard Tail":36,"Gremlin Horn":[5,5],"counters":[17,69],"Shuriken":[30],"CeramicFish":72,"Eternal Feather":15,"obtain_stats":[{"Lizard Tail":8,"Tiny House":17,"Gremlin Horn":26,"Shuriken":9,"CeramicFish":23,"Velvet Choker":0,"Molten Egg 2":10,"Eternal Feather":31,"Omamori":6,"PureWater":0},{"Lizard Tail":6,"Tiny House":9,"Gremlin Horn":13,"Shuriken":6,"CeramicFish":12,"Velvet Choker":0,"Molten Egg 2":6,"Eternal Feather":16,"Omamori":4,"PureWater":0},{"Lizard Tail":21,"Tiny House":34,"Gremlin Horn":50,"Shuriken":21,"CeramicFish":45,"Velvet Choker":0,"Molten Egg 2":21,"Eternal Feather":61,"Omamori":15,"PureWater":0}]},"card_choices":[{"not_picked":["Halt","Weave"],"picked":"EmptyFist","floor":1},{"not_picked":["Collect","JustLucky"],"picked":"CutThroughFate","floor":2},{"not_picked":["EmptyBody","CutThroughFate"],"picked":"BowlingBash","floor":4},{"not_picked":["CutThroughFate","Wireheading"],"picked":"FearNoEvil","floor":6},{"not_picked":["Consecrate","Evaluate","JustLucky"],"picked":"SKIP","floor":7},{"not_picked":["CrushJoints","PathToVictory"],"picked":"DeusExMachina","floor":8},{"not_picked":["Prostrate","CrushJoints+1","Indignation"],"picked":"SKIP","floor":12},{"not_picked":["CutThroughFate+1","Study"],"picked":"ClearTheMind","floor":14},{"not_picked":["SpiritShield","Devotion"],"picked":"Scrawl","floor":16},{"not_picked":["ClearTheMind","ForeignInfluence"],"picked":"Swivel","floor":18},{"not_picked":["ClearTheMind","SandsOfTime+1"],"picked":"Protect","floor":21},{"not_picked":["Judgement","ClearTheMind","JustLucky+1"],"picked":"SKIP","floor":23},{"not_picked":["Halt","Swivel"],"picked":"MentalFortress+1","floor":25},{"not_picked":["Study+1","Prostrate"],"picked":"EmptyMind","floor":27},{"not_picked":["Nirvana","Indignation"],"picked":"FearNoEvil+1","floor":29},{"not_picked":["Indignation","SignatureMove+1"],"picked":"CrushJoints+1","floor":30}],"player_experience":20177,"relics_obtained":[{"floor":6,"key":"Omamori"},{"floor":8,"key":"Lizard Tail"},{"floor":9,"key":"Shuriken"},{"floor":23,"key":"CeramicFish"},{"floor":26,"key":"Gremlin Horn"}],"event_choices":[{"damage_healed":0,"gold_gain":50,"player_choice":"Gained Gold","damage_taken":0,"max_hp_gain":0,"max_hp_loss":0,"event_name":"Golden Wing","floor":5,"gold_loss":0},{"damage_healed":0,"gold_gain":0,"player_choice":"Success","damage_taken":11,"relics_obtained":["Molten Egg 2"],"max_hp_gain":0,"max_hp_loss":0,"event_name":"Scrap Ooze","floor":10,"gold_loss":0},{"damage_healed":0,"gold_gain":0,"cards_transformed":["Strike_P","Strike_P"],"player_choice":"Became Test Subject","damage_taken":0,"max_hp_gain":0,"max_hp_loss":0,"event_name":"Drug Dealer","floor":19,"gold_loss":0,"cards_obtained":["CarveReality","Collect"]},{"damage_healed":0,"gold_gain":0,"player_choice":"Bet on Murderer","damage_taken":0,"max_hp_gain":0,"max_hp_loss":0,"event_name":"The Joust","floor":20,"gold_loss":50},{"damage_healed":0,"gold_gain":275,"player_choice":"Desecrate","damage_taken":0,"max_hp_gain":0,"max_hp_loss":0,"event_name":"Golden Shrine","floor":22,"gold_loss":0,"cards_obtained":["Regret"]}],"is_beta":false,"boss_relics":[{"not_picked":["Busted Crown","Snecko Eye"],"picked":"Tiny House"}],"items_purged_floors":[31],"is_endless":false,"potions_floor_spawned":[4,6,12,16,21,29],"killed_by":"Automaton","ascension_level":20}}