{"host":"344lv32hnei0mdhu","time":1609965425,"event":{"mods":["Act Like it!","BaseMod","Better Match","Better Sensory Stone","Better Skull","Better Third Choice","Better Vampires","Colored Powertips","Highlight Path","Minty Spire (QoL Compilation)","Quick Restart","Random Character Button","Rare Cards Sparkle","StSLib"],"gold_per_floor":[117,117,66,66,136,168,85,103,158,170,194,14,50,70,70,183,183,207,132,152,173,198,198,232,252,252,252,279,314,314,332,332,439,439,462,462,331,331,351,351,381,416,416,454,463,473,68,96,96,96,96],"floor_reached":50,"playtime":1919,"items_purged":["Strike_P","Strike_P","Writhe"],"score":859,"play_id":"8c33e750-e140-490e-b611-dc2bac3211d3","local_time":"20210106143705","is_ascension_mode":true,"campfire_choices":[{"floor":15.0,"key":"REST"},{"floor":23.0,"key":"REST"},{"data":"Ragnarok","floor":27.0,"key":"SMITH"},{"floor":32.0,"key":"REST"},{"floor":40.0,"key":"REST"},{"floor":49.0,"key":"REST"}],"circlet_count":0,"master_deck":["Strike_P","Strike_P","Defend_P","Defend_P","Defend_P","Defend_P","Eruption","Vigilance","WheelKick","Protect","Sanctity","Wallop","Consecrate","ReachHeaven","Consecrate","Swivel","TalkToTheHand","Wallop","Ragnarok+1","Conclude","Weave+1","FollowUp+1","FlyingSleeves+1","Indignation","ClearTheMind","ForeignInfluence+1","LikeWater","Panacea","Bandage Up","Devotion","TalkToTheHand+1","Fasting2","EmptyBody+1","Evaluate+1","Alpha","Evaluate+1"],"relics":["HolyWater","NeowsBlessing","Shuriken","Boot","CeramicFish","Pen Nib","Eternal Feather","Art of War","Mercury Hourglass","Orichalcum","Fusion Hammer","Oddly Smooth Stone","Frozen Egg 2","Happy Flower","Strawberry"],"acts_visited":["Exordium","TheCity","TheBeyond"],"potions_floor_usage":[50,50],"damage_taken":[{"damage":0.0,"enemies":"Small Slimes","floor":1.0,"turns":1.0},{"damage":0.0,"enemies":"3 Sentries","floor":6.0,"turns":2.0},{"damage":0.0,"enemies":"2 Louse","floor":8.0,"turns":2.0},{"damage":1.0,"enemies":"Jaw Worm","floor":10.0,"turns":3.0},{"damage":22.0,"enemies":"Lagavulin","floor":13.0,"turns":5.0},{"damage":11.0,"enemies":"Exordium Wildlife","floor":14.0,"turns":3.0},{"damage":60.0,"enemies":"The Guardian","floor":16.0,"turns":10.0},{"damage":1.0,"enemies":"Shell Parasite","floor":18.0,"turns":4.0},{"damage":0.0,"enemies":"Spheric Guardian","floor":20.0,"turns":2.0},{"damage":2.0,"enemies":"3 Cultists","floor":21.0,"turns":3.0},{"damage":21.0,"enemies":"Shelled Parasite and Fungi","floor":22.0,"turns":3.0},{"damage":15.0,"enemies":"Slavers","floor":24.0,"turns":4.0},{"damage":0.0,"enemies":"Snecko","floor":25.0,"turns":3.0},{"damage":33.0,"enemies":"Snake Plant","floor":28.0,"turns":3.0},{"damage":24.0,"enemies":"Gremlin Leader","floor":29.0,"turns":6.0},{"damage":14.0,"enemies":"Champ","floor":33.0,"turns":8.0},{"damage":43.0,"enemies":"3 Darklings","floor":35.0,"turns":5.0},{"damage":8.0,"enemies":"Orb Walker","floor":39.0,"turns":3.0},{"damage":5.0,"enemies":"Giant Head","floor":41.0,"turns":5.0},{"damage":17.0,"enemies":"Sphere and 2 Shapes","floor":42.0,"turns":4.0},{"damage":26.0,"enemies":"Reptomancer","floor":44.0,"turns":6.0},{"damage":36.0,"enemies":"Maw","floor":46.0,"turns":7.0},{"damage":29.0,"enemies":"Writhing Mass","floor":48.0,"turns":8.0},{"damage":68,"enemies":"Awakened One","floor":50,"turns":8}],"seed_played":"2773847028500980786","potions_obtained":[{"floor":8.0,"key":"StancePotion"},{"floor":16.0,"key":"ColorlessPotion"},{"floor":20.0,"key":"SpeedPotion"},{"floor":21.0,"key":"PowerPotion"},{"floor":29.0,"key":"Ancient Potion"},{"floor":33.0,"key":"Ambrosia"},{"floor":41.0,"key":"SteroidPotion"},{"floor":42.0,"key":"FairyPotion"},{"floor":48.0,"key":"SpeedPotion"}],"is_trial":false,"path_per_floor":["M","?","$","?","?","E","$","M","T","M","T","$","E","M","R","B",null,"M","$","M","M","M","R","E","M","T","R","M","E","$","?","R","B",null,"M","?","$","?","M","R","E","M","T","E","?","M","$","M","R","B"],"character_chosen":"WATCHER","items_purchased":["Protect","Wallop","Consecrate","Pen Nib","Swivel","Fasting2","Strawberry","Alpha"],"campfire_rested":5,"item_purchase_floors":[3,7,7,12,12,37,47,47],"current_hp_per_floor":[65,65,65,65,65,65,65,65,65,64,64,64,42,31,64,4,55,54,54,54,52,31,64,49,49,49,64,31,7,7,7,46,36,63,24,24,24,24,20,59,58,41,41,19,37,5,12,10,54,0,0],"gold":96,"neow_bonus":"THREE_ENEMY_KILL","is_daily":false,"chose_seed":false,"campfire_upgraded":1,"win_rate":0.0,"timestamp":1609965425,"path_taken":["M","?","$","?","?","E","$","?","T","M","?","$","E","M","R","BOSS","M","$","M","M","M","R","E","M","T","R","M","E","$","?","R","BOSS","M","?","$","?","M","R","E","M","T","E","?","M","$","M","R","BOSS"],"items_purchased_type":["Card","Card","Card","Relic","Card","Card","Relic","Card"],"build_version":"2020-12-22","purchased_purges":3,"victory":false,"max_hp_per_floor":[72,72,72,72,72,72,72,72,72,72,72,72,72,72,72,72,72,72,72,72,72,72,72,72,72,72,72,72,72,72,72,72,72,72,72,72,72,72,72,72,72,72,72,72,72,72,79,79,79,79,79],"card_choices":[{"not_picked":["Prostrate","Vengeance"],"picked":"WheelKick","floor":1.0},{"not_picked":["Vengeance","WreathOfFlame"],"picked":"Sanctity","floor":6.0},{"not_picked":["Pray","Evaluate"],"picked":"ReachHeaven","floor":8.0},{"not_picked":["EmptyFist","Worship"],"picked":"Consecrate","floor":10.0},{"not_picked":["CutThroughFate","FlurryOfBlows"],"picked":"TalkToTheHand","floor":13.0},{"not_picked":["CutThroughFate","ThirdEye"],"picked":"Wallop","floor":14.0},{"not_picked":["DeusExMachina","Omniscience"],"picked":"Ragnarok","floor":16.0},{"not_picked":["Evaluate","JustLucky"],"picked":"Conclude","floor":18.0},{"not_picked":["JustLucky","CutThroughFate"],"picked":"Weave+1","floor":20.0},{"not_picked":["EmptyBody","Consecrate"],"picked":"FollowUp+1","floor":21.0},{"not_picked":["CrushJoints","JustLucky"],"picked":"FlyingSleeves+1","floor":22.0},{"not_picked":["ConjureBlade","ThirdEye"],"picked":"Indignation","floor":24.0},{"not_picked":["FollowUp","ThirdEye"],"picked":"ClearTheMind","floor":25.0},{"not_picked":["ReachHeaven+1","SashWhip"],"picked":"ForeignInfluence+1","floor":28.0},{"not_picked":["CutThroughFate","CrushJoints"],"picked":"LikeWater","floor":29.0},{"not_picked":["PanicButton","Panache"],"picked":"Panacea","floor":31.0},{"not_picked":["Trip","Blind"],"picked":"Bandage Up","floor":31.0},{"not_picked":["DevaForm","LessonLearned"],"picked":"Devotion","floor":33.0},{"not_picked":["Weave+1","DeceiveReality"],"picked":"TalkToTheHand+1","floor":35.0},{"not_picked":["Conclude","EmptyMind+1"],"picked":"EmptyBody+1","floor":39.0},{"not_picked":["SashWhip","BowlingBash","Conclude+1"],"picked":"SKIP","floor":41.0},{"not_picked":["ClearTheMind","FlyingSleeves","ThirdEye+1"],"picked":"SKIP","floor":42.0},{"not_picked":["Crescendo","TalkToTheHand"],"picked":"Evaluate+1","floor":44.0},{"not_picked":["FlurryOfBlows","EmptyBody","ClearTheMind"],"picked":"SKIP","floor":46.0},{"not_picked":["ReachHeaven+1","WreathOfFlame+1"],"picked":"Evaluate+1","floor":48.0}],"player_experience":313468,"relics_obtained":[{"floor":6.0,"key":"Shuriken"},{"floor":9.0,"key":"Boot"},{"floor":11.0,"key":"CeramicFish"},{"floor":13.0,"key":"Eternal Feather"},{"floor":24.0,"key":"Art of War"},{"floor":26.0,"key":"Mercury Hourglass"},{"floor":29.0,"key":"Orichalcum"},{"floor":41.0,"key":"Oddly Smooth Stone"},{"floor":43.0,"key":"Frozen Egg 2"},{"floor":44.0,"key":"Happy Flower"}],"event_choices":[{"damage_healed":0.0,"max_hp_gain":0.0,"max_hp_loss":0.0,"gold_gain":0.0,"event_name":"The Cleric","player_choice":"Leave","floor":2.0,"gold_loss":0.0,"damage_taken":0.0},{"damage_healed":65.0,"max_hp_gain":0.0,"max_hp_loss":72.0,"gold_gain":0.0,"event_name":"betterThird:BetterShining","player_choice":"Leave","floor":4.0,"gold_loss":0.0,"damage_taken":0.0},{"damage_healed":0.0,"max_hp_gain":0.0,"max_hp_loss":0.0,"gold_gain":70.0,"event_name":"Golden Wing","player_choice":"Gained Gold","floor":5.0,"gold_loss":0.0,"damage_taken":0.0},{"damage_healed":0.0,"max_hp_gain":0.0,"max_hp_loss":0.0,"gold_gain":2.0,"event_name":"betterStone:BetterStone","player_choice":"1","floor":31.0,"gold_loss":0.0,"damage_taken":0.0},{"damage_healed":0.0,"max_hp_gain":0.0,"max_hp_loss":0.0,"gold_gain":0.0,"event_name":"Mysterious Sphere","player_choice":"Ignored","floor":36.0,"gold_loss":0.0,"damage_taken":0.0},{"damage_healed":0.0,"max_hp_gain":0.0,"max_hp_loss":0.0,"gold_gain":0.0,"event_name":"The Moai Head","player_choice":"Ignored","floor":38.0,"gold_loss":0.0,"damage_taken":0.0},{"damage_healed":18.0,"max_hp_gain":0.0,"max_hp_loss":0.0,"gold_gain":0.0,"event_name":"Winding Halls","player_choice":"Writhe","floor":45.0,"gold_loss":0.0,"damage_taken":0.0,"cards_obtained":["Writhe"]}],"is_beta":false,"boss_relics":[{"not_picked":["Cursed Key","Busted Crown"],"picked":"HolyWater"},{"not_picked":["Runic Pyramid","Astrolabe"],"picked":"Fusion Hammer"}],"items_purged_floors":[19,37,47],"is_endless":false,"potions_floor_spawned":[8,16,20,21,29,33,41,42,48],"killed_by":"Awakened One","ascension_level":9}}