{"host":"fdmexzkyss3ff9bv","time":1609968992,"event":{"mods":["BaseMod","Beaked The Cultist","BetterRewards","Downfall","Glutton Mod","Halation","Hubris","Infinite Spire","Minty Spire (QoL Compilation)","Replay The Spire","StSLib","The Animator","The Blackbeard","The Bug Knight","The Construct","The Mystic","The Servant 0.9.4","The Witch"],"gold_per_floor":[117,131,146,146,163,163,163,128,128,166,186,221,221,246,246,376,476,489,565,565,565,580,624,624,668,668,420,436,436,459,480,480,605,605,630,630,630,654,679,679,679,679],"floor_reached":41,"playtime":2191,"items_purged":[],"score":468,"play_id":"5d2ec960-6272-4657-85b8-54e31f283496","local_time":"20210106223632","is_ascension_mode":false,"campfire_choices":[{"floor":7.0,"key":"REST"},{"floor":13.0,"key":"REST"},{"floor":15.0,"key":"REST"},{"floor":24.0,"key":"RECALL"},{"floor":29,"key":"REST"},{"data":"Echo Form","floor":32,"key":"SMITH"},{"floor":40,"key":"REST"}],"circlet_count":0,"master_deck":["Strike_B","Strike_B","Strike_B+1","Strike_B","Defend_B","Defend_B","Defend_B","Defend_B+1","Zap","Dualcast","Tempest","Defragment","Sweeping Beam","Gash","Double Energy","Defragment","Injury","Tempest","Double Energy","Echo Form+1","Rebound","Buffer","hubris:Ukulele","Beam Cell","Sweeping Beam","Steam+1","FTL","Gash","Stack","Redo+1","Machine Learning","AbeCurse","Stack","Hologram","Panic Button"],"relics":["Cracked Core","Gambling Chip","Runic Capacitor","halation:OrihimeAndHikoboshiSamaAndTears","hubris:Towel","Golden Idol","Solar Panel","Simple Rune","DataDisk","Replay:Wanted Poster","Sundial","halation:PinkSoulGem","Strange Spoon","Sozu","Geode","infinitespire:BottledMercury","Quantum Egg","Abe\u0027s Treasure","halation:EternalFortune"],"acts_visited":["Exordium","TheCity","TheBeyond"],"potions_floor_usage":[],"damage_taken":[{"damage":1.0,"enemies":"Cultist","floor":1.0,"turns":3.0},{"damage":0.0,"enemies":"Small Slimes","floor":2.0,"turns":3.0},{"damage":7.0,"enemies":"2 Louse","floor":3.0,"turns":3.0},{"damage":10.0,"enemies":"Looter","floor":5.0,"turns":3.0},{"damage":34.0,"enemies":"3 Sentries","floor":10.0,"turns":5.0},{"damage":6.0,"enemies":"3 Louse","floor":11.0,"turns":3.0},{"damage":28.0,"enemies":"Lagavulin","floor":12.0,"turns":4.0},{"damage":11.0,"enemies":"Exordium Wildlife","floor":14.0,"turns":3.0},{"damage":52.0,"enemies":"Hexaghost","floor":16.0,"turns":5.0},{"damage":16.0,"enemies":"Chosen","floor":18.0,"turns":5.0},{"damage":12.0,"enemies":"Centurion and Healer","floor":22.0,"turns":2.0},{"damage":22.0,"enemies":"Book of Stabbing","floor":23.0,"turns":3.0},{"damage":21.0,"enemies":"Nightmare","floor":25.0,"turns":2.0},{"damage":10.0,"enemies":"Shelled Parasite and Fungi","floor":28.0,"turns":2.0},{"damage":8,"enemies":"Snecko","floor":30,"turns":2},{"damage":6,"enemies":"3 Cultists","floor":31,"turns":3},{"damage":2,"enemies":"Collector","floor":33,"turns":6},{"damage":17,"enemies":"3 Darklings","floor":35,"turns":3},{"damage":10,"enemies":"Orb Walker","floor":38,"turns":1},{"damage":39,"enemies":"Spire Growth","floor":39,"turns":4},{"damage":27,"enemies":"3 Darklings","floor":41,"turns":2}],"seed_played":"-733502544174162568","potions_obtained":[{"floor":5.0,"key":"champ:CounterPotion"},{"floor":12.0,"key":"Strength Potion"},{"floor":19.0,"key":"PotionOfCapacity"}],"is_trial":false,"path_per_floor":["M","M","M","?","M","?","R","?","T","E","M","E","R","M","R","B",null,"M","?","?","AVR","M","E","R","NM","T","$","M","R","M","M","R","B",null,"M","HB","?","M","M","R","M"],"character_chosen":"DEFECT","items_purchased":["Runic Capacitor","Tempest","Defragment","Quantum Egg"],"campfire_rested":5,"item_purchase_floors":[0,0,0,27],"current_hp_per_floor":[39,39,32,32,22,22,44,62,62,36,40,24,46,45,67,27,75,73,55,55,55,55,45,45,34,34,34,36,58,60,64,64,74,75,68,38,41,41,14,26,0,0],"gold":679,"neow_bonus":"","is_daily":false,"chose_seed":false,"campfire_upgraded":1,"win_rate":0.0,"timestamp":1609968992,"path_taken":["M","M","?","?","M","?","R","?","T","E","M","E","R","M","R","BOSS","M","?","?","AVR","M","E","R","NM","T","?","M","R","M","M","R","BOSS","M","HB","?","M","M","R","M"],"items_purchased_type":["Relic","Card","Card","Relic"],"build_version":"2020-12-13","purchased_purges":0,"victory":false,"max_hp_per_floor":[75,75,75,75,75,75,75,75,75,75,75,75,75,75,75,75,75,75,75,75,75,75,75,75,75,75,75,75,75,75,75,75,75,75,75,38,41,41,41,41,41,41],"card_choices":[{"not_picked":["Coolheaded","Reprogram"],"picked":"Sweeping Beam","floor":1.0},{"not_picked":["Steam","BasicCrystalCard"],"picked":"Gash","floor":2.0},{"not_picked":["ReplayTheSpireMod:Omega Cannon","Streamline"],"picked":"Double Energy","floor":3.0},{"not_picked":["BootSequence","Auto Shields"],"picked":"Defragment","floor":5.0},{"not_picked":["Machine Learning","Sweeping Beam"],"picked":"Tempest","floor":10.0},{"not_picked":["Steam Power","Leap"],"picked":"Double Energy","floor":11.0},{"not_picked":["Coolheaded","Biased Cognition"],"picked":"Echo Form","floor":12.0},{"not_picked":["Glacier","Sweeping Beam"],"picked":"Rebound","floor":14.0},{"not_picked":["Meteor Strike","ReplayTheSpireMod:Omega Cannon"],"picked":"Buffer","floor":16.0},{"not_picked":["Coolheaded","ReplayTheSpireMod:Reroute Power"],"picked":"hubris:Ukulele","floor":18.0},{"not_picked":["Compile Driver","Crystallizer"],"picked":"Beam Cell","floor":19.0},{"not_picked":["Hologram","Coolheaded"],"picked":"Sweeping Beam","floor":22.0},{"not_picked":["Hyperbeam","Stack"],"picked":"Steam+1","floor":23.0},{"not_picked":["Leap","ReplayTheSpireMod:Repulse"],"picked":"FTL","floor":25.0},{"not_picked":["BasicCrystalCard+1","Sunder+1"],"picked":"Gash","floor":28.0},{"not_picked":["Reinforced Body","Gash+1"],"picked":"Stack","floor":30},{"not_picked":["BasicCrystalCard","Hyperbeam"],"picked":"Redo+1","floor":31},{"not_picked":["hubris:DoWhile","Mirror Shield"],"picked":"Machine Learning","floor":33},{"not_picked":["Sweeping Beam+1","Consume"],"picked":"Stack","floor":35},{"not_picked":["Compile Driver","ReplayTheSpireMod:Reroute Power+1"],"picked":"Hologram","floor":38},{"not_picked":["Ball Lightning","Time Bomb+1"],"picked":"Panic Button","floor":39}],"player_experience":88344,"relics_obtained":[{"floor":9.0,"key":"Solar Panel"},{"floor":10.0,"key":"Simple Rune"},{"floor":12.0,"key":"DataDisk"},{"floor":19.0,"key":"Sundial"},{"floor":23.0,"key":"Geode"},{"floor":25.0,"key":"infinitespire:BottledMercury"}],"event_choices":[{"damage_healed":0.0,"max_hp_gain":0.0,"max_hp_loss":0.0,"gold_gain":0.0,"event_name":"Golden Idol","player_choice":"Take Wound","floor":6.0,"gold_loss":0.0,"damage_taken":0.0,"relics_obtained":["Golden Idol"],"cards_obtained":["Injury"]},{"damage_healed":18.0,"max_hp_gain":0.0,"max_hp_loss":0.0,"gold_gain":0.0,"event_name":"The Cleric","player_choice":"Healed","floor":8.0,"gold_loss":35.0,"damage_taken":0.0}],"is_beta":false,"boss_relics":[{"not_picked":["hubris:VirtuousBlindfold","construct:ClawGrip"],"picked":"Replay:Wanted Poster"},{"not_picked":["hubris:RunicObelisk","halation:CatFaceCupcake"],"picked":"Abe\u0027s Treasure"}],"items_purged_floors":[],"is_endless":false,"potions_floor_spawned":[5,12,28,31,33,35,38,39],"killed_by":"3 Darklings","ascension_level":0}}