{"host":"egyxg9lnjq7g2hmw","time":1609962602,"event":{"mods":["AchievementEnabler","BaseMod","Block Reminder","Colored Map","Colored Powertips","Highlight Path","Minty Spire (QoL Compilation)","Rare Cards Sparkle","StSLib"],"gold_per_floor":[112,112,132,145,320,354,354,393,416,387,387,424,18,18,18,131,203,232,256,256,63,75,75,108,108,108,124,124,124],"floor_reached":28,"playtime":1224,"items_purged":["Doubt"],"score":371,"play_id":"53bd5d16-1f6d-41d2-be23-395af2a8051f","local_time":"20210106115002","is_ascension_mode":true,"campfire_choices":[{"data":"Chaos","floor":7.0,"key":"SMITH"},{"data":"Reinforced Body","floor":11.0,"key":"SMITH"},{"floor":15.0,"key":"REST"},{"data":"Fission","floor":23,"key":"SMITH"},{"data":"Consume","floor":25,"key":"SMITH"}],"circlet_count":0,"master_deck":["Zap+1","Dualcast","Barrage+1","Chaos+1","Redo","Streamline","Reinforced Body+1","Cold Snap","Chaos","Reboot","Defragment","Lockon","Consume+1","Steam Power","Compile Driver","Coolheaded","Fission+1","Undo","Sweeping Beam+1","Skim","Creative AI","Hologram"],"relics":["Cracked Core","Anchor","CeramicFish","PreservedInsect","Blood Vial","Runic Capacitor","Happy Flower","Bronze Scales","Pandora\u0027s Box","Centennial Puzzle","Ice Cream"],"acts_visited":["Exordium","TheCity"],"potions_floor_usage":[24],"damage_taken":[{"damage":8.0,"enemies":"Jaw Worm","floor":1.0,"turns":4.0},{"damage":0.0,"enemies":"Cultist","floor":3.0,"turns":3.0},{"damage":0.0,"enemies":"Small Slimes","floor":4.0,"turns":3.0},{"damage":32.0,"enemies":"Gremlin Nob","floor":6.0,"turns":4.0},{"damage":15.0,"enemies":"3 Sentries","floor":8.0,"turns":5.0},{"damage":7.0,"enemies":"Exordium Thugs","floor":10.0,"turns":5.0},{"damage":4.0,"enemies":"Gremlin Nob","floor":12.0,"turns":4.0},{"damage":6.0,"enemies":"Slime Boss","floor":16.0,"turns":9.0},{"damage":2.0,"enemies":"Chosen","floor":18.0,"turns":3.0},{"damage":0.0,"enemies":"3 Byrds","floor":19.0,"turns":4.0},{"damage":4,"enemies":"Snecko","floor":22,"turns":4},{"damage":45,"enemies":"Slavers","floor":24,"turns":4},{"damage":9,"enemies":"Snake Plant","floor":27,"turns":4},{"damage":16,"enemies":"Gremlin Leader","floor":28,"turns":1}],"seed_played":"-2293445869876340910","potions_obtained":[{"floor":4.0,"key":"Energy Potion"},{"floor":6.0,"key":"SteroidPotion"},{"floor":8.0,"key":"Weak Potion"},{"floor":10.0,"key":"ColorlessPotion"},{"floor":20.0,"key":"Explosive Potion"},{"floor":20.0,"key":"Fire Potion"},{"floor":27,"key":"EntropicBrew"}],"is_trial":false,"path_per_floor":["M","?","M","M","?","E","R","E","T","M","R","E","$","?","R","B",null,"M","M","?","$","M","R","E","R","T","M","E"],"character_chosen":"DEFECT","items_purchased":["Runic Capacitor","Happy Flower","Chaos","Creative AI","Hologram"],"campfire_rested":1,"item_purchase_floors":[13,13,13,21,21],"current_hp_per_floor":[60,60,60,60,60,28,28,13,13,6,6,2,2,2,24,20,61,61,63,63,63,61,61,18,18,18,11,0,0],"gold":124,"neow_bonus":"UPGRADE_CARD","is_daily":false,"chose_seed":false,"campfire_upgraded":4,"win_rate":0.0,"timestamp":1609962602,"path_taken":["M","?","M","?","?","E","R","E","T","M","R","E","?","?","R","BOSS","M","M","?","$","?","R","E","R","T","?","E"],"items_purchased_type":["Relic","Relic","Card","Card","Card"],"build_version":"2020-12-22","purchased_purges":1,"victory":false,"max_hp_per_floor":[75,75,75,75,75,75,75,75,75,75,75,75,75,75,75,75,75,75,75,75,75,75,75,75,75,75,75,75,75],"card_choices":[{"not_picked":["Steam","Recycle"],"picked":"Barrage","floor":1.0},{"not_picked":["Reinforced Body","Consume"],"picked":"Chaos","floor":3.0},{"not_picked":["Hello World","Turbo"],"picked":"Redo","floor":4.0},{"not_picked":["Hologram","Biased Cognition"],"picked":"Streamline","floor":6.0},{"not_picked":["Auto Shields","Barrage"],"picked":"Reinforced Body","floor":8.0},{"not_picked":["Storm","Blizzard","Streamline"],"picked":"SKIP","floor":10.0},{"not_picked":["Sweeping Beam","Beam Cell"],"picked":"Cold Snap","floor":12.0},{"not_picked":["Biased Cognition","Machine Learning"],"picked":"Reboot","floor":16.0},{"not_picked":["Hologram","Beam Cell+1"],"picked":"Sweeping Beam+1","floor":18.0},{"not_picked":["Leap","Redo"],"picked":"Skim","floor":19.0},{"not_picked":["Steam","Turbo","Darkness"],"picked":"SKIP","floor":22},{"not_picked":["Redo","Leap","Steam Power+1"],"picked":"SKIP","floor":24},{"not_picked":["Stack","Coolheaded+1","Undo"],"picked":"SKIP","floor":27}],"player_experience":585858,"relics_obtained":[{"floor":6.0,"key":"Anchor"},{"floor":8.0,"key":"CeramicFish"},{"floor":9.0,"key":"PreservedInsect"},{"floor":12.0,"key":"Blood Vial"},{"floor":24,"key":"Centennial Puzzle"},{"floor":26,"key":"Ice Cream"}],"event_choices":[{"damage_healed":0.0,"max_hp_gain":0.0,"max_hp_loss":0.0,"gold_gain":0.0,"event_name":"Upgrade Shrine","player_choice":"Upgraded","floor":2.0,"gold_loss":0.0,"damage_taken":0.0,"cards_upgraded":["Barrage"]},{"damage_healed":0.0,"max_hp_gain":0.0,"max_hp_loss":0.0,"gold_gain":175.0,"event_name":"Liars Game","player_choice":"AGREE","floor":5.0,"gold_loss":0.0,"damage_taken":0.0,"cards_obtained":["Doubt"]},{"damage_healed":0.0,"max_hp_gain":0.0,"max_hp_loss":0.0,"gold_gain":0.0,"event_name":"Dead Adventurer","player_choice":"Searched \u00272\u0027 times","floor":14.0,"gold_loss":0.0,"damage_taken":0.0,"relics_obtained":["Bronze Scales"]},{"damage_healed":0.0,"max_hp_gain":0.0,"max_hp_loss":0.0,"gold_gain":0.0,"event_name":"Lab","player_choice":"Got Potions","floor":20.0,"gold_loss":0.0,"damage_taken":0.0}],"is_beta":false,"boss_relics":[{"not_picked":["Calling Bell","SacredBark"],"picked":"Pandora\u0027s Box"}],"items_purged_floors":[13],"is_endless":false,"potions_floor_spawned":[4,6,8,10,22,27],"killed_by":"Gremlin Leader","ascension_level":9}}