{"host":"f5h077e5av00giy4","time":1609942323,"event":{"mods":["Act Like it!","Aspiration","BaseMod","Colored Powertips","Conspire","Decade(王小明)","Hermit","Hunter 猎人","KinomotoSakuraMod(木之本樱)","Koishi","KomeijiMod","Marisa（F雨　魔理沙）","Minty Spire (QoL Compilation)","MostiFishMod","Pale of the Ancients","Quick Restart","Reimu（博丽灵梦）","Relic Stats","Remilia（蕾米莉亚）","Replay The Spire","RumiaBox-露米娅的神秘盒子","Shop Mod","Spicy Shops","StSLib","TestMod","The Alterego","The Gatherer","The Mystic","The Poker Player","The Runesmith","The Servant 0.9.4","TheWitcher","Yakumo Yukari mod","Youmu（魂魄妖梦）","Yuyuko","noobMod","vexMod","【功能Mod】聪明的最终Boss","【遗物卡牌】REMEMod","篝火指南"],"gold_per_floor":[138,157,57,74,89,89,123,46,46,46,46,81,81,100,100,195,195,207,218,108,108,108,108,138,29,29,29,49,49,49,74,74,185,185,209,98,98,126,126,126,162,201,226,361,102,102,159,234,23,75],"floor_reached":51,"playtime":2505,"items_purged":["Pain"],"score":1255,"play_id":"59f8901b-aee4-4141-86cd-a630b9aaae33","local_time":"20210106221203","is_ascension_mode":true,"campfire_choices":[{"data":"Mirror_FourBoundary_purple","floor":6,"key":"SMITH"},{"floor":10,"key":"DIG"},{"floor":15,"key":"DIG"},{"floor":29,"key":"DIG"},{"floor":32,"key":"DIG"}],"circlet_count":0,"master_deck":["AT_purpleEX","AT_purpleEX","AT_purpleEX","AT_purpleEX","Defend_purpleEX","Defend_purpleEX","Defend_purpleEX","Defend_purpleEX","Observe_purple_1","Observe_purple_2+1","Berserk","Line_surface_state_purple","ExternalForce_HighSpeedFlying_purple+1","Ghostly","Boundary_of_Extermination_purpleEX","Mirror_FourBoundary_purple+1","Boundary_LifeAndDeath_purple","MeetDecomposer_purple","ProofOfUnderstanding_purple","DimensionStaggered_purple+1","Charmbait_purple","WatchEChange_purple","MostiFishMod:PerfectForm+1","PositiveMatter_Antimatter_Universe_purple","Know_ledgeAbilityRealm_purple+1","Boundary_LightAndDark_purple+1","RuleDissolution_purple+1","Anti_communist_purple+1","Fancifulhole_purple+1","StateErode_purple","StateDuplicate_purple+1","testmod-CardIndex+1","Worldmountain_purple+1","Fantasy_PerpetualMotionMachine_purple","CommonSense_AntiCommonSense_purple"],"relics":["Boundary_crack","Memoryfragments_purpleEX","ice","DaveBox","testmod-TestBox","REME_ComplimentaryCards","ShadowXiaoBlade","testmod-EnergyCheck","SynthV:TestCard","Replay:Multitool","REME_HandOfSuture","Bronze Scales","WingedGreaves","BloodWine","MerchantsRug","Golden Egg","LastBattle","StrikeDummy","aspiration:RitualStick","vexMod:PlasmaPancake","Replay:Bandana","Replay:Bronze Core","Art of War","WarpedTongs","Akabeko","Juzu Bracelet","REME_ArchaeologicalTools","RuthlessExorcism:ReiMu","testmod-ConstraintPeriapt","aspiration:HiddenCompartment","TheEssenceOfRealm"],"acts_visited":["Exordium","TheCity","TheBeyond"],"potions_floor_usage":[14,14,16,16,31,33,48],"damage_taken":[{"damage":0,"enemies":"2 Louse","floor":1,"turns":2},{"damage":0,"enemies":"conspire:RoseBush","floor":2,"turns":3},{"damage":0,"enemies":"Jaw Worm","floor":4,"turns":3},{"damage":1,"enemies":"Looter","floor":5,"turns":2},{"damage":37,"enemies":"Gremlin Nob","floor":7,"turns":4},{"damage":7,"enemies":"Lagavulin","floor":12,"turns":3},{"damage":0,"enemies":"Exordium Wildlife","floor":14,"turns":3},{"damage":22,"enemies":"The Guardian","floor":16,"turns":7},{"damage":0,"enemies":"Shell Parasite","floor":18,"turns":3},{"damage":17,"enemies":"conspire:FuzzyDice","floor":19,"turns":4},{"damage":21,"enemies":"conspire:SneckoGhost","floor":24,"turns":5},{"damage":0,"enemies":"Cultist and Chosen","floor":28,"turns":4},{"damage":14,"enemies":"Replay:Snechameleon","floor":31,"turns":4},{"damage":1,"enemies":"Collector","floor":33,"turns":7},{"damage":1,"enemies":"Orb Walker","floor":35,"turns":2},{"damage":1,"enemies":"3 Shapes","floor":38,"turns":1},{"damage":12,"enemies":"R_Hoarder","floor":41,"turns":5},{"damage":8,"enemies":"Giant Head","floor":42,"turns":4},{"damage":12,"enemies":"R_Hoarder","floor":44,"turns":3},{"damage":0,"enemies":"Maw","floor":47,"turns":3},{"damage":0,"enemies":"Reptomancer","floor":48,"turns":4},{"damage":12,"enemies":"Donu and Deca","floor":50,"turns":6}],"seed_played":"-5758168851809758486","potions_obtained":[{"floor":4,"key":"Weak Potion"},{"floor":12,"key":"EntropicBrew"},{"floor":28,"key":"Explosive Potion"},{"floor":31,"key":"Regen Potion"},{"floor":33,"key":"Weak Potion"},{"floor":35,"key":"ZuzhouPotion:ReiMu"},{"floor":48,"key":"FearPotion"}],"is_trial":false,"path_per_floor":["M","M","?","M","M","R","E","R","T","R","?","E","R","M","R","B",null,"M","M","$","?","?","R","E","$","T","?","M","R","?","E","R","B",null,"M","$","?","M","?","R","E","E","T","E","$","?","M","E","R","B",null],"character_chosen":"Youkari","items_purchased":["Replay:Multitool","MerchantsRug","MostiFishMod:PerfectForm","Art of War","testmod-CardIndex","TheEssenceOfRealm","CommonSense_AntiCommonSense_purple"],"campfire_rested":0,"item_purchase_floors":[8,20,25,36,45,49,49],"current_hp_per_floor":[70,70,70,70,70,70,35,35,35,35,23,18,39,40,40,22,70,70,57,57,70,70,70,54,54,54,61,62,62,48,42,42,56,76,76,76,76,76,76,76,68,65,65,55,55,55,56,58,58,53],"gold":75,"neow_bonus":"RANDOM_EVENT","is_daily":false,"chose_seed":false,"campfire_upgraded":1,"win_rate":0.0,"timestamp":1609942323,"path_taken":["M","M","?","M","M","R","E","R","T","R","?","E","R","M","R","BOSS","M","M","$","?","?","R","E","?","T","?","M","R","?","E","R","BOSS","M","$","?","?","?","R","E","E","T","E","?","?","M","E","R","BOSS"],"items_purchased_type":["Relic","Relic","Card","Relic","Card","Relic","Card"],"build_version":"2020-12-22","purchased_purges":1,"victory":true,"max_hp_per_floor":[70,70,70,70,70,70,70,70,70,70,70,70,70,70,70,70,70,70,70,70,70,70,70,70,70,70,70,70,70,70,76,76,76,76,76,76,76,76,76,76,76,76,76,76,76,76,76,76,76,76],"relic_stats":{"counters":[22,82],"Bronze Scales":[135],"Art of War":[1],"Juzu Bracelet":0,"obtain_stats":[{"Golden Egg":24,"vexMod:PlasmaPancake":31,"DaveBox":0,"BloodWine":17,"ice":0,"Replay:Multitool":8,"Juzu Bracelet":41,"aspiration:RitualStick":30,"Replay:Bandana":32,"Replay:Bronze Core":34,"WingedGreaves":12,"REME_ArchaeologicalTools":42,"TheEssenceOfRealm":49,"MerchantsRug":20,"testmod-TestBox":0,"testmod-FatalChain":15,"ShadowXiaoBlade":0,"PreservedInsect":11,"Boundary_crack":0,"LastBattle":26,"testmod-ConstraintPeriapt":44,"aspiration:HiddenCompartment":48,"Akabeko":39,"WarpedTongs":37,"Anchor":7,"SynthV:TestCard":1,"Bronze Scales":10,"REME_HandOfSuture":9,"Art of War":36,"testmod-EnergyCheck":0,"StrikeDummy":29,"Memoryfragments_purpleEX":0,"REME_ComplimentaryCards":0,"RuthlessExorcism:ReiMu":43},{"Golden Egg":11,"vexMod:PlasmaPancake":13,"DaveBox":0,"BloodWine":8,"ice":0,"Replay:Multitool":5,"Juzu Bracelet":17,"aspiration:RitualStick":12,"Replay:Bandana":13,"Replay:Bronze Core":14,"WingedGreaves":6,"REME_ArchaeologicalTools":18,"TheEssenceOfRealm":21,"MerchantsRug":10,"testmod-TestBox":0,"testmod-FatalChain":7,"ShadowXiaoBlade":0,"PreservedInsect":5,"Boundary_crack":0,"LastBattle":11,"testmod-ConstraintPeriapt":19,"aspiration:HiddenCompartment":21,"Akabeko":16,"WarpedTongs":15,"Anchor":5,"SynthV:TestCard":1,"Bronze Scales":5,"REME_HandOfSuture":5,"Art of War":15,"testmod-EnergyCheck":0,"StrikeDummy":12,"Memoryfragments_purpleEX":0,"REME_ComplimentaryCards":0,"RuthlessExorcism:ReiMu":18},{"Golden Egg":39,"vexMod:PlasmaPancake":47,"DaveBox":0,"BloodWine":27,"ice":0,"Replay:Multitool":14,"Juzu Bracelet":62,"aspiration:RitualStick":43,"Replay:Bandana":47,"Replay:Bronze Core":54,"WingedGreaves":17,"REME_ArchaeologicalTools":66,"TheEssenceOfRealm":76,"MerchantsRug":34,"testmod-TestBox":0,"testmod-FatalChain":20,"ShadowXiaoBlade":0,"PreservedInsect":14,"Boundary_crack":0,"LastBattle":39,"testmod-ConstraintPeriapt":69,"aspiration:HiddenCompartment":76,"Akabeko":57,"WarpedTongs":56,"Anchor":14,"SynthV:TestCard":2,"Bronze Scales":14,"REME_HandOfSuture":14,"Art of War":56,"testmod-EnergyCheck":0,"StrikeDummy":43,"Memoryfragments_purpleEX":0,"REME_ComplimentaryCards":0,"RuthlessExorcism:ReiMu":66}],"aspiration:RitualStick":[0],"WarpedTongs":[26]},"card_choices":[{"not_picked":["StateErode_purple","ExistenceContinue_purple"],"picked":"Line_surface_state_purple","floor":1},{"not_picked":["DimensionStaggered_purple","StateDuplicate_purple","Bait_Toxicbait_purple","Realm_recovery_purpleEX"],"picked":"ExternalForce_HighSpeedFlying_purple","floor":2},{"not_picked":["MeetDecomposer_purple","Computing_the_future_purpleEX","MNeedle_purple","StateDuplicate_purple"],"picked":"Boundary_of_Extermination_purpleEX","floor":4},{"not_picked":["Realm_recovery_purpleEX","Line_surface_state_purple","Worldmountain_purple","MetroBOOM_purple"],"picked":"Mirror_FourBoundary_purple","floor":5},{"not_picked":["WingOfChimera_purple","Boundary_DynamicStaticEquilibrium_purple","OmniscientAndOmnipotent_Monster_purple","ExistenceContinue_purple"],"picked":"Boundary_LifeAndDeath_purple","floor":7},{"not_picked":["SharpContractionReality_purple","DimensionStaggered_purple","RuptureOfTimeAndSpace_purple","Line_surface_state_purple"],"picked":"MeetDecomposer_purple","floor":12},{"not_picked":["Charmbait_purple","Realm_recovery_purpleEX","Umbrella_purple","SharpContractionReality_purple"],"picked":"WeekHit_purple","floor":14},{"not_picked":["UniverseChoice_purple","WangLiang_OokamiKakushi_purple","Human_Monster_Realm_purple","GluttonyofRealm_purpleEX"],"picked":"ProofOfUnderstanding_purple","floor":16},{"not_picked":["StateErode_purple","Umbrella_purple","SharpContractionReality_purple+1","MetroBOOM_purple"],"picked":"DimensionStaggered_purple","floor":18},{"not_picked":["ProofOfUnderstanding_purple","Worldmountain_purple","AdvanceAttack_purple","Boundary_ObjectiveBoundary_purple+1"],"picked":"Charmbait_purple+1","floor":19},{"not_picked":["Mirror_WaveAndshot_purple","ExternalForce_HighSpeedFlying_purple+1","Computing_the_future_purpleEX","ExistenceContinue_purple"],"picked":"WatchEChange_purple","floor":24},{"not_picked":["ExternalForce_HighSpeedFlying_purple","OmniscientAndOmnipotent_Monster_purple","Extrememeaning_purpleEX","DimensionStaggered_purple"],"picked":"PositiveMatter_Antimatter_Universe_purple","floor":28},{"not_picked":["DimensionStaggered_purple","Line_surface_state_purple","Mirror_FormAndEmptin_purple+1","RuleDissolution_purple"],"picked":"UniverseChoice_purple","floor":31},{"not_picked":["WasteWire_Metro_purple","Computing_the_future_purpleEX","ProofOfUnderstanding_purple","BarrageBoundary_PipeDream_purple"],"picked":"Know_ledgeAbilityRealm_purple","floor":33},{"not_picked":["Mirror_FourBoundary_purple","AdvanceAttack_purple","MeetDecomposer_purple+1","OmniscientAndOmnipotent_Monster_purple"],"picked":"Boundary_LightAndDark_purple+1","floor":35},{"not_picked":["StateErode_purple","AdvanceAttack_purple+1","Mirror_FormAndEmptin_purple","OpenedBox_purple+1"],"picked":"RuleDissolution_purple+1","floor":38},{"not_picked":["RuptureOfTimeAndSpace_purple","Boundary_ObjectiveBoundary_purple+1","Boundary_LightAndDark_purple","WingOfChimera_purple+1"],"picked":"Anti_communist_purple+1","floor":39},{"not_picked":["Yakumo_Ran_purple","MeetDecomposer_purple","PurpleNeedle_purple","Worldmountain_purple+1","Boundary_DynamicStaticEquilibrium_purple+1"],"picked":"Fancifulhole_purple","floor":41},{"not_picked":["Mirror_WaveAndshot_purple","RealityDreamConfluencek_purple","Erosivefilter_purple+1","SfantasyHide_purple"],"picked":"StateErode_purple","floor":42},{"not_picked":["Line_surface_state_purple","Photoelasticity_Doppler_Effect_purple+1","EighthInstrument_OneDividesIntoTwo_purple","DimensionStaggered_purple"],"picked":"StateDuplicate_purple+1","floor":44},{"not_picked":["ExternalForce_HighSpeedFlying_purple","StretchesForeverDream_purple","AdvanceAttack_purple","Boundary_LightAndDark_purple+1"],"picked":"Worldmountain_purple+1","floor":47},{"not_picked":["Charmbait_purple+1","MeetDecomposer_purple+1","WeekHit_purple+1","OmniscientAndOmnipotent_Monster_purple"],"picked":"Fantasy_PerpetualMotionMachine_purple","floor":48}],"player_experience":276368,"relics_obtained":[{"floor":1,"key":"SynthV:TestCard"},{"floor":7,"key":"Anchor"},{"floor":9,"key":"REME_HandOfSuture"},{"floor":10,"key":"Bronze Scales"},{"floor":12,"key":"WingedGreaves"},{"floor":15,"key":"testmod-FatalChain"},{"floor":24,"key":"Golden Egg"},{"floor":26,"key":"LastBattle"},{"floor":29,"key":"StrikeDummy"},{"floor":31,"key":"vexMod:PlasmaPancake"},{"floor":32,"key":"Replay:Bandana"},{"floor":39,"key":"Akabeko"},{"floor":41,"key":"Juzu Bracelet"},{"floor":42,"key":"REME_ArchaeologicalTools"},{"floor":43,"key":"RuthlessExorcism:ReiMu"},{"floor":44,"key":"testmod-ConstraintPeriapt"},{"floor":48,"key":"aspiration:HiddenCompartment"}],"event_choices":[{"damage_healed":0,"gold_gain":0,"player_choice":"Argue","damage_taken":0,"max_hp_gain":0,"max_hp_loss":0,"event_name":"conspire:LoneGhost","floor":3,"gold_loss":0},{"damage_healed":0,"gold_gain":0,"player_choice":"Success","damage_taken":12,"relics_obtained":["PreservedInsect"],"max_hp_gain":0,"max_hp_loss":0,"event_name":"Scrap Ooze","floor":11,"gold_loss":0},{"damage_healed":0,"gold_gain":0,"player_choice":"Ignored","damage_taken":0,"max_hp_gain":0,"max_hp_loss":0,"event_name":"Beggar","floor":22,"gold_loss":0},{"damage_healed":0,"gold_gain":0,"player_choice":"Rummage","damage_taken":0,"relics_obtained":["WarpedTongs"],"max_hp_gain":0,"max_hp_loss":0,"event_name":"Accursed Blacksmith","floor":37,"gold_loss":0,"cards_obtained":["Pain"]},{"damage_healed":0,"gold_gain":0,"player_choice":"Ignored","damage_taken":0,"max_hp_gain":0,"max_hp_loss":0,"event_name":"给自己的盒子","floor":46,"gold_loss":0}],"is_beta":false,"boss_relics":[{"not_picked":["Coffee Dripper","aspiration:IroncladSkillbook"],"picked":"BloodWine"},{"not_picked":["conspire:RunicOctahedron","RhineFirstAidKit"],"picked":"Replay:Bronze Core"}],"items_purged_floors":[45],"is_endless":false,"potions_floor_spawned":[4,12,14,28,31,33,35,41,48],"ascension_level":1}}