{"host":"m3rs92yjkwi06hli","time":1609949801,"event":{"mods":["Act Like it!","Aspiration","BaseMod","Colored Map","Conspire","Defuse TimeMaze Blight","Energized Spire","Hubris","Infinite Spire","Minty Spire (QoL Compilation)","Relic Stats","Replay The Spire","Spicy Shops","StSLib","The Gatherer"],"gold_per_floor":[116,116,116,127,140,140,54,54,77,103,116,127,159,237,237,334,434,454,472,472,491,491,491,504,504,551,551,586,586,603,603,603,705,705,716,716,716,716,569,569,598,616,667,667,685,685,685,704,704,704],"floor_reached":51,"playtime":2604,"items_purged":["Voices","Gatherer:Strike_Gatherer"],"score":828,"play_id":"b4fac80c-a5f8-46b1-8383-b688b4a8704c","local_time":"20210106101641","is_ascension_mode":false,"metric_token":977,"campfire_choices":[{"data":"Gatherer:FlowerWhip","floor":6,"key":"SMITH"},{"data":"conspire:Banana","floor":8,"key":"SMITH"},{"floor":15,"key":"REST"},{"data":"Gatherer:HeartToFruit","floor":23,"key":"SMITH"},{"data":"Gatherer:FlowerWhip+1","floor":25,"key":"SMITH"},{"data":"Gatherer:FlowerWhip+2","floor":27,"key":"SMITH"},{"data":"Gatherer:Snatch","floor":29,"key":"SMITH"},{"data":"Gatherer:FeelingFine","floor":32,"key":"SMITH"},{"data":"Chrysalis","floor":40,"key":"SMITH"},{"floor":44,"key":"RECALL"},{"data":"Master of Strategy","floor":47,"key":"SMITH"},{"data":"Deep Breath","floor":49,"key":"SMITH"}],"circlet_count":0,"master_deck":["Gatherer:Strike_Gatherer","Gatherer:Strike_Gatherer","Gatherer:Strike_Gatherer","Gatherer:Defend_Gatherer","Gatherer:Defend_Gatherer","Gatherer:Defend_Gatherer","Gatherer:Defend_Gatherer","Gatherer:Centralize","Gatherer:FlowerWhip+3","Gatherer:BalancedGrowth","Gatherer:FragileHammer","Gatherer:DrugPower","Gatherer:RottenStipe","conspire:Banana+1","Gatherer:FlowerFalling+1","Gatherer:FragileHammer","Gatherer:FlowerShield+1","Gatherer:WitheringStrike","Gatherer:HeartToFruit+1","Gatherer:Snatch+1","Gatherer:UpgradeBag+1","Gatherer:Frenzy","Gatherer:UpgradeBag+1","Gatherer:Snatch+1","Gatherer:FeelingFine+1","Gatherer:BlackTea+1","Gatherer:ScherryThrow+1","Master of Strategy+1","Deep Breath+1","Chrysalis+1","Gatherer:EchoOfNature+1","Gatherer:Transmute+1","Gatherer:Nutrients","Gatherer:Misfortune+1"],"relics":["Gatherer:AlchemyBag","ChewingGum","Empty Cage","Simple Rune","infinitespire:Lychee Nut","hubris:SphereOfDissonance","White Beast Statue","Replay:Wanted Poster","Ice Cream","aspiration:FutureDiary","aspiration:FetidBarrel","PreservedInsect","Gremlin Horn","Enchiridion","aspiration:PoetsPen","ReplayTheSpireMod:ShopPack","energizedSpire:OgreHead","hubris:Towel","Gatherer:MistGenerator","aspiration:Lifesprig","Anchor","Ring of Peace","ReplayTheSpireMod:Ring of Addiction","hubris:EmptyBottle","SacredBark"],"acts_visited":["Exordium","TheCity","TheBeyond"],"potions_floor_usage":[18,19,21,24,28,30,33,41,45,48,48,48,48,50,50,50,50],"damage_taken":[{"damage":0,"enemies":"2 Louse","floor":1,"turns":3},{"damage":2,"enemies":"conspire:RoseBush","floor":4,"turns":3},{"damage":1,"enemies":"Cultist","floor":5,"turns":3},{"damage":29,"enemies":"3 Sentries","floor":10,"turns":7},{"damage":13,"enemies":"Exordium Thugs","floor":11,"turns":4},{"damage":1,"enemies":"Red Slaver","floor":12,"turns":4},{"damage":23,"enemies":"Lagavulin","floor":13,"turns":5},{"damage":12,"enemies":"Slime Boss","floor":16,"turns":8},{"damage":13,"enemies":"Spheric Guardian","floor":18,"turns":4},{"damage":9,"enemies":"Shell Parasite","floor":19,"turns":4},{"damage":0,"enemies":"Snecko","floor":21,"turns":3},{"damage":11,"enemies":"Centurion and Healer","floor":24,"turns":3},{"damage":0,"enemies":"conspire:Head Lice","floor":28,"turns":3},{"damage":6,"enemies":"Cultist and Chosen","floor":30,"turns":4},{"damage":47,"enemies":"Automaton","floor":33,"turns":10},{"damage":15,"enemies":"Orb Walker","floor":35,"turns":2},{"damage":15,"enemies":"Giant Head","floor":41,"turns":5},{"damage":15,"enemies":"3 Shapes","floor":42,"turns":3},{"damage":0,"enemies":"Spire Growth","floor":45,"turns":3},{"damage":0,"enemies":"4 Shapes","floor":48,"turns":1},{"damage":28,"enemies":"conspire:OrnateMirror","floor":50,"turns":6}],"seed_played":"-5394670400241423878","potions_obtained":[{"floor":11,"key":"LifebloodPotion"},{"floor":12,"key":"CultistPotion"},{"floor":13,"key":"ColorlessPotion"},{"floor":16,"key":"Milkshake"},{"floor":18,"key":"PowerPotion"},{"floor":19,"key":"SteroidPotion"},{"floor":21,"key":"Strength Potion"},{"floor":24,"key":"DistilledChaos"},{"floor":28,"key":"Weak Potion"},{"floor":30,"key":"BottledMiracle"},{"floor":33,"key":"GamblersBrew"},{"floor":35,"key":"PowerPotion"},{"floor":41,"key":"Poison Potion"},{"floor":42,"key":"FearPotion"},{"floor":45,"key":"Languid Potion"},{"floor":46,"key":"Dexterity Potion"},{"floor":48,"key":"LiquidMemories"}],"is_trial":false,"path_per_floor":["M","?","?","M","M","R","$","R","T","E","M","M","E","T","R","B",null,"M","M","AVR","M","T","R","M","R","T","R","E","R","M","?","R","B",null,"M","?","AVR","?","$","R","E","M","T","R","M","?","R","M","R","B",null],"character_chosen":"THE_GATHERER","items_purchased":["conspire:Banana","Gatherer:MistGenerator"],"campfire_rested":1,"item_purchase_floors":[7,39],"current_hp_per_floor":[72,72,72,70,69,69,69,69,69,42,37,44,29,29,47,43,63,52,51,51,61,61,61,61,61,61,61,72,72,78,62,62,27,96,87,87,87,87,87,87,80,76,76,76,81,81,81,81,81,65],"gold":704,"neow_bonus":"DOUBLE_BOSS_RELIC","is_daily":false,"chose_seed":false,"campfire_upgraded":10,"win_rate":0.0,"timestamp":1609949801,"path_taken":["M","?","?","M","M","R","$","R","T","E","?","M","E","?","R","BOSS","M","M","AVR","M","?","R","M","R","T","R","E","R","?","?","R","BOSS","M","?","AVR","?","$","R","E","M","T","R","?","?","R","M","R","BOSS"],"items_purchased_type":["Card","Relic"],"build_version":"2020-12-22","purchased_purges":2,"victory":true,"max_hp_per_floor":[72,72,72,72,72,72,72,72,72,55,57,59,61,61,61,63,63,65,67,67,72,72,72,78,78,78,78,84,84,90,90,90,96,96,102,102,102,102,102,102,104,110,110,110,110,110,110,110,110,116],"relic_stats":{"Gremlin Horn":[9,9],"counters":[21,88],"PreservedInsect":159,"obtain_stats":[{"Ice Cream":20,"aspiration:Lifesprig":41,"Gremlin Horn":28,"SacredBark":46,"Enchiridion":31,"hubris:EmptyBottle":46,"Empty Cage":0,"Replay:Wanted Poster":17,"aspiration:PoetsPen":34,"Ring of Peace":46,"aspiration:FutureDiary":20,"aspiration:FetidBarrel":22,"ReplayTheSpireMod:Ring of Addiction":46,"hubris:SphereOfDissonance":13,"Gatherer:MistGenerator":39,"PreservedInsect":26,"energizedSpire:OgreHead":37,"hubris:Towel":38,"White Beast Statue":14,"Anchor":43,"infinitespire:Lychee Nut":10,"ChewingGum":0,"Simple Rune":9,"Gatherer:AlchemyBag":0,"ReplayTheSpireMod:ShopPack":37},{"Ice Cream":10,"aspiration:Lifesprig":17,"Gremlin Horn":13,"SacredBark":19,"Enchiridion":14,"hubris:EmptyBottle":19,"Empty Cage":0,"Replay:Wanted Poster":8,"aspiration:PoetsPen":15,"Ring of Peace":19,"aspiration:FutureDiary":10,"aspiration:FetidBarrel":11,"ReplayTheSpireMod:Ring of Addiction":19,"hubris:SphereOfDissonance":7,"Gatherer:MistGenerator":16,"PreservedInsect":12,"energizedSpire:OgreHead":16,"hubris:Towel":16,"White Beast Statue":7,"Anchor":18,"infinitespire:Lychee Nut":4,"ChewingGum":0,"Simple Rune":3,"Gatherer:AlchemyBag":0,"ReplayTheSpireMod:ShopPack":16},{"Ice Cream":45,"aspiration:Lifesprig":75,"Gremlin Horn":54,"SacredBark":81,"Enchiridion":58,"hubris:EmptyBottle":81,"Empty Cage":0,"Replay:Wanted Poster":37,"aspiration:PoetsPen":68,"Ring of Peace":81,"aspiration:FutureDiary":45,"aspiration:FetidBarrel":48,"ReplayTheSpireMod:Ring of Addiction":81,"hubris:SphereOfDissonance":29,"Gatherer:MistGenerator":70,"PreservedInsect":51,"energizedSpire:OgreHead":70,"hubris:Towel":70,"White Beast Statue":29,"Anchor":78,"infinitespire:Lychee Nut":16,"ChewingGum":0,"Simple Rune":9,"Gatherer:AlchemyBag":0,"ReplayTheSpireMod:ShopPack":70}]},"card_choices":[{"not_picked":["Gatherer:WoolGloves","Gatherer:Frenzy"],"picked":"Gatherer:BalancedGrowth","floor":1},{"not_picked":["Gatherer:Duality","Gatherer:GatherMaterial"],"picked":"Gatherer:DrugPower","floor":4},{"not_picked":["Gatherer:DrugPower","Gatherer:ScentOfRosmari"],"picked":"Gatherer:RottenStipe","floor":5},{"not_picked":["Gatherer:Uplift","Gatherer:GrowBook"],"picked":"Gatherer:FlowerFalling","floor":10},{"not_picked":["Gatherer:BalancedGrowth","Gatherer:TreeGrowth"],"picked":"Gatherer:FragileHammer","floor":11},{"not_picked":["Gatherer:EnergyBasket","Gatherer:WoolGloves"],"picked":"Gatherer:FlowerShield","floor":12},{"not_picked":["Gatherer:WoolGloves","Gatherer:CarefulStrike"],"picked":"Gatherer:WitheringStrike","floor":13},{"not_picked":["Gatherer:ScrollOfPurity","Gatherer:FinishingStrike"],"picked":"Gatherer:HeartToFruit","floor":16},{"not_picked":["Gatherer:QuickSynthesis","Gatherer:Convert"],"picked":"Gatherer:Snatch+1","floor":18},{"not_picked":["Gatherer:Convert","Gatherer:ScentOfRosmari"],"picked":"Gatherer:UpgradeBag+1","floor":19},{"not_picked":["Gatherer:BambuSword","Gatherer:Duplicator"],"picked":"Gatherer:Frenzy","floor":21},{"not_picked":["Gatherer:PotentialSlash","Gatherer:QuickSynthesis"],"picked":"Gatherer:UpgradeBag+1","floor":24},{"not_picked":["Gatherer:BalancedGrowth+1","Gatherer:TreeGrowth+1"],"picked":"Gatherer:Snatch","floor":28},{"not_picked":["Gatherer:BambuSword+1","Gatherer:HeartToFruit"],"picked":"Gatherer:FeelingFine","floor":30},{"not_picked":["Gatherer:Bulldoze","Gatherer:BomberForm"],"picked":"Gatherer:BlackTea","floor":33},{"not_picked":["Gatherer:CarefulStrike","Gatherer:Polymorphism"],"picked":"Gatherer:ScherryThrow+1","floor":35},{"not_picked":["ReplayTheSpireMod:Necrogeddon","Replay:Dark Deal"],"picked":"Master of Strategy","floor":37},{"not_picked":["Forethought","Jack Of All Trades"],"picked":"Deep Breath","floor":37},{"not_picked":["Forethought","Replay:Dark Deal"],"picked":"Chrysalis","floor":37},{"not_picked":["Gatherer:HeartToFruit","Gatherer:CollectorsShot"],"picked":"Gatherer:EchoOfNature+1","floor":41},{"not_picked":["Gatherer:Polymorphism","Gatherer:CollectorsShot+1"],"picked":"Gatherer:Transmute+1","floor":42},{"not_picked":["Gatherer:FlowerFalling+1","Gatherer:Uplift"],"picked":"Gatherer:Nutrients","floor":45},{"not_picked":["Gatherer:TreeGrowth","Gatherer:CarefulStrike"],"picked":"Gatherer:Misfortune+1","floor":48}],"player_experience":729181,"relics_obtained":[{"floor":9,"key":"Simple Rune"},{"floor":10,"key":"infinitespire:Lychee Nut"},{"floor":13,"key":"hubris:SphereOfDissonance"},{"floor":14,"key":"White Beast Statue"},{"floor":22,"key":"aspiration:FetidBarrel"},{"floor":26,"key":"PreservedInsect"},{"floor":28,"key":"Gremlin Horn"},{"floor":31,"key":"Enchiridion"},{"floor":41,"key":"aspiration:Lifesprig"},{"floor":43,"key":"Anchor"},{"floor":46,"key":"Ring of Peace"},{"floor":46,"key":"ReplayTheSpireMod:Ring of Addiction"},{"floor":46,"key":"hubris:EmptyBottle"},{"floor":46,"key":"SacredBark"}],"event_choices":[{"damage_healed":0,"gold_gain":0,"player_choice":"2 cards matched","damage_taken":0,"max_hp_gain":0,"max_hp_loss":0,"event_name":"Match and Keep!","floor":3,"gold_loss":0,"cards_obtained":["Voices","Gatherer:FragileHammer"]},{"damage_healed":0,"gold_gain":0,"player_choice":"Obtained Book","damage_taken":16,"max_hp_gain":0,"max_hp_loss":0,"event_name":"Cursed Tome","floor":31,"gold_loss":0}],"is_beta":false,"boss_relics":[{"not_picked":["Kintsugi","Ectoplasm"],"picked":"Replay:Wanted Poster"},{"not_picked":["Busted Crown","Tiny House"],"picked":"aspiration:PoetsPen"}],"items_purged_floors":[20,37],"is_endless":false,"potions_floor_spawned":[11,12,13,16,18,19,21,24,28,30,33,35,41,42,45,48],"ascension_level":0}}