{"host":"hfcva6mq15ctj0gu","time":1609943968,"event":{"mods":["100% Spire Juice","Abigail Mod","AchievementEnabler","Act Like it!","Alarm Clock","BaseMod","Better Altar","Better Match","Better Note","Better Skull","Better Third Choice","BetterRewards","CapriCore","Card Forge","Colored Map","Curses Come First","Disable Question Mark Monsters","Displayed Cursed Tome","Emptier Cage","FoggyMod","Friendly Minions","Gold Saver","Grow up Mod","Highlight Path","Kiyohime????","Kratos Character Expansion","Marisa????????","Minty Spire (QoL Compilation)","Permanent Neow","Poem Panic","Reimu??????","Remilia??????","Shade Mod","Shop Mod","StSLib","The Immortal","The Servant 0.9.4","The Vixen","Transform Curses","Virulent Crown","????"],"gold_per_floor":[1163,1238,1238,1250,1250,837,837,1112,1112,1143,1157,1157,589,624,353,457,457,471,471,101,110,110,148,169,200,253,253,16,16,50,59,59,168,177,203,99,99,35,57,87,87,26,49,83,140,165,215,92,92,92,92,92,92,131,131],"floor_reached":56,"playtime":2859,"items_purged":[],"score":1519,"play_id":"700c7a0a-3b7c-4dd0-b229-82602a37abac","local_time":"20210106153928","is_ascension_mode":false,"campfire_choices":[{"floor":12.0,"key":"RECALL"},{"floor":29,"key":"REST"},{"floor":32,"key":"REST"},{"floor":49,"key":"REST"}],"circlet_count":0,"master_deck":["Shade:Strike_Shade+1","Shade:Strike_Shade+1","Shade:Defend_Shade+1","Shade:Defend_Shade+1","Shade:Defend_Shade+1","Shade:Defend_Shade+1","Shade:AnimateDead+1","Shade:CarefulCut+1","Shade:CallOfTheGrave+1","Shade:DangerousRitual+1","Shade:SpectralStrikes+1","Shade:GreyBargain+1","Shade:TouchOfTheGrave+1","Shade:FuneraryJewels+1","Shade:DangerousRitual+1","Shade:CallWraith+1","Shade:FuneraryArmor+1","Shade:CallOfTheGrave+1","Shade:OpenGraves+1","Shade:Bonestorm+1","Shade:AncientSpear+1","Shade:ScuttlingHand+1","Shade:SensePrey+1","Shade:Bite_Shade+1","Shade:FleshLikeOak+1","Shade:DarkOfNight+1","Shade:StitchTogether+1","Shade:GreyBargain+1","Shade:UnbarTheGrave+1","RitualDagger+1","Shade:Coordination+1","CurseOfTheBell","Shade:ClawBack+1","Shade:Awaken+1","Shade:Carnophage+1","Shade:ScuttlingHand+1","Shade:ScuttlingHand+1","Shade:LastGasp+1","Shade:Bonestorm+1","Shade:AncientSpear+1"],"relics":["Shade:YorickPolishedSkull","Hammer of Thor","Seething Fire","Anvil of the Gods","MerchantsRug","TheAbacus","Blue Candle","Turnip","Letter Opener","Mastiff:ReiMu","Happy Flower","Chemical X","Art of War","Shuriken","Lantern","Bag of Marbles","Oddly Smooth Stone","Anchor","CeramicFish","Pen Nib","InkBottle","ClockworkSouvenir","Bag of Preparation","Ornamental Fan","Torii","Medical Kit","Matryoshka","Orichalcum","PreservedInsect","HornCleat","Du-Vu Doll","Vajra","KratosMod:amulet","TentaclePot:ReiMu","Calipers"],"acts_visited":["Exordium","TheCity","TheBeyond","TheEnding"],"potions_floor_usage":[],"damage_taken":[{"damage":0.0,"enemies":"2 Louse","floor":1.0,"turns":3.0},{"damage":0.0,"enemies":"Jaw Worm","floor":4.0,"turns":3.0},{"damage":0.0,"enemies":"Lagavulin","floor":10.0,"turns":5.0},{"damage":0.0,"enemies":"Cultist","floor":11.0,"turns":3.0},{"damage":6,"enemies":"3 Sentries","floor":14,"turns":4},{"damage":11,"enemies":"Slime Boss","floor":16,"turns":5},{"damage":21,"enemies":"2 Thieves","floor":18,"turns":4},{"damage":0,"enemies":"Slavers","floor":23,"turns":4},{"damage":0,"enemies":"3 Byrds","floor":24,"turns":3},{"damage":12,"enemies":"Gremlin Leader","floor":30,"turns":3},{"damage":0,"enemies":"Collector","floor":33,"turns":5},{"damage":0,"enemies":"Orb Walker","floor":35,"turns":2},{"damage":0,"enemies":"3 Shapes","floor":39,"turns":3},{"damage":2,"enemies":"Nemesis","floor":40,"turns":5},{"damage":10,"enemies":"Giant Head","floor":44,"turns":4},{"damage":13,"enemies":"2 Orb Walkers","floor":45,"turns":4},{"damage":11,"enemies":"Reptomancer","floor":46,"turns":4},{"damage":6,"enemies":"Mind Bloom Boss Battle","floor":47,"turns":4},{"damage":33,"enemies":"Awakened One","floor":50,"turns":7},{"damage":11,"enemies":"Shield and Spear","floor":54,"turns":4},{"damage":17,"enemies":"The Heart","floor":55,"turns":6}],"seed_played":"8988241897440821213","potions_obtained":[{"floor":6.0,"key":"EntropicBrew"},{"floor":6.0,"key":"MagicPotion:ReiMu"},{"floor":6.0,"key":"Energy Potion"},{"floor":16,"key":"Regen Potion"},{"floor":18,"key":"SteroidPotion"},{"floor":22,"key":"AttackPotion"},{"floor":22,"key":"SpeedPotion"},{"floor":22,"key":"LiquidMemories"},{"floor":39,"key":"Weak Potion"},{"floor":45,"key":"SkillPotion"}],"is_trial":false,"path_per_floor":["M","?","T","M","T","R","?","?","T","E","M","R","$","E","R","B",null,"M","?","$","?","?","E","M","R","T","?","$","R","E","?","R","B",null,"M","$","?","$","M","E","?","R","T","E","?","E","?","$","R","B",null,"R","$","E","B",null],"character_chosen":"SHADE","items_purchased":["MerchantsRug","TheAbacus","Blue Candle","Ancient Tea Set","Shade:CallOfTheGrave","Shade:DangerousRitual","Mastiff:ReiMu","Shade:TouchOfTheGrave","Shade:FuneraryJewels","Cauldron","Happy Flower","Chemical X","Art of War","Shade:FuneraryArmor","Shade:CallOfTheGrave","Lantern","Bag of Marbles","Shade:Bonestorm","Pen Nib","InkBottle","Shade:AncientSpear","Shade:FleshLikeOak","ClockworkSouvenir","Shade:DarkOfNight","Shade:StitchTogether","Shade:GreyBargain","Medical Kit","Shade:Awaken","Shade:Carnophage","Shade:ScuttlingHand","TentaclePot:ReiMu"],"campfire_rested":3,"item_purchase_floors":[0,0,0,0,0,0,6,6,6,6,13,13,13,13,13,15,15,15,20,20,20,25,25,28,28,28,36,36,38,42,48],"current_hp_per_floor":[54,53,63,73,83,93,103,113,123,133,143,153,163,167,177,176,245,234,31,41,51,61,81,91,101,111,121,131,250,251,255,383,396,425,435,445,455,465,475,483,493,503,513,525,522,531,548,558,575,567,595,605,615,618,625],"gold":131,"neow_bonus":"","is_daily":false,"chose_seed":false,"campfire_upgraded":0,"win_rate":0.0,"timestamp":1609943968,"path_taken":["M","?","?","?","?","R","?","?","T","E","?","R","$","E","R","BOSS","M","?","$","?","?","E","?","R","T","?","?","R","E","?","R","BOSS","M","$","?","$","?","E","?","R","T","E","?","E","?","$","R","BOSS","R","$","E","BOSS"],"items_purchased_type":["Relic","Relic","Relic","Relic","Card","Card","Relic","Card","Card","Relic","Relic","Relic","Relic","Card","Card","Relic","Relic","Card","Relic","Relic","Card","Card","Relic","Card","Card","Card","Relic","Card","Card","Card","Relic"],"build_version":"2020-12-22","purchased_purges":0,"victory":true,"max_hp_per_floor":[85,95,105,115,125,135,145,155,165,175,185,195,205,215,225,235,245,255,265,275,285,295,315,325,335,345,355,365,375,385,395,405,415,425,435,445,455,465,475,485,495,505,515,525,535,545,555,565,575,585,595,605,615,625,645],"card_choices":[{"not_picked":["Shade:CallOfTheGrave","Shade:PotionOfRestlessness"],"picked":"Shade:SpectralStrikes","floor":1.0},{"not_picked":["Shade:WallOfFlesh","Shade:FingerOfDeath"],"picked":"Shade:GreyBargain","floor":4.0},{"not_picked":["Shade:GoDigging","Shade:Patience"],"picked":"Shade:DangerousRitual","floor":10.0},{"not_picked":["Shade:RavenousHorde","Shade:GraveStillness"],"picked":"Shade:CallWraith","floor":11.0},{"not_picked":["Shade:Haruspicy","Shade:CoffinDance"],"picked":"Shade:OpenGraves","floor":14},{"not_picked":["Shade:FreshBones","Shade:FuneraryArmor","Shade:GraveStillness"],"picked":"SKIP","floor":18},{"not_picked":["Shade:OpenGraves","Shade:Trample"],"picked":"Shade:SensePrey","floor":23},{"not_picked":["Shade:SpontaneousRitual","Shade:Bonestorm"],"picked":"Shade:Bite_Shade","floor":24},{"not_picked":["Shade:BoneShards","Shade:FleshLikeOak+1"],"picked":"Shade:UnbarTheGrave","floor":30},{"not_picked":["Shade:OneIsEnough","Shade:Putrefaction"],"picked":"Shade:Coordination","floor":33},{"not_picked":["Shade:FreshBones","Shade:CoffinDance"],"picked":"Shade:ClawBack+1","floor":35},{"not_picked":["Shade:FleshOffering","Shade:CallOfTheGrave"],"picked":"Shade:ScuttlingHand","floor":39},{"not_picked":["Shade:TouchOfTheGrave+1","Shade:Doomsay","Shade:FuneraryArmor"],"picked":"SKIP","floor":40},{"not_picked":["Shade:ClawBack","Shade:CoffinDance+1"],"picked":"Shade:LastGasp","floor":44},{"not_picked":["Shade:CloudOfShrapnel+1","Shade:SpontaneousRitual+1"],"picked":"Shade:Bonestorm","floor":45},{"not_picked":["Shade:PoundOfFlesh+1","Shade:Bonestorm","Shade:CallOfTheGrave+1"],"picked":"SKIP","floor":46},{"not_picked":["Shade:CoffinDance+1","Shade:BoneShards+1"],"picked":"Shade:AncientSpear+1","floor":54}],"player_experience":103525,"relics_obtained":[{"floor":3.0,"key":"Turnip"},{"floor":5.0,"key":"Letter Opener"},{"floor":10.0,"key":"White Beast Statue"},{"floor":14,"key":"Shuriken"},{"floor":23,"key":"Pear"},{"floor":26,"key":"Bag of Preparation"},{"floor":30,"key":"ScarletDevilRocket"},{"floor":34,"key":"Regal Pillow"},{"floor":34,"key":"Ornamental Fan"},{"floor":34,"key":"Torii"},{"floor":40,"key":"Matryoshka"},{"floor":43,"key":"Orichalcum"},{"floor":43,"key":"PreservedInsect"},{"floor":44,"key":"HornCleat"},{"floor":45,"key":"Du-Vu Doll"},{"floor":46,"key":"Vajra"},{"floor":47,"key":"KratosMod:amulet"},{"floor":54,"key":"Calipers"}],"event_choices":[{"damage_healed":0.0,"max_hp_gain":0.0,"max_hp_loss":0.0,"gold_gain":75.0,"event_name":"betterThird:BetterGoop","player_choice":"Gold","floor":2.0,"gold_loss":0.0,"damage_taken":11.0},{"damage_healed":0.0,"max_hp_gain":0.0,"max_hp_loss":0.0,"gold_gain":275.0,"event_name":"Golden Shrine","player_choice":"Desecrate","floor":8.0,"gold_loss":0.0,"damage_taken":0.0,"cards_obtained":["Regret"]},{"damage_healed":0,"gold_gain":0,"player_choice":"RE RE RE RE ","damage_taken":221,"relics_obtained":["Smiling Mask","Oddly Smooth Stone","Anchor","CeramicFish"],"max_hp_gain":0,"max_hp_loss":0,"event_name":"betterSkull:BetterSkull","floor":19,"gold_loss":0,"cards_upgraded":[]},{"damage_healed":0,"gold_gain":0,"cards_transformed":["Shade:Strike_Shade"],"player_choice":"Transformed","damage_taken":0,"max_hp_gain":0,"max_hp_loss":0,"event_name":"Transmorgrifier","floor":21,"gold_loss":0,"cards_obtained":["Shade:ScuttlingHand"]},{"damage_healed":0,"gold_gain":0,"player_choice":"Got Potions","damage_taken":0,"max_hp_gain":0,"max_hp_loss":0,"event_name":"Lab","floor":22,"gold_loss":0},{"damage_healed":0,"gold_gain":0,"player_choice":"Ignored","damage_taken":0,"max_hp_gain":0,"max_hp_loss":0,"event_name":"Vampires","floor":27,"gold_loss":0},{"damage_healed":0,"gold_gain":0,"player_choice":"Dagger","damage_taken":6,"max_hp_gain":0,"max_hp_loss":0,"event_name":"betterThird:BetterNest","floor":31,"gold_loss":0,"cards_obtained":["RitualDagger"]},{"damage_healed":0,"gold_gain":0,"player_choice":"Ignored","damage_taken":0,"max_hp_gain":0,"max_hp_loss":0,"event_name":"Upgrade Shrine","floor":37,"gold_loss":0},{"cards_removed":["Shade:Strike_Shade"],"damage_healed":0,"gold_gain":0,"player_choice":"Removed Attack","damage_taken":0,"max_hp_gain":0,"max_hp_loss":0,"event_name":"Falling","floor":41,"gold_loss":0},{"damage_healed":0,"gold_gain":0,"player_choice":"Fight","damage_taken":0,"max_hp_gain":0,"max_hp_loss":0,"event_name":"Mysterious Sphere","floor":45,"gold_loss":0},{"damage_healed":0,"gold_gain":0,"player_choice":"Fight","damage_taken":0,"max_hp_gain":0,"max_hp_loss":0,"event_name":"MindBloom","floor":47,"gold_loss":0}],"is_beta":false,"boss_relics":[{"not_picked":["Runic Pyramid","Coffee Dripper"],"picked":"Shade:YorickPolishedSkull"},{"not_picked":["Busted Crown","Sozu"],"picked":"Calling Bell"}],"items_purged_floors":[],"is_endless":false,"potions_floor_spawned":[10,11,14,16,18,23,24,39,45],"ascension_level":0}}