{"host":"7bzprrpqr2usgpra","time":1609916240,"event":{"mods":["ATMod(°¢èªMod)","BaseMod","BetterRewards","Dota2Spire","HololiveMod","Lobotomy","Minty Spire (QoL Compilation)","MostiFishMod","Quick Restart","Spicy Shops","StSLib","TestMod","TheWitcher","[IsaacMod]ÒÔÈö¼âËþ","¡¾ÒÅÎï¿¨ÅÆ¡¿REMEMod"],"gold_per_floor":[269,281,299,299,699,699,731,742,767,795,795,795,720,747,747,820,820,837,837,837,278,33,63,63,95,171,200,211,211,227,247,247,324,324,349,107,199,126,141,141,180,180,230,268,268,326,326,345,345,351],"floor_reached":51,"playtime":1436,"items_purged":[],"score":2181,"play_id":"b0e8c890-0309-47f1-9b9c-961061c9b86e","local_time":"20210106145720","is_ascension_mode":true,"campfire_choices":[{"data":"MostiFishMod:PerfectStrikeMKII","floor":6,"key":"SMITH"},{"data":"ConjureBlade","floor":12,"key":"SMITH"},{"data":"AT_FamilyPortrait","floor":15,"key":"SMITH"},{"data":"testmod-TreasureHunter","floor":24,"key":"SMITH"},{"data":"AT_MachinaRedman","floor":29,"key":"SMITH"},{"data":"Scrawl","floor":32,"key":"SMITH"},{"data":"MostiFishMod:Disappear","floor":40,"key":"SMITH"},{"data":"PathToVictory","floor":42,"key":"SMITH"},{"data":"ReachHeaven","floor":45,"key":"SMITH"},{"data":"MostiFishMod:LegendTransform","floor":47,"key":"SMITH"},{"data":"Tantrum","floor":49,"key":"SMITH"}],"circlet_count":0,"master_deck":["AscendersBane","Strike_P","Strike_P","Strike_P","Strike_P+1","Defend_P","Defend_P","Defend_P+1","Defend_P","Eruption","Vigilance","SuicideKing","MostiFishMod:PerfectStrikeMKII+1","AT_FamilyPortrait+1","Sanctity","MentalFortress","MostiFishMod:LegendTransform+1","Consecrate","ConjureBlade+1","Worship","Scrawl+1","testmod-TreasureHunter+1","AT_MachinaRedman+1","Swivel","REME_Repentance","ForeignInfluence+1","CrushJoints","MostiFishMod:Disappear+1","Conclude+1","PathToVictory+1","AT_FamilyPortrait+1","testmod-Dream+1","MostiFishMod:Dust+1","ReachHeaven+1","REME_EmptyShield+1","MostiFishMod:StarOceanP+1","Tantrum+1"],"relics":["PureWater","AT_ATBox","HushsDoor","REME_ComplimentaryCards","DaveBox","FeatherPendant","YumHeart","testmod-NegativeEmotionEnhancer","SynthV:TestCard","Omamori","TuHaoJin","AT_SpeedBoots","Lee\u0027s Waffle","InkBottle","Black Star","Dota2Spire:Dagon","Dead Branch","Bottled Lightning","Red Mask","GuppysPaw","Sundial","UnicornStump","testmod-DeterminationOfClimber","Shuriken","BrkXgEgg","Dota2Spire:EchoSabre","AT_ImmortalShieldbow","Ancient Tea Set","Boot","Oddly Smooth Stone","AT_LudenTempest"],"acts_visited":["Exordium","TheCity","TheBeyond"],"potions_floor_usage":[27,31],"damage_taken":[{"damage":0,"enemies":"Small Slimes","floor":1,"turns":1},{"damage":6,"enemies":"Jaw Worm","floor":2,"turns":2},{"damage":0,"enemies":"2 Louse","floor":3,"turns":1},{"damage":0,"enemies":"Lagavulin","floor":7,"turns":1},{"damage":0,"enemies":"2 Fungi Beasts","floor":8,"turns":1},{"damage":0,"enemies":"3 Sentries","floor":10,"turns":2},{"damage":0,"enemies":"Lagavulin","floor":14,"turns":2},{"damage":0,"enemies":"Slime Boss","floor":16,"turns":2},{"damage":6,"enemies":"3 Byrds","floor":18,"turns":2},{"damage":0,"enemies":"Gremlin Leader","floor":23,"turns":1},{"damage":0,"enemies":"Masked Bandits","floor":25,"turns":1},{"damage":0,"enemies":"Slavers","floor":27,"turns":3},{"damage":0,"enemies":"Spheric Guardian","floor":28,"turns":1},{"damage":0,"enemies":"Snake Plant","floor":30,"turns":1},{"damage":0,"enemies":"Snecko","floor":31,"turns":1},{"damage":0,"enemies":"Collector","floor":33,"turns":1},{"damage":0,"enemies":"Orb Walker","floor":35,"turns":1},{"damage":0,"enemies":"3 Darklings","floor":39,"turns":1},{"damage":0,"enemies":"Giant Head","floor":41,"turns":1},{"damage":0,"enemies":"Reptomancer","floor":44,"turns":1},{"damage":0,"enemies":"2 Orb Walkers","floor":46,"turns":1},{"damage":0,"enemies":"Sphere and 2 Shapes","floor":48,"turns":1},{"damage":0,"enemies":"Time Eater","floor":50,"turns":1}],"seed_played":"-858322164078736702","potions_obtained":[{"floor":1,"key":"Energy Potion"},{"floor":3,"key":"Energy Potion"},{"floor":27,"key":"FairyPotion"},{"floor":31,"key":"ColorlessPotion"},{"floor":39,"key":"BottledMiracle"}],"is_trial":false,"path_per_floor":["M","M","M","?","?","R","E","M","T","E","?","R","$","E","R","B",null,"M","?","?","$","$","E","R","?","T","E","M","R","M","M","R","B",null,"M","$","?","$","M","R","E","R","T","E","R","?","R","M","R","B",null],"character_chosen":"WATCHER","items_purchased":["Lee\u0027s Waffle","Dota2Spire:Dagon","testmod-TreasureHunter","Shuriken","BrkXgEgg"],"campfire_rested":0,"item_purchase_floors":[13,21,22,36,38],"current_hp_per_floor":[64,60,63,42,42,67,69,72,72,74,56,56,81,82,82,83,83,81,82,67,67,67,71,71,75,75,79,81,81,83,85,85,87,94,97,97,82,82,89,89,99,99,99,100,100,101,101,102,102,103],"gold":351,"neow_bonus":"","is_daily":false,"chose_seed":false,"campfire_upgraded":11,"win_rate":0.0,"timestamp":1609916240,"path_taken":["M","M","M","?","?","R","E","M","T","E","?","R","$","E","R","BOSS","M","?","?","?","$","E","R","?","T","E","M","R","?","M","R","BOSS","M","?","?","$","M","R","E","R","T","E","R","?","R","?","R","BOSS"],"items_purchased_type":["Relic","Relic","Card","Relic","Relic"],"build_version":"2020-12-22","purchased_purges":0,"victory":true,"max_hp_per_floor":[69,70,71,71,71,71,72,73,73,74,74,74,81,82,82,83,83,84,89,89,89,89,90,90,91,91,92,93,93,94,95,95,96,96,97,97,97,97,98,98,99,99,99,100,100,101,101,102,102,103],"card_choices":[{"not_picked":[],"picked":"SuicideKing","floor":0},{"not_picked":["FollowUp","AT_RealFormLess"],"picked":"Sanctity","floor":1},{"not_picked":["EmptyFist","FollowUp","CrushJoints","FlyingSleeves"],"picked":"MentalFortress","floor":2},{"not_picked":["EmptyMind","BowlingBash","DeusExMachina","Bomb"],"picked":"MostiFishMod:LegendTransform","floor":3},{"not_picked":["Halt","Meditate","Sanctity","FlyingSleeves"],"picked":"Consecrate","floor":7},{"not_picked":["Perseverance","JustLucky","EmptyFist","ThirdEye","Crescendo"],"picked":"SKIP","floor":8},{"not_picked":["BattleHymn","MostiFishMod:PathToVictory","Vengeance","ThirdEye"],"picked":"ConjureBlade","floor":10},{"not_picked":["Protect","AT_SoftenMuscles","ClearTheMind","FearNoEvil"],"picked":"Worship","floor":14},{"not_picked":["MasterReality","Omniscience","MostiFishMod:Minus","DeusExMachina"],"picked":"Scrawl","floor":16},{"not_picked":["Sanctity","EmptyMind","EmptyFist","EmptyBody","Halt"],"picked":"SKIP","floor":18},{"not_picked":["AT_OneInchPunch","CutThroughFate","MostiFishMod:Clarity","Establishment"],"picked":"AT_MachinaRedman","floor":23},{"not_picked":["MostiFishMod:Clarity","ClearTheMind","AT_SoftenMuscles","FlyingSleeves+1"],"picked":"Swivel","floor":25},{"not_picked":["ThirdEye","Consecrate","Pray+1","MostiFishMod:PathToVictory"],"picked":"REME_Repentance","floor":27},{"not_picked":["MentalFortress","BowlingBash","FlyingSleeves","Halt"],"picked":"ForeignInfluence+1","floor":28},{"not_picked":["Worship","MostiFishMod:PathToVictory","JustLucky+1","WreathOfFlame+1"],"picked":"CrushJoints","floor":30},{"not_picked":["BowlingBash","SandsOfTime","FollowUp+1","MostiFishMod:LegendTransform","AT_SoftenMuscles"],"picked":"SKIP","floor":31},{"not_picked":["MasterReality","Establishment","Omniscience","MostiFishMod:CyberBuddha"],"picked":"MostiFishMod:Disappear","floor":33},{"not_picked":["Evaluate","AT_DivineConfetti","SignatureMove","FlurryOfBlows"],"picked":"Conclude+1","floor":35},{"not_picked":["FearNoEvil","Meditate","MostiFishMod:LegendTransform","ClearTheMind+1"],"picked":"PathToVictory","floor":39},{"not_picked":["CutThroughFate","FollowUp","CrushJoints","SashWhip"],"picked":"MostiFishMod:Dust+1","floor":41},{"not_picked":["PathToVictory","Consecrate","FollowUp","SashWhip"],"picked":"ReachHeaven","floor":44},{"not_picked":["BowlingBash","ThirdEye","EmptyBody+1","ClearTheMind"],"picked":"REME_EmptyShield+1","floor":46},{"not_picked":["EmptyBody","ThirdEye+1","Pray","Consecrate"],"picked":"Tantrum","floor":48}],"player_experience":241001,"relics_obtained":[{"floor":1,"key":"SynthV:TestCard"},{"floor":7,"key":"Omamori"},{"floor":10,"key":"TuHaoJin"},{"floor":14,"key":"InkBottle"},{"floor":23,"key":"Dead Branch"},{"floor":23,"key":"Bottled Lightning"},{"floor":25,"key":"Red Mask"},{"floor":26,"key":"GuppysPaw"},{"floor":27,"key":"Sundial"},{"floor":27,"key":"UnicornStump"},{"floor":41,"key":"Dota2Spire:EchoSabre"},{"floor":41,"key":"AT_ImmortalShieldbow"},{"floor":43,"key":"Ancient Tea Set"},{"floor":44,"key":"Boot"},{"floor":44,"key":"Oddly Smooth Stone"},{"floor":46,"key":"AT_LudenTempest"}],"event_choices":[{"damage_healed":0,"gold_gain":0,"player_choice":"Entered Light","damage_taken":21,"max_hp_gain":0,"max_hp_loss":0,"event_name":"Shining Light","floor":4,"gold_loss":0,"cards_upgraded":["Strike_P","Defend_P"]},{"damage_healed":0,"gold_gain":400,"player_choice":"Sell","damage_taken":0,"max_hp_gain":0,"max_hp_loss":0,"event_name":"¶÷ÂåË¹µÄÅÌ×Ó","floor":5,"relics_lost":["testmod-TestBox"],"gold_loss":0},{"damage_healed":0,"gold_gain":0,"player_choice":"Success","damage_taken":18,"relics_obtained":["AT_SpeedBoots"],"max_hp_gain":0,"max_hp_loss":0,"event_name":"Scrap Ooze","floor":11,"gold_loss":0},{"damage_healed":0,"gold_gain":0,"player_choice":"Shed Blood","damage_taken":29,"max_hp_gain":5,"max_hp_loss":0,"event_name":"Forgotten Altar","floor":19,"gold_loss":0},{"damage_healed":0,"gold_gain":0,"player_choice":"Fought Bandits","damage_taken":0,"max_hp_gain":0,"max_hp_loss":0,"event_name":"Masked Bandits","floor":25,"gold_loss":0},{"damage_healed":0,"gold_gain":0,"player_choice":"Fight","damage_taken":0,"max_hp_gain":0,"max_hp_loss":0,"event_name":"Mysterious Sphere","floor":46,"gold_loss":0}],"is_beta":false,"boss_relics":[{"not_picked":["AT_TrinityForce","REME_DemonsWealth"],"picked":"Black Star"},{"not_picked":[]},{"not_picked":["JellyFishMachine","EE1DDrone"],"picked":"testmod-DeterminationOfClimber"},{"not_picked":[]}],"items_purged_floors":[],"is_endless":false,"potions_floor_spawned":[1,3,10,16,25,27,31,39,48],"ascension_level":15}}