{"host":"i0boqj7z83tzxoi1","time":1609945962,"event":{"mods":["BaseMod","Lobotomy","Minty Spire (QoL Compilation)","Replay The Spire","StSLib","The Construct"],"gold_per_floor":[113,129,129,143,156,156,236,236,236,311,311,331,234,224,224,184,184,184,184],"floor_reached":18,"playtime":585,"items_purged":[],"score":154,"play_id":"6a139c03-d4e5-4940-baa1-1b49ef27c520","local_time":"20210106231242","is_ascension_mode":false,"campfire_choices":[{"data":"Clash","floor":6,"key":"SMITH"},{"floor":8,"key":"REST"},{"floor":15,"key":"REST"}],"circlet_count":0,"master_deck":["Strike_R","Strike_R","Strike_R","Strike_R","Defend_R","Defend_R","Defend_R","Defend_R","Bash","Freischutz","Headbutt","SpiderBud","Replay:Undeath\u0027s Touch","Pommel Strike+1","Bloodbath","Clash+1","CrumblingArmor","Wild Strike","ReplayTheSpireMod:Stacked","Pommel Strike","HeroicMonk","Pommel Strike","UniverseFragment","Clash","Yin","Heavy Blade","Offering"],"relics":["Burning Blood","CogitoBucket","ReplayTheSpireMod:Lightbulb","Replay:Bottled Steam","Bag of Marbles","Theresia","Fusion Hammer"],"acts_visited":["Exordium","TheCity"],"potions_floor_usage":[],"damage_taken":[{"damage":15,"enemies":"Jaw Worm","floor":1,"turns":4},{"damage":5,"enemies":"2 Louse","floor":2,"turns":2},{"damage":10,"enemies":"Small Slimes","floor":4,"turns":3},{"damage":0,"enemies":"Blue Slaver","floor":5,"turns":3},{"damage":0,"enemies":"3 Louse","floor":12,"turns":3},{"damage":0,"enemies":"Exordium Thugs","floor":13,"turns":1},{"damage":6,"enemies":"Blue Slaver","floor":14,"turns":2},{"damage":70,"enemies":"Hexaghost","floor":16,"turns":3},{"damage":0,"enemies":"3 Byrds","floor":18,"turns":1}],"seed_played":"-7705184723678071572","potions_obtained":[{"floor":4,"key":"PowerPotion"},{"floor":5,"key":"Adrenaline Potion"},{"floor":12,"key":"SmokeBomb"},{"floor":14,"key":"Block Potion"}],"is_trial":false,"path_per_floor":["M","M","?","M","M","R","?","R","T","?","?","M","M","M","R","B",null,"M"],"character_chosen":"IRONCLAD","items_purchased":[],"campfire_rested":2,"item_purchase_floors":[],"current_hp_per_floor":[71,72,72,68,75,75,43,67,67,56,38,45,51,52,76,13,80,0,0],"gold":184,"neow_bonus":"","is_daily":false,"chose_seed":false,"campfire_upgraded":1,"win_rate":0.0,"timestamp":1609945962,"path_taken":["M","M","?","M","M","R","?","R","T","?","?","M","?","M","R","BOSS","M"],"items_purchased_type":[],"build_version":"2020-12-22","purchased_purges":0,"victory":false,"max_hp_per_floor":[80,80,80,80,80,80,80,80,80,80,80,80,80,80,80,80,80,80,80],"card_choices":[{"not_picked":["PunishingBird","WallGazer"],"picked":"Freischutz","floor":1},{"not_picked":["Dual Wield","ReplayTheSpireMod:Muscle Training"],"picked":"Headbutt","floor":1},{"not_picked":["FairyFestival","MHz"],"picked":"SpiderBud","floor":2},{"not_picked":["Warcry","ReplayReversal"],"picked":"Replay:Undeath\u0027s Touch","floor":2},{"not_picked":["OSAHOGD","NakedNest"],"picked":"Bloodbath","floor":4},{"not_picked":["Iron Wave","Carnage"],"picked":"Clash","floor":4},{"not_picked":["UniverseFragment","Murderer"],"picked":"CrumblingArmor","floor":5},{"not_picked":["Whirlwind","Carnage"],"picked":"Wild Strike","floor":5},{"not_picked":["Shrug It Off","Inflame"],"picked":"ReplayTheSpireMod:Stacked","floor":7},{"not_picked":["Shrug It Off","Offering"],"picked":"Pommel Strike","floor":7},{"not_picked":["OSAHOGD","WallGazer"],"picked":"HeroicMonk","floor":12},{"not_picked":["Warcry","Flame Barrier"],"picked":"Pommel Strike","floor":12},{"not_picked":["MeatLantern","ShyLook"],"picked":"UniverseFragment","floor":13},{"not_picked":["Massacre","ReplayTheSpireMod:Corrosion Curse"],"picked":"Clash","floor":13},{"not_picked":["OSAHOGD","LittlePrince"],"picked":"Yin","floor":14},{"not_picked":["Run Through","Warcry"],"picked":"Heavy Blade","floor":14},{"not_picked":["Corruption","Exhume"],"picked":"Offering","floor":16}],"player_experience":151359,"relics_obtained":[{"floor":7,"key":"ReplayTheSpireMod:Lightbulb"},{"floor":9,"key":"Replay:Bottled Steam"}],"event_choices":[{"damage_healed":0,"gold_gain":75,"player_choice":"Gather Gold","damage_taken":11,"max_hp_gain":0,"max_hp_loss":0,"event_name":"World of Goop","floor":10,"gold_loss":0},{"damage_healed":0,"gold_gain":0,"player_choice":"Success","damage_taken":18,"relics_obtained":["Bag of Marbles"],"max_hp_gain":0,"max_hp_loss":0,"event_name":"Scrap Ooze","floor":11,"gold_loss":0}],"is_beta":false,"boss_relics":[{"not_picked":["Velvet Choker","construct:ClawGrip"],"picked":"Fusion Hammer"}],"items_purged_floors":[],"is_endless":false,"potions_floor_spawned":[4,5,12,14],"killed_by":"3 Byrds","ascension_level":0}}