{"host":"3vcyg0agvrtrxr7t","time":1609894747,"event":{"mods":["Act Like it!","BaseMod","Beaked The Cultist","Colored Map","Duelist Mod","Friendly Minions","Glutton Mod","Hermit","Kiyohime????","KomeijiMod","Lobotomy","Marisa????????","Minty Spire (QoL Compilation)","Replay The Spire","StSLib","The Construct","The Cursed","The Disciple","The Gatherer","The Hierophant","The Mystic","The Necromancer","The Servant 0.9.4"],"gold_per_floor":[112,124,142,160,174,174,174],"floor_reached":6,"playtime":476,"items_purged":[],"score":40,"play_id":"da1d6fd2-eb11-4379-aaae-f391c9a43b94","local_time":"20210105195907","is_ascension_mode":false,"campfire_choices":[],"circlet_count":0,"master_deck":["Strike_Br","Strike_Br","Strike_Br","Strike_Br","Defend_Br","Defend_Br","Defend_Br","Defend_Br","SecondHand","PatternShift","ExoVibe","ReapSow","LockedScales","HandsUpC","LockedMercury"],"relics":["Chronometer"],"acts_visited":["Exordium"],"potions_floor_usage":[],"damage_taken":[{"damage":12.0,"enemies":"Cultist","floor":1.0,"turns":5.0},{"damage":1.0,"enemies":"Jaw Worm","floor":2.0,"turns":5.0},{"damage":5.0,"enemies":"Small Slimes","floor":3.0,"turns":4.0},{"damage":17.0,"enemies":"Exordium Wildlife","floor":4.0,"turns":7.0},{"damage":28.0,"enemies":"Gremlin Gang","floor":5.0,"turns":6.0},{"damage":0,"enemies":"3 Sentries","floor":6,"turns":1}],"seed_played":"7888076175188931631","potions_obtained":[{"floor":3.0,"key":"BlessingOfTheForge"}],"is_trial":true,"path_per_floor":["M","M","M","M","M","E"],"character_chosen":"CHRONO_CLASS","items_purchased":[],"campfire_rested":0,"item_purchase_floors":[],"current_hp_per_floor":[53,52,47,30,2,2,2],"gold":174,"neow_bonus":"","is_daily":false,"chose_seed":false,"campfire_upgraded":0,"win_rate":0.0,"timestamp":1609894747,"path_taken":["M","M","M","M","M","E"],"items_purchased_type":[],"build_version":"2020-12-22","purchased_purges":0,"victory":false,"max_hp_per_floor":[65,65,65,65,65,65,65],"card_choices":[{"not_picked":["BlueShift","HandsUpB"],"picked":"ExoVibe","floor":1.0},{"not_picked":["Echoward","FormalWear"],"picked":"ReapSow","floor":2.0},{"not_picked":["HandsUpB","TiringSlam"],"picked":"LockedScales","floor":3.0},{"not_picked":["Goo","ReapSow"],"picked":"HandsUpC","floor":4.0},{"not_picked":["HandsUpB","HandsUpC"],"picked":"LockedMercury","floor":5.0}],"player_experience":78921,"relics_obtained":[],"event_choices":[],"is_beta":false,"boss_relics":[],"items_purged_floors":[],"is_endless":false,"potions_floor_spawned":[3],"killed_by":"3 Sentries","ascension_level":0}}