{"host":"q79spna8ofw6hj3r","time":1609915576,"event":{"mods":["Aspiration","BaseMod","Bestiary","Better Altar","Better Match","Better Note","Better Sensory Stone","Better Skull","Better Third Choice","Better Vampires","BetterRewards","Block Reminder","Card Filter","Challenge The Spire","Colored Map","Colored Powertips","Conspire","Custom Start","Energized Spire","Halation","Hubris","Infinite Spire","Jedi Mod","Mimic Mod","Minty Spire (QoL Compilation)","Permanent Neow","Quick Restart","Relic Filter","Relic Sorter","Replay The Spire","Shop Mod","StSLib","SuperFastMode","Synergy Search","The Servant 0.9.4","vexMod"],"gold_per_floor":[113,113,13,13,73,73,128,128,217,217,277,309,350,370,370,499,1165,1209,1252,1261,1261],"floor_reached":20,"playtime":872,"items_purged":[],"score":246,"play_id":"674870f1-0f5f-405b-9055-5a6eb142f781","local_time":"20210106084616","is_ascension_mode":true,"campfire_choices":[{"data":"GearUp","floor":6,"key":"SMITH"},{"data":"KidneyShot","floor":8,"key":"SMITH"},{"data":"SilverMatrix","floor":15,"key":"SMITH"}],"circlet_count":0,"master_deck":["Strike_S","Strike_S","Defend_S","Defend_S","Defend_S","KidneyShot+1","Exchange","SpecialFormula","conspire:SpireCoStock","conspire:SpireCoStock","GearUp+1","SilverMatrix+1","SoulSculpture","SilverMatrix","SilverBlades"],"relics":["Uniform","Bag of Marbles","CultistMask","Replay:Baseball","vexMod:RockOfEvil"],"acts_visited":["Exordium","TheCity"],"potions_floor_usage":[7,12,13,16],"damage_taken":[{"damage":4,"enemies":"Jaw Worm","floor":1,"turns":4},{"damage":6,"enemies":"Small Slimes","floor":5,"turns":5},{"damage":0,"enemies":"Cultist","floor":7,"turns":6},{"damage":0,"enemies":"3 Louse","floor":9,"turns":15},{"damage":27,"enemies":"3 Louse","floor":11,"turns":7},{"damage":0,"enemies":"Exordium Thugs","floor":12,"turns":6},{"damage":0,"enemies":"Gremlin Nob","floor":13,"turns":2},{"damage":0,"enemies":"Blue Slaver","floor":14,"turns":4},{"damage":40,"enemies":"Slime Boss","floor":16,"turns":15},{"damage":13,"enemies":"Shell Parasite","floor":18,"turns":7},{"damage":48,"enemies":"3 Byrds","floor":19,"turns":10},{"damage":21,"enemies":"conspire:HollyBat","floor":20,"turns":5}],"seed_played":"-1002790477114641960","potions_obtained":[{"floor":5,"key":"Weak Potion"},{"floor":11,"key":"Explosive Potion"},{"floor":12,"key":"infinitespire:BlackPotion"},{"floor":13,"key":"AttackPotion"},{"floor":14,"key":"Reflective Coating"},{"floor":19,"key":"jedi:tentaclejuice"}],"is_trial":false,"path_per_floor":["M","?","?","$","M","R","M","R","MIM","?","M","M","E","M","R","B",null,"M","M","M"],"character_chosen":"THE_SERVANT","items_purchased":[],"campfire_rested":0,"item_purchase_floors":[],"current_hp_per_floor":[43,43,43,43,42,42,47,47,52,52,30,35,40,45,45,10,65,57,14,0,0],"gold":1261,"neow_bonus":"REMOVE_TWO","is_daily":false,"chose_seed":false,"campfire_upgraded":3,"win_rate":0.0,"timestamp":1609915576,"path_taken":["M","?","?","?","M","R","M","R","MIM","?","M","?","E","M","R","BOSS","M","M","M"],"items_purchased_type":[],"build_version":"2020-12-22","purchased_purges":0,"victory":false,"max_hp_per_floor":[65,65,65,65,65,65,65,65,65,65,65,65,65,65,65,65,65,65,65,65,65],"card_choices":[{"not_picked":["Ricochet","Manipulate"],"picked":"SpecialFormula","floor":1},{"not_picked":["Starlight","Rewind"],"picked":"GearUp","floor":5},{"not_picked":["Unruled","Advance"],"picked":"SilverMatrix","floor":7},{"not_picked":["Ricochet","ReturningBlade","Alleviate"],"picked":"SKIP","floor":11},{"not_picked":["WasteNot","Comet","DoubleEdge"],"picked":"SKIP","floor":12},{"not_picked":["ReturningBlade","FanOfKnives","DoubleEdge"],"picked":"SKIP","floor":13},{"not_picked":["Gouge","DoubleEdge"],"picked":"SoulSculpture","floor":14},{"not_picked":["TheWorld","FlawlessForm"],"picked":"SilverMatrix","floor":16},{"not_picked":["ShatteredReality","TimeWarp"],"picked":"SilverBlades","floor":18},{"not_picked":["Comet","Spin+1","Ricochet"],"picked":"SKIP","floor":19}],"player_experience":226790,"relics_obtained":[{"floor":9,"key":"Bag of Marbles"},{"floor":13,"key":"Replay:Baseball"}],"event_choices":[{"cards_removed":["Strike_S"],"damage_healed":0,"gold_gain":0,"player_choice":"Forget","damage_taken":0,"max_hp_gain":0,"max_hp_loss":0,"event_name":"Living Wall","floor":2,"gold_loss":0},{"damage_healed":0,"gold_gain":0,"player_choice":"Invest 2","damage_taken":0,"max_hp_gain":0,"max_hp_loss":0,"event_name":"conspire:Investor","floor":3,"gold_loss":0},{"damage_healed":0,"gold_gain":0,"player_choice":"Trade","damage_taken":0,"relics_obtained":["CultistMask"],"max_hp_gain":0,"max_hp_loss":0,"event_name":"FaceTrader","floor":10,"gold_loss":0}],"is_beta":false,"boss_relics":[{"not_picked":["aspiration:RandomNobGenerator","Philosopher\u0027s Stone"],"picked":"vexMod:RockOfEvil"}],"items_purged_floors":[],"is_endless":false,"potions_floor_spawned":[5,11,12,13,14,19],"killed_by":"conspire:HollyBat","ascension_level":2}}