{"host":"jrsqjhzisnjpdyoe","time":1609955059,"event":{"mods":["BaseMod","Colored Map","Colored Powertips","Minty Spire (QoL Compilation)","Relic Stats","StSLib"],"gold_per_floor":[112,124,124,124,3,35,46,46,46,46,61,81,91,103,103,206,206,224,224,236,253,253,253,266,276,276,310,310,310,344,364,364,467,467,477,491,491,491,491,491,508,534,534,547,561,561,0,0,0,0],"floor_reached":51,"playtime":6534,"items_purged":["Defend_G"],"score":781,"play_id":"3ab09458-8e2b-4cae-ae56-0a18a33ca1bd","local_time":"20210106104419","is_ascension_mode":true,"campfire_choices":[{"data":"Neutralize","floor":8.0,"key":"SMITH"},{"data":"Crippling Poison","floor":10.0,"key":"SMITH"},{"data":"Deadly Poison","floor":15.0,"key":"SMITH"},{"data":"Well Laid Plans","floor":23.0,"key":"SMITH"},{"data":"Corpse Explosion","floor":28.0,"key":"SMITH"},{"data":"Footwork","floor":32,"key":"SMITH"},{"floor":40,"key":"REST"},{"floor":46,"key":"REST"},{"floor":49,"key":"RECALL"}],"circlet_count":0,"master_deck":["Strike_G+1","Strike_G+1","Strike_G+1","Defend_G+1","Defend_G+1","Defend_G+1","Defend_G+1","Survivor+1","Neutralize+1","Corpse Explosion+1","Backstab+1","Backflip+1","Crippling Poison+1","Quick Slash+1","Well Laid Plans+1","Deadly Poison+1","Die Die Die+1","Leg Sweep+1","Footwork+1","Predator+1","Deadly Poison+1","Catalyst+1","Adrenaline+1","Mayhem+1","Noxious Fumes+1","Parasite","Bouncing Flask+1"],"relics":["Ring of the Snake","FaceOfCleric","Mercury Hourglass","Letter Opener","Runic Dome","Nilry\u0027s Codex","Singing Bowl","Lizard Tail","Frozen Egg 2","Fusion Hammer","Darkstone Periapt","Question Card","Red Mask","Mark of the Bloom"],"acts_visited":["Exordium","TheCity","TheBeyond"],"potions_floor_usage":[44,50,50,50],"damage_taken":[{"damage":0.0,"enemies":"Small Slimes","floor":1.0,"turns":8.0},{"damage":2.0,"enemies":"2 Louse","floor":2.0,"turns":4.0},{"damage":16.0,"enemies":"Lagavulin","floor":6.0,"turns":5.0},{"damage":0.0,"enemies":"Cultist","floor":7.0,"turns":3.0},{"damage":0.0,"enemies":"Blue Slaver","floor":11.0,"turns":3.0},{"damage":7.0,"enemies":"Looter","floor":12.0,"turns":2.0},{"damage":0.0,"enemies":"Gremlin Gang","floor":13.0,"turns":2.0},{"damage":0.0,"enemies":"3 Louse","floor":14.0,"turns":1.0},{"damage":26.0,"enemies":"The Guardian","floor":16.0,"turns":8.0},{"damage":13.0,"enemies":"Spheric Guardian","floor":18.0,"turns":5.0},{"damage":3.0,"enemies":"2 Thieves","floor":20.0,"turns":3.0},{"damage":10.0,"enemies":"Centurion and Healer","floor":21.0,"turns":5.0},{"damage":9.0,"enemies":"Snake Plant","floor":24.0,"turns":4.0},{"damage":0.0,"enemies":"3 Cultists","floor":25.0,"turns":2.0},{"damage":15.0,"enemies":"Slavers","floor":27.0,"turns":4.0},{"damage":23,"enemies":"Gremlin Leader","floor":30,"turns":5},{"damage":4,"enemies":"Centurion and Healer","floor":31,"turns":5},{"damage":39,"enemies":"Automaton","floor":33,"turns":7},{"damage":6,"enemies":"3 Shapes","floor":35,"turns":3},{"damage":5,"enemies":"Orb Walker","floor":36,"turns":2},{"damage":2,"enemies":"Spire Growth","floor":41,"turns":4},{"damage":23,"enemies":"Giant Head","floor":42,"turns":6},{"damage":15,"enemies":"Writhing Mass","floor":44,"turns":4},{"damage":3,"enemies":"Maw","floor":45,"turns":5},{"damage":93,"enemies":"Awakened One","floor":50,"turns":9}],"seed_played":"-8102038414722965392","potions_obtained":[{"floor":0.0,"key":"Block Potion"},{"floor":0.0,"key":"GhostInAJar"},{"floor":0.0,"key":"BlessingOfTheForge"},{"floor":12.0,"key":"FearPotion"},{"floor":13.0,"key":"ColorlessPotion"},{"floor":24.0,"key":"Ancient Potion"},{"floor":27.0,"key":"Weak Potion"},{"floor":30,"key":"Poison Potion"},{"floor":45,"key":"ColorlessPotion"}],"is_trial":false,"path_per_floor":["M","M","?","?","$","E","M","R","T","R","M","M","M","M","R","B",null,"M","?","M","M","?","R","M","M","T","E","R","?","E","M","R","B",null,"M","M","$","?","?","R","M","E","T","M","M","R","?","?","R","B",null],"character_chosen":"THE_SILENT","items_purchased":["Backflip"],"campfire_rested":2,"item_purchase_floors":[5],"current_hp_per_floor":[70,68,73,73,73,58,59,59,59,59,60,54,55,56,56,31,82,70,54,52,43,43,43,35,36,36,22,22,22,47,46,46,8,95,92,90,90,90,90,101,102,80,80,72,72,106,106,106,106,13],"gold":0,"neow_bonus":"THREE_SMALL_POTIONS","is_daily":false,"chose_seed":false,"campfire_upgraded":6,"win_rate":0.0,"timestamp":1609955059,"path_taken":["M","M","?","?","$","E","M","R","T","R","?","M","M","M","R","BOSS","M","?","M","M","?","R","?","M","T","E","R","?","E","M","R","BOSS","M","M","$","?","?","R","M","E","T","M","?","R","?","?","R","BOSS"],"items_purchased_type":["Card"],"build_version":"2020-12-22","purchased_purges":1,"victory":true,"max_hp_per_floor":[70,70,75,75,75,76,77,77,77,77,78,79,80,81,81,82,82,83,83,84,85,85,85,86,87,87,88,88,88,91,94,94,95,95,98,101,101,101,101,101,104,105,105,112,115,115,115,115,115,116],"relic_stats":{"Darkstone Periapt":6,"Lizard Tail":44,"Mark of the Bloom":1,"FaceOfCleric":23,"Singing Bowl":12,"counters":[25,107],"Letter Opener":[219],"Question Card":2,"obtain_stats":[{"Darkstone Periapt":42,"Mark of the Bloom":48,"Singing Bowl":26,"Nilry\u0027s Codex":19,"Letter Opener":9,"Frozen Egg 2":30,"Question Card":43,"Mercury Hourglass":6,"Runic Dome":17,"Lizard Tail":27,"FaceOfCleric":4,"Fusion Hammer":34,"Red Mask":47,"Ring of the Snake":0},{"Darkstone Periapt":22,"Mark of the Bloom":24,"Singing Bowl":14,"Nilry\u0027s Codex":10,"Letter Opener":4,"Frozen Egg 2":16,"Question Card":22,"Mercury Hourglass":3,"Runic Dome":9,"Lizard Tail":15,"FaceOfCleric":2,"Fusion Hammer":18,"Red Mask":24,"Ring of the Snake":0},{"Darkstone Periapt":89,"Mark of the Bloom":98,"Singing Bowl":54,"Nilry\u0027s Codex":41,"Letter Opener":20,"Frozen Egg 2":62,"Question Card":89,"Mercury Hourglass":17,"Runic Dome":36,"Lizard Tail":58,"FaceOfCleric":12,"Fusion Hammer":74,"Red Mask":98,"Ring of the Snake":0}],"Ring of the Snake":[50],"Mercury Hourglass":[390]},"card_choices":[{"not_picked":["Sucker Punch","Bane"],"picked":"Corpse Explosion","floor":1.0},{"not_picked":["Eviscerate","Cloak And Dagger"],"picked":"Backstab","floor":2.0},{"not_picked":["Reflex","Outmaneuver"],"picked":"Crippling Poison","floor":6.0},{"not_picked":["Dagger Spray","Calculated Gamble"],"picked":"Quick Slash","floor":7.0},{"not_picked":["Flying Knee","Dagger Throw"],"picked":"Well Laid Plans","floor":11.0},{"not_picked":["Blade Dance","Expertise","Reflex"],"picked":"SKIP","floor":12.0},{"not_picked":["Dodge and Roll","Prepared","Footwork"],"picked":"SKIP","floor":13.0},{"not_picked":["Bane","Dagger Spray"],"picked":"Deadly Poison","floor":14.0},{"not_picked":["Phantasmal Killer","Venomology"],"picked":"Die Die Die","floor":16.0},{"not_picked":["Sucker Punch","Slice"],"picked":"Leg Sweep","floor":18.0},{"not_picked":["Tactician","Deflect"],"picked":"Footwork","floor":20.0},{"not_picked":["Venomology","Bane","Dagger Spray"],"picked":"SKIP","floor":21.0},{"not_picked":["Underhanded Strike","Tactician"],"picked":"Deadly Poison","floor":24.0},{"not_picked":["Sucker Punch","Flying Knee","Prepared+1"],"picked":"SKIP","floor":25.0},{"not_picked":["Escape Plan","Tactician"],"picked":"Catalyst+1","floor":27.0},{"not_picked":["Unload","Cloak And Dagger","Underhanded Strike"],"picked":"Singing Bowl","floor":30},{"not_picked":["Footwork+1","Bane","Caltrops+1"],"picked":"Singing Bowl","floor":31},{"not_picked":["Storm of Steel","Unload"],"picked":"Adrenaline","floor":33},{"not_picked":["Outmaneuver+1","Dagger Spray","PiercingWail"],"picked":"Singing Bowl","floor":35},{"not_picked":["Predator","Cloak And Dagger","Accuracy+1"],"picked":"Singing Bowl","floor":36},{"not_picked":["Flash of Steel","Impatience"],"picked":"Mayhem+1","floor":38},{"not_picked":["Choke","Poisoned Stab","Acrobatics"],"picked":"Singing Bowl","floor":41},{"not_picked":["All Out Attack","Dodge and Roll+1"],"picked":"Noxious Fumes+1","floor":42},{"not_picked":["Outmaneuver+1","Dodge and Roll+1","Poisoned Stab+1"],"picked":"Bouncing Flask+1","floor":44},{"not_picked":["Riddle With Holes","Endless Agony","Cloak And Dagger","PiercingWail+1"],"picked":"Singing Bowl","floor":45}],"player_experience":155588,"relics_obtained":[{"floor":6.0,"key":"Mercury Hourglass"},{"floor":9.0,"key":"Letter Opener"},{"floor":19.0,"key":"Nilry\u0027s Codex"},{"floor":26.0,"key":"Singing Bowl"},{"floor":27.0,"key":"Lizard Tail"},{"floor":30,"key":"Frozen Egg 2"},{"floor":42,"key":"Darkstone Periapt"},{"floor":43,"key":"Question Card"}],"event_choices":[{"damage_healed":0.0,"max_hp_gain":5.0,"max_hp_loss":0.0,"gold_gain":0.0,"event_name":"Big Fish","player_choice":"Donut","floor":3.0,"gold_loss":0.0,"damage_taken":0.0},{"damage_healed":0.0,"max_hp_gain":0.0,"max_hp_loss":0.0,"gold_gain":0.0,"event_name":"FaceTrader","player_choice":"Trade","floor":4.0,"gold_loss":0.0,"damage_taken":0.0,"relics_obtained":["FaceOfCleric"]},{"damage_healed":0.0,"max_hp_gain":0.0,"max_hp_loss":0.0,"gold_gain":0.0,"event_name":"Cursed Tome","player_choice":"Obtained Book","floor":19.0,"gold_loss":0.0,"damage_taken":16.0},{"damage_healed":0.0,"max_hp_gain":0.0,"max_hp_loss":0.0,"gold_gain":0.0,"cards_transformed":["Strike_G"],"event_name":"Transmorgrifier","player_choice":"Transformed","floor":22.0,"gold_loss":0.0,"damage_taken":0.0,"cards_obtained":["Predator"]},{"damage_healed":0.0,"max_hp_gain":0.0,"max_hp_loss":0.0,"gold_gain":0.0,"event_name":"Upgrade Shrine","player_choice":"Upgraded","floor":29.0,"gold_loss":0.0,"damage_taken":0.0,"cards_upgraded":["Leg Sweep"]},{"damage_healed":0,"gold_gain":0,"player_choice":"Memory 1","damage_taken":0,"max_hp_gain":0,"max_hp_loss":0,"event_name":"SensoryStone","floor":38,"gold_loss":0},{"cards_removed":["Strike_G"],"damage_healed":0,"gold_gain":0,"player_choice":"Removed Attack","damage_taken":0,"max_hp_gain":0,"max_hp_loss":0,"event_name":"Falling","floor":39,"gold_loss":0},{"damage_healed":0,"gold_gain":0,"player_choice":"Paid","damage_taken":0,"relics_obtained":["Red Mask"],"max_hp_gain":0,"max_hp_loss":0,"event_name":"Tomb of Lord Red Mask","floor":47,"gold_loss":561},{"damage_healed":0,"gold_gain":0,"player_choice":"Upgrade","damage_taken":0,"relics_obtained":["Mark of the Bloom"],"max_hp_gain":0,"max_hp_loss":0,"event_name":"MindBloom","floor":48,"gold_loss":0,"cards_upgraded":["Strike_G","Strike_G","Strike_G","Defend_G","Defend_G","Defend_G","Defend_G","Survivor","Backstab","Backflip","Quick Slash","Die Die Die","Predator","Deadly Poison","Adrenaline"]}],"is_beta":false,"boss_relics":[{"not_picked":["HoveringKite","WristBlade"],"picked":"Runic Dome"},{"not_picked":["Velvet Choker","Snecko Eye"],"picked":"Fusion Hammer"}],"items_purged_floors":[5],"is_endless":false,"potions_floor_spawned":[12,13,14,20,24,27,30,33,35,41,45],"ascension_level":1}}