{"host":"qmufev141yub3yf0","time":1609948954,"event":{"mods":["BaseMod","Minty Spire (QoL Compilation)","Quick Restart","StSLib","SuperFastMode"],"gold_per_floor":[115,290,309,309,309,309,334,14,14,32,32,32,42,69,69,69,69],"floor_reached":16,"playtime":291,"items_purged":[],"score":153,"play_id":"e109523c-2e56-43c7-9547-2a2809ec62e4","local_time":"20210107000234","is_ascension_mode":true,"campfire_choices":[{"data":"Defend_R","floor":6.0,"key":"SMITH"},{"floor":15,"key":"REST"}],"circlet_count":0,"master_deck":["Strike_R","Strike_R+1","Strike_R+1","Strike_R","Strike_R","Defend_R+1","Defend_R","Defend_R","Defend_R","Bash","Doubt","Cleave","Fire Breathing+1","Entrench"],"relics":["Burning Blood","NeowsBlessing","Matryoshka","Vajra","Frozen Egg 2","Darkstone Periapt","Boot","Nunchaku","Blue Candle"],"acts_visited":["Exordium"],"potions_floor_usage":[14],"damage_taken":[{"damage":0.0,"enemies":"Jaw Worm","floor":1.0,"turns":1.0},{"damage":0.0,"enemies":"Small Slimes","floor":3.0,"turns":1.0},{"damage":0.0,"enemies":"3 Sentries","floor":7.0,"turns":2.0},{"damage":0,"enemies":"2 Louse","floor":10,"turns":4},{"damage":9,"enemies":"Looter","floor":13,"turns":4},{"damage":54,"enemies":"Lagavulin","floor":14,"turns":7},{"damage":33,"enemies":"The Guardian","floor":16,"turns":2}],"seed_played":"5688855180045544559","potions_obtained":[{"floor":13,"key":"ColorlessPotion"},{"floor":14,"key":"SteroidPotion"}],"is_trial":false,"path_per_floor":["M","?","M","T","?","R","E","$","T","M","?","$","M","E","R","B"],"character_chosen":"IRONCLAD","items_purchased":["Frozen Egg 2","Fire Breathing+1"],"campfire_rested":1,"item_purchase_floors":[8,8],"current_hp_per_floor":[80,80,80,80,64,64,70,70,70,76,58,58,55,7,31,0,0],"gold":69,"neow_bonus":"THREE_ENEMY_KILL","is_daily":false,"chose_seed":false,"campfire_upgraded":1,"win_rate":0.0,"timestamp":1609948954,"path_taken":["M","?","M","?","?","R","E","$","T","M","?","?","M","E","R","BOSS"],"items_purchased_type":["Relic","Card"],"build_version":"2020-12-22","purchased_purges":0,"victory":false,"max_hp_per_floor":[80,80,80,80,80,80,80,80,80,80,80,80,80,80,80,80,80],"card_choices":[{"not_picked":["Clash","Iron Wave","Intimidate"],"picked":"SKIP","floor":1.0},{"not_picked":["Rupture","Flex","Wild Strike"],"picked":"SKIP","floor":3.0},{"not_picked":["Twin Strike","Rampage"],"picked":"Cleave","floor":7.0},{"not_picked":["Burning Pact","Seeing Red","Ghostly Armor"],"picked":"SKIP","floor":10},{"not_picked":["Perfected Strike","Inflame+1"],"picked":"Entrench","floor":13},{"not_picked":["Headbutt","Cleave","Thunderclap"],"picked":"SKIP","floor":14}],"player_experience":240703,"relics_obtained":[{"floor":4.0,"key":"Matryoshka"},{"floor":7.0,"key":"Vajra"},{"floor":9,"key":"Darkstone Periapt"},{"floor":9,"key":"Boot"},{"floor":14,"key":"Blue Candle"}],"event_choices":[{"damage_healed":0.0,"max_hp_gain":0.0,"max_hp_loss":0.0,"gold_gain":175.0,"event_name":"Liars Game","player_choice":"AGREE","floor":2.0,"gold_loss":0.0,"damage_taken":0.0,"cards_obtained":["Doubt"]},{"damage_healed":0.0,"max_hp_gain":0.0,"max_hp_loss":0.0,"gold_gain":0.0,"event_name":"Shining Light","player_choice":"Entered Light","floor":5.0,"gold_loss":0.0,"damage_taken":16.0,"cards_upgraded":["Strike_R","Strike_R"]},{"damage_healed":0,"gold_gain":0,"player_choice":"Success","damage_taken":18,"relics_obtained":["Nunchaku"],"max_hp_gain":0,"max_hp_loss":0,"event_name":"Scrap Ooze","floor":11,"gold_loss":0}],"is_beta":false,"boss_relics":[],"items_purged_floors":[],"is_endless":false,"potions_floor_spawned":[13,14],"killed_by":"The Guardian","ascension_level":3}}