{"host":"qojc688juf5ijsln","time":1609930256,"event":{"mods":["AchievementEnabler","BaseMod","BetterRewards","Colored Powertips","Highlight Path","Minty Spire (QoL Compilation)","Quick Restart","Shop Mod","StSLib"],"gold_per_floor":[114,114,114,114,114,114,158,183,209,209,222,256,277,300,300,430,430,449,472,472,472],"floor_reached":20,"playtime":862,"items_purged":[],"score":248,"play_id":"b7af8040-721c-48f3-82b7-3573d0708e80","local_time":"20210106185056","is_ascension_mode":true,"campfire_choices":[{"data":"Defend_R","floor":6,"key":"PURGE"},{"floor":10,"key":"REST"},{"floor":15,"key":"REST"}],"circlet_count":0,"master_deck":["Strike_R","Strike_R","Strike_R","Strike_R","Strike_R","Defend_R","Bash","Whirlwind","Intimidate","Shrug It Off","Rage","Seeing Red","Seeing Red","Feed"],"relics":["Burning Blood","Peace Pipe","MerchantsRug","Golden Idol","Champion Belt","Pen Nib","StoneCalendar","Sozu"],"acts_visited":["Exordium","TheCity"],"potions_floor_usage":[16,16],"damage_taken":[{"damage":8,"enemies":"Small Slimes","floor":1,"turns":3},{"damage":60,"enemies":"Lagavulin","floor":7,"turns":7},{"damage":6,"enemies":"2 Louse","floor":8,"turns":3},{"damage":4,"enemies":"Jaw Worm","floor":11,"turns":4},{"damage":20,"enemies":"3 Sentries","floor":12,"turns":4},{"damage":6,"enemies":"Exordium Thugs","floor":13,"turns":4},{"damage":9,"enemies":"3 Louse","floor":14,"turns":4},{"damage":31,"enemies":"Hexaghost","floor":16,"turns":9},{"damage":19,"enemies":"3 Byrds","floor":18,"turns":4},{"damage":24,"enemies":"Spheric Guardian","floor":19,"turns":4},{"damage":39,"enemies":"Masked Bandits","floor":20,"turns":3}],"seed_played":"-8473648663743186493","potions_obtained":[{"floor":7,"key":"Energy Potion"},{"floor":8,"key":"ElixirPotion"},{"floor":13,"key":"SkillPotion"}],"is_trial":false,"path_per_floor":["M","?","?","$","?","R","E","M","T","R","M","E","M","M","R","B",null,"M","M","?"],"character_chosen":"IRONCLAD","items_purchased":["Whirlwind","Peace Pipe","MerchantsRug"],"campfire_rested":2,"item_purchase_floors":[0,0,0],"current_hp_per_floor":[70,63,63,63,63,63,9,9,9,31,33,19,19,16,38,13,59,46,28,0,0],"gold":472,"neow_bonus":"","is_daily":false,"chose_seed":false,"campfire_upgraded":0,"win_rate":0.0,"timestamp":1609930256,"path_taken":["M","?","?","$","?","R","E","M","T","R","M","E","M","?","R","BOSS","M","M","?"],"items_purchased_type":["Card","Relic","Relic"],"build_version":"2020-12-22","purchased_purges":0,"victory":false,"max_hp_per_floor":[80,80,74,74,74,74,74,74,74,74,74,74,74,74,74,74,74,74,74,74,74],"card_choices":[{"not_picked":["Sword Boomerang","Heavy Blade","Carnage"],"picked":"SKIP","floor":1},{"not_picked":["Twin Strike","Bloodletting"],"picked":"Rage","floor":7},{"not_picked":["Uppercut","Clothesline","Entrench"],"picked":"SKIP","floor":8},{"not_picked":["Twin Strike","Headbutt","Carnage"],"picked":"SKIP","floor":11},{"not_picked":["Anger","Juggernaut"],"picked":"Seeing Red","floor":12},{"not_picked":["Twin Strike","Perfected Strike","Warcry"],"picked":"SKIP","floor":13},{"not_picked":["Twin Strike","Warcry"],"picked":"Seeing Red","floor":14},{"not_picked":["Bludgeon","Immolate"],"picked":"Feed","floor":16},{"not_picked":["Sword Boomerang","True Grit+1","Havoc"],"picked":"SKIP","floor":18},{"not_picked":["Sentinel","Dropkick+1","Armaments"],"picked":"SKIP","floor":19}],"player_experience":62124,"relics_obtained":[{"floor":7,"key":"Champion Belt"},{"floor":9,"key":"Pen Nib"},{"floor":12,"key":"StoneCalendar"}],"event_choices":[{"cards_removed":["Defend_R"],"damage_healed":0,"gold_gain":0,"player_choice":"Card Removal","damage_taken":7,"max_hp_gain":0,"max_hp_loss":0,"event_name":"Golden Wing","floor":2,"gold_loss":0},{"damage_healed":0,"gold_gain":0,"player_choice":"Lose Max HP","damage_taken":0,"relics_obtained":["Golden Idol"],"max_hp_gain":0,"max_hp_loss":6,"event_name":"Golden Idol","floor":3,"gold_loss":0},{"cards_removed":["Defend_R"],"damage_healed":0,"gold_gain":0,"player_choice":"Forget","damage_taken":0,"max_hp_gain":0,"max_hp_loss":0,"event_name":"Living Wall","floor":5,"gold_loss":0},{"damage_healed":0,"gold_gain":0,"player_choice":"Fought Bandits","damage_taken":0,"max_hp_gain":0,"max_hp_loss":0,"event_name":"Masked Bandits","floor":20,"gold_loss":0}],"is_beta":false,"boss_relics":[{"not_picked":["Runic Dome","Calling Bell"],"picked":"Sozu"}],"items_purged_floors":[],"is_endless":false,"potions_floor_spawned":[7,8,13,19],"killed_by":"Masked Bandits","ascension_level":7}}