{"host":"newqdrzxfhh2im9e","time":1609916741,"event":{"mods":["AchievementEnabler","BaseMod","BetterRewards","Block Reminder","Colored Map","Jorbs\u0027s Wanderer Trilogy","Minty Spire (QoL Compilation)","Rare Cards Sparkle","Shop Mod","StSLib"],"gold_per_floor":[115,128,40,140,16,16,31,31,55,55,55,83,147,222,222,327,327,345,361,361,373,384,384,413,413,413,413,431,431,431],"floor_reached":29,"playtime":964,"items_purged":[],"score":241,"play_id":"457ce4cb-49d7-45c4-94ce-8d4139ea1dcf","local_time":"20210105230541","is_ascension_mode":false,"campfire_choices":[{"data":"MentalFortress","floor":6,"key":"SMITH"},{"data":"Worship","floor":8,"key":"SMITH"},{"data":"Study","floor":10,"key":"SMITH"},{"floor":15,"key":"REST"},{"floor":23,"key":"REST"},{"floor":25,"key":"REST"},{"floor":27,"key":"REST"}],"circlet_count":0,"master_deck":["Strike_P","Strike_P","Strike_P","Strike_P","Defend_P","Defend_P","Defend_P","Defend_P","Eruption","Vigilance","MentalFortress+1","SandsOfTime","Study+1","Worship+1","Conclude","Ragnarok","WheelKick","Wallop","TalkToTheHand"],"relics":["PureWater","NeowsBlessing","Juzu Bracelet","Sundial","Bronze Scales","SlaversCollar","Letter Opener","Singing Bowl"],"acts_visited":["Exordium","TheCity"],"potions_floor_usage":[12,12,12,16,19,22,29],"damage_taken":[{"damage":0,"enemies":"Small Slimes","floor":1,"turns":1},{"damage":0,"enemies":"Cultist","floor":2,"turns":1},{"damage":0,"enemies":"2 Louse","floor":7,"turns":2},{"damage":22,"enemies":"3 Sentries","floor":12,"turns":7},{"damage":52,"enemies":"Hexaghost","floor":16,"turns":8},{"damage":47,"enemies":"Shell Parasite","floor":18,"turns":6},{"damage":4,"enemies":"3 Byrds","floor":19,"turns":4},{"damage":37,"enemies":"Snake Plant","floor":21,"turns":3},{"damage":14,"enemies":"Centurion and Healer","floor":22,"turns":3},{"damage":40,"enemies":"Gremlin Leader","floor":24,"turns":5},{"damage":39,"enemies":"Shelled Parasite and Fungi","floor":28,"turns":7},{"damage":8,"enemies":"Masked Bandits","floor":29,"turns":2}],"seed_played":"-6108007944212294559","potions_obtained":[{"floor":2,"key":"Swift Potion"},{"floor":12,"key":"Regen Potion"},{"floor":18,"key":"LiquidMemories"},{"floor":21,"key":"Ambrosia"},{"floor":28,"key":"SpeedPotion"}],"is_trial":false,"path_per_floor":["M","M","$","?","$","R","M","R","T","R","?","E","?","?","R","B",null,"M","M","?","M","M","R","E","R","T","R","M","?"],"character_chosen":"WATCHER","items_purchased":["SandsOfTime","Explosive Potion","Study","Block Potion"],"campfire_rested":4,"item_purchase_floors":[3,3,5,5],"current_hp_per_floor":[72,72,72,72,72,72,72,72,72,72,60,38,38,27,48,11,72,25,21,72,35,21,42,2,23,23,44,7,0,0],"gold":431,"neow_bonus":"THREE_ENEMY_KILL","is_daily":false,"chose_seed":false,"campfire_upgraded":3,"win_rate":0.0,"timestamp":1609916741,"path_taken":["M","M","$","?","$","R","?","R","T","R","?","E","?","?","R","BOSS","M","M","?","M","M","R","E","R","T","R","M","?"],"items_purchased_type":["Card","Potion","Card","Potion"],"build_version":"2020-12-22","purchased_purges":0,"victory":false,"max_hp_per_floor":[72,72,72,72,72,72,72,72,72,72,72,72,72,72,72,72,72,72,72,72,72,72,72,72,72,72,72,74,74,74],"card_choices":[{"not_picked":["CrushJoints","Pray"],"picked":"MentalFortress","floor":1},{"not_picked":["BowlingBash","ClearTheMind","FlurryOfBlows"],"picked":"SKIP","floor":2},{"not_picked":["SashWhip","FlyingSleeves"],"picked":"Worship","floor":7},{"not_picked":["Nirvana","Swivel"],"picked":"Conclude","floor":12},{"not_picked":["Establishment","DeusExMachina"],"picked":"Ragnarok","floor":16},{"not_picked":["FollowUp","Meditate"],"picked":"WaveOfTheHand","floor":18},{"not_picked":["FlyingSleeves","EmptyFist+1"],"picked":"WheelKick","floor":19},{"not_picked":["FollowUp","CrushJoints","SashWhip"],"picked":"SKIP","floor":21},{"not_picked":["CutThroughFate","Halt"],"picked":"Wallop","floor":22},{"not_picked":["BowlingBash+1","Sanctity"],"picked":"TalkToTheHand","floor":24},{"not_picked":["Halt","Crescendo","BowlingBash"],"picked":"Singing Bowl","floor":28}],"player_experience":697115,"relics_obtained":[{"floor":9,"key":"Juzu Bracelet"},{"floor":12,"key":"Bronze Scales"},{"floor":24,"key":"Letter Opener"},{"floor":26,"key":"Singing Bowl"}],"event_choices":[{"damage_healed":0,"gold_gain":100,"player_choice":"Pray","damage_taken":0,"max_hp_gain":0,"max_hp_loss":0,"event_name":"Golden Shrine","floor":4,"gold_loss":0},{"damage_healed":0,"gold_gain":0,"player_choice":"Success","damage_taken":12,"relics_obtained":["Sundial"],"max_hp_gain":0,"max_hp_loss":0,"event_name":"Scrap Ooze","floor":11,"gold_loss":0},{"damage_healed":0,"gold_gain":64,"player_choice":"Gained Gold","damage_taken":0,"max_hp_gain":0,"max_hp_loss":0,"event_name":"Golden Wing","floor":13,"gold_loss":0},{"damage_healed":0,"gold_gain":75,"player_choice":"Gather Gold","damage_taken":11,"max_hp_gain":0,"max_hp_loss":0,"event_name":"World of Goop","floor":14,"gold_loss":0},{"cards_removed":["WaveOfTheHand"],"damage_healed":51,"gold_gain":0,"player_choice":"Offered Uncommon","damage_taken":0,"max_hp_gain":0,"max_hp_loss":0,"event_name":"Bonfire Elementals","floor":20,"gold_loss":0},{"damage_healed":0,"gold_gain":0,"player_choice":"Fought Bandits","damage_taken":0,"max_hp_gain":0,"max_hp_loss":0,"event_name":"Masked Bandits","floor":29,"gold_loss":0}],"is_beta":false,"boss_relics":[{"not_picked":["Runic Pyramid","Pandora\u0027s Box"],"picked":"SlaversCollar"}],"items_purged_floors":[],"is_endless":false,"potions_floor_spawned":[2,12,18,21,28],"killed_by":"Masked Bandits","ascension_level":0}}