{"host":"j4g6ia6asvpyu2b0","time":1609893864,"event":{"mods":["BaseMod","Colored Map","Minty Spire (QoL Compilation)","Permanent Neow","Quick Restart","Relic Stats","StSLib","Unceasing Turn Reminder"],"gold_per_floor":[13,28,43,58,58,58,88,88,133,133,143,143,184,184,184,184,184],"floor_reached":16,"playtime":265,"items_purged":[],"score":143,"play_id":"23dbd596-3167-4a6f-80b8-c8ca3752daab","local_time":"20210105174424","is_ascension_mode":true,"campfire_choices":[{"data":"Searing Blow","floor":6.0,"key":"SMITH"},{"data":"Searing Blow+1","floor":8.0,"key":"SMITH"},{"data":"Searing Blow+2","floor":15.0,"key":"SMITH"}],"circlet_count":0,"master_deck":["Strike_R","Strike_R","Strike_R","Strike_R","Strike_R","Defend_R","Defend_R","Defend_R","Defend_R","Bash","Searing Blow+3","Seeing Red","Whirlwind","Impervious","Shrug It Off","Armaments"],"relics":["Burning Blood","Turnip","Bottled Flame","Bag of Marbles","Golden Idol","PreservedInsect","Omamori"],"acts_visited":["Exordium"],"potions_floor_usage":[],"damage_taken":[{"damage":4.0,"enemies":"2 Louse","floor":1.0,"turns":4.0},{"damage":11.0,"enemies":"Jaw Worm","floor":2.0,"turns":4.0},{"damage":6.0,"enemies":"Cultist","floor":3.0,"turns":3.0},{"damage":17.0,"enemies":"Looter","floor":4.0,"turns":3.0},{"damage":5.0,"enemies":"3 Sentries","floor":7.0,"turns":6.0},{"damage":0.0,"enemies":"Exordium Wildlife","floor":11.0,"turns":1.0},{"damage":35.0,"enemies":"Lagavulin","floor":13.0,"turns":6.0},{"damage":0,"enemies":"The Guardian","floor":16,"turns":1}],"seed_played":"-2363585118939261725","potions_obtained":[{"floor":2.0,"key":"Energy Potion"},{"floor":3.0,"key":"Explosive Potion"},{"floor":7.0,"key":"BlessingOfTheForge"},{"floor":10.0,"key":"Fire Potion"},{"floor":10.0,"key":"LiquidBronze"}],"is_trial":false,"path_per_floor":["M","M","M","M","?","R","E","R","T","?","M","?","E","T","R","B"],"character_chosen":"IRONCLAD","items_purchased":[],"campfire_rested":0,"item_purchase_floors":[],"current_hp_per_floor":[74,69,69,58,63,63,64,64,64,64,70,49,20,20,20,20,20],"gold":184,"neow_bonus":"ONE_RARE_RELIC","is_daily":false,"chose_seed":false,"campfire_upgraded":3,"win_rate":0.0,"timestamp":1609893864,"path_taken":["M","M","M","M","?","R","E","R","T","?","?","?","E","?","R","BOSS"],"items_purchased_type":[],"build_version":"2020-12-22","purchased_purges":0,"victory":false,"max_hp_per_floor":[80,80,80,80,85,85,85,85,85,85,85,85,85,85,85,85,85],"relic_stats":{"counters":[8,28],"Golden Idol":8,"Turnip":[0],"PreservedInsect":0,"obtain_stats":[{"Bottled Flame":7,"Golden Idol":12,"Turnip":0,"PreservedInsect":13,"Bag of Marbles":9,"Omamori":14,"Burning Blood":0},{"Bottled Flame":5,"Golden Idol":6,"Turnip":0,"PreservedInsect":7,"Bag of Marbles":5,"Omamori":7,"Burning Blood":0},{"Bottled Flame":20,"Golden Idol":21,"Turnip":0,"PreservedInsect":27,"Bag of Marbles":20,"Omamori":27,"Burning Blood":0}],"Burning Blood":42},"card_choices":[{"not_picked":["True Grit","Havoc"],"picked":"Searing Blow","floor":1.0},{"not_picked":["Body Slam","Dark Embrace"],"picked":"Seeing Red","floor":2.0},{"not_picked":["Combust","Iron Wave"],"picked":"Whirlwind","floor":3.0},{"not_picked":["True Grit","Whirlwind"],"picked":"Impervious","floor":4.0},{"not_picked":["Havoc","Clothesline"],"picked":"Shrug It Off","floor":7.0},{"not_picked":["Cleave","Iron Wave","Sword Boomerang"],"picked":"SKIP","floor":11.0},{"not_picked":["Flex","Brutality"],"picked":"Armaments","floor":13.0}],"player_experience":726296,"relics_obtained":[{"floor":7.0,"key":"Bottled Flame"},{"floor":9.0,"key":"Bag of Marbles"},{"floor":13.0,"key":"PreservedInsect"},{"floor":14.0,"key":"Omamori"}],"event_choices":[{"damage_healed":0.0,"max_hp_gain":5.0,"max_hp_loss":0.0,"gold_gain":0.0,"event_name":"Big Fish","player_choice":"Donut","floor":5.0,"gold_loss":0.0,"damage_taken":0.0},{"damage_healed":0.0,"max_hp_gain":0.0,"max_hp_loss":0.0,"gold_gain":0.0,"event_name":"Lab","player_choice":"Got Potions","floor":10.0,"gold_loss":0.0,"damage_taken":0.0},{"damage_healed":0.0,"max_hp_gain":0.0,"max_hp_loss":0.0,"gold_gain":0.0,"event_name":"Golden Idol","player_choice":"Take Damage","floor":12.0,"gold_loss":0.0,"damage_taken":21.0,"relics_obtained":["Golden Idol"]}],"is_beta":false,"boss_relics":[],"items_purged_floors":[],"is_endless":false,"potions_floor_spawned":[2,3,7],"killed_by":"The Guardian","ascension_level":6}}