{"host":"2pt9f5ojqg0apn28","time":1609920390,"event":{"mods":["AchievementEnabler","BaseMod","Better Altar","Better Match","Better Note","Better Sensory Stone","Better Skull","Better Third Choice","Colored Map","Colored Powertips","Hubris","Infinite Spire","Lobotomy","LobotomyExtend","Minty Spire (QoL Compilation)","Replay The Spire","StSLib"],"gold_per_floor":[112,112,122,122,141,141,141,141,141,141,173,448,458,458,458,458,458],"floor_reached":16,"playtime":780,"items_purged":[],"score":100,"play_id":"75e3a3dc-0ea3-4013-9a40-e3ec6fcb7476","local_time":"20210106130630","is_ascension_mode":false,"campfire_choices":[{"floor":15,"key":"REST"}],"circlet_count":0,"master_deck":["SpecialBullet","SpecialBullet","SpecialBullet","SpecialBullet","SpecialBullet","SpecialBullet","SpecialBullet","InformationCode","SecurityCode","ExtractionCode","Enlightenment","Murderer","WristCuter","RapturousDream","CUTE","Mimicry","Regret","Noise"],"relics":["CogitoBucket","hubris:BundleOfHerbs","LetterFromLob","infinitespire:Cubic Diamond","WingedGreaves","Bronze Scales","AdjustmentMirror","HornCleat"],"acts_visited":[],"potions_floor_usage":[16],"damage_taken":[{"damage":7,"enemies":"2 Louse","floor":1,"turns":2},{"damage":6,"enemies":"Cultist","floor":3,"turns":3},{"damage":22,"enemies":"Small Slimes","floor":4,"turns":3},{"damage":14,"enemies":"Exordium Thugs","floor":5,"turns":5},{"damage":37,"enemies":"Gremlin Nob","floor":11,"turns":4},{"damage":37,"enemies":"Exordium Wildlife","floor":13,"turns":4},{"damage":19,"enemies":"Slime Boss","floor":16,"turns":5}],"seed_played":"-5870568817281951391","potions_obtained":[{"floor":1,"key":"Adrenaline Potion"},{"floor":5,"key":"Strength Potion"},{"floor":11,"key":"Energy Potion"}],"is_trial":false,"path_per_floor":["M","?","M","M","M","R","?","R","T","R","E","?","M","T","R","B"],"character_chosen":"Angela","items_purchased":[],"campfire_rested":1,"item_purchase_floors":[],"current_hp_per_floor":[50,50,52,41,41,41,41,41,41,41,22,22,5,5,26,7,7],"gold":458,"neow_bonus":"ONE_RARE_RELIC","is_daily":false,"chose_seed":false,"campfire_upgraded":0,"win_rate":0.0,"timestamp":1609920390,"path_taken":["M","?","?","M","M","R","?","R","T","R","E","?","?","?","R","BOSS"],"items_purchased_type":[],"build_version":"2020-12-22","purchased_purges":0,"victory":false,"max_hp_per_floor":[70,70,70,70,70,70,70,70,70,70,70,70,70,70,70,70,70],"card_choices":[{"not_picked":["RapturousDream","FeatherOfHonor"],"picked":"SKIP","floor":1},{"not_picked":["Replay:BasicMightCard"],"picked":"Enlightenment","floor":2},{"not_picked":["FairyFestival","Wellcheers"],"picked":"Murderer","floor":3},{"not_picked":["FourthMatchFlame"],"picked":"WristCuter","floor":3},{"not_picked":["Hypocrisy","Regret_ego"],"picked":"SKIP","floor":3},{"not_picked":["FourthMatchFlame"],"picked":"RapturousDream","floor":4},{"not_picked":["FrostShard","WristCuter"],"picked":"SKIP","floor":4},{"not_picked":["GreenStem"],"picked":"CUTE","floor":5},{"not_picked":["CherryBlossom","GreenStem"],"picked":"SKIP","floor":5},{"not_picked":["UniverseFragment","OldLady"],"picked":"CENSORED","floor":11},{"not_picked":["Tough"],"picked":"Mimicry","floor":11},{"not_picked":["InTheNameOfLoveAndHate"],"picked":"Noise","floor":13},{"not_picked":["Noise","TodaysExpression"],"picked":"SKIP","floor":13}],"player_experience":67462,"relics_obtained":[{"floor":1,"key":"LetterFromLob"},{"floor":9,"key":"WingedGreaves"},{"floor":11,"key":"Bronze Scales"},{"floor":14,"key":"HornCleat"}],"event_choices":[{"damage_healed":0,"gold_gain":1,"player_choice":"1","damage_taken":0,"max_hp_gain":0,"max_hp_loss":0,"event_name":"betterStone:BetterStone","floor":2,"gold_loss":0},{"damage_healed":0,"gold_gain":275,"player_choice":"Desecrate","damage_taken":0,"max_hp_gain":0,"max_hp_loss":0,"event_name":"Golden Shrine","floor":12,"gold_loss":0,"cards_obtained":["Regret"]}],"is_beta":false,"boss_relics":[],"items_purged_floors":[],"is_endless":false,"potions_floor_spawned":[1,5,11],"killed_by":"Slime Boss","ascension_level":0}}