{"host":"usrgk25etjl0nf5i","time":1609904371,"event":{"mods":["2.2 Compatiblity","BaseMod","Downfall","Hubris","Minty Spire (QoL Compilation)","StSLib","SuperFastMode"],"gold_per_floor":[99,110,110,110,122,72,98,129,149,249,314,343,361,411,424,424,424,424],"floor_reached":16,"playtime":575,"items_purged":[],"score":157,"play_id":"972a1661-1c6c-4ab2-8f6b-b75d68e207af","local_time":"20210105193931","is_ascension_mode":true,"campfire_choices":[{"data":"Slimebound:Split","floor":1,"key":"SMITH"},{"floor":6,"key":"RECALL"}],"circlet_count":0,"master_deck":["Slimebound:Strike_Slimebound","Slimebound:Strike_Slimebound","Slimebound:Tackle","Slimebound:Defend_Slimebound","Slimebound:Defend_Slimebound","Slimebound:Defend_Slimebound","Slimebound:Defend_Slimebound","Slimebound:Split+1","Slimebound:CorrosiveSpit","Slimebound:PressTheAttack","Slimebound:LevelUp","Slimebound:LevelUp","Slimebound:ServeAndProtect","Slimebound:SlimeSpikes","Slimebound:LevelUp","Regret"],"relics":["Slimebound:AbsorbEndCombat","Slimebound:GreedOozeRelic","Eternal Feather","downfall:CloakOfManyFaces","CultistMask","FaceOfCleric","NlothsMask","GremlinMask","SsserpentHead","Dream Catcher","hexamod:BolsterEngine"],"acts_visited":["Exordium"],"potions_floor_usage":[10,10,12,16],"damage_taken":[{"damage":9,"enemies":"Cultist","floor":2,"turns":3},{"damage":8,"enemies":"2 Louse","floor":5,"turns":2},{"damage":34,"enemies":"Gremlin Nob","floor":8,"turns":4},{"damage":0,"enemies":"Small Slimes","floor":9,"turns":3},{"damage":24,"enemies":"downfall:FaceTrader","floor":10,"turns":5},{"damage":13,"enemies":"Exordium Thugs","floor":11,"turns":4},{"damage":27,"enemies":"3 Sentries","floor":12,"turns":5},{"damage":9,"enemies":"3 Louse","floor":13,"turns":4},{"damage":10,"enemies":"Blue Slaver","floor":15,"turns":3},{"damage":48,"enemies":"downfall:Ironclad","floor":16,"turns":7}],"seed_played":"6138163238379431528","potions_obtained":[{"floor":2,"key":"Regen Potion"},{"floor":8,"key":"AttackPotion"},{"floor":10,"key":"Slimebound:SlimedPotion"},{"floor":12,"key":"Guardian:BlockOnCardUsePotion"}],"is_trial":false,"path_per_floor":["R","M","?","?","M","R","T","E","M","?","M","E","M","?","M","B"],"character_chosen":"SLIMEBOUND","items_purchased":[],"campfire_rested":0,"item_purchase_floors":[],"current_hp_per_floor":[60,65,65,65,66,66,66,44,46,50,50,36,38,38,39,0,0,0],"gold":424,"neow_bonus":"TEN_PERCENT_HP_BONUS","is_daily":false,"chose_seed":false,"campfire_upgraded":1,"win_rate":0.0,"timestamp":1609904371,"path_taken":["R","M","?","?","M","R","T","E","M","?","?","E","M","?","M","BOSS"],"items_purchased_type":[],"build_version":"2020-12-22","purchased_purges":0,"victory":false,"max_hp_per_floor":[66,66,66,66,66,66,66,66,66,66,67,68,69,69,70,70,70,70],"card_choices":[{"not_picked":["Slimebound:Dissolve","Slimebound:RainOfGoop"],"picked":"Slimebound:PressTheAttack","floor":2},{"not_picked":["Slimebound:DivideAndConquer","Slimebound:SlimeBarrage"],"picked":"Slimebound:LevelUp","floor":5},{"not_picked":["Slimebound:PressTheAttack","Slimebound:GrowthPunch"],"picked":"Slimebound:LevelUp","floor":8},{"not_picked":["Slimebound:DivideAndConquer","Slimebound:ViciousTackle"],"picked":"Slimebound:ServeAndProtect","floor":9},{"not_picked":["Slimebound:SplitLeeching","Slimebound:FirmFortitude"],"picked":"Slimebound:SlimeSpikes","floor":10},{"not_picked":["Slimebound:SplitMire","Slimebound:ServeAndProtect","Slimebound:GrowthPunch"],"picked":"SKIP","floor":11},{"not_picked":["Slimebound:FlameTackle","Slimebound:SplitMire","Slimebound:SplitBruiser"],"picked":"SKIP","floor":12},{"not_picked":["Slimebound:ItLooksTasty","Slimebound:LeechEnergy"],"picked":"Slimebound:LevelUp","floor":13},{"not_picked":["Slimebound:LeechingTouch","Slimebound:ComboTackle","Slimebound:ViciousTackle"],"picked":"SKIP","floor":15}],"player_experience":631512,"relics_obtained":[{"floor":8,"key":"Eternal Feather"},{"floor":10,"key":"downfall:CloakOfManyFaces"},{"floor":12,"key":"Dream Catcher"}],"event_choices":[{"damage_healed":0,"gold_gain":0,"player_choice":"Box","damage_taken":0,"relics_obtained":["hexamod:BolsterEngine"],"max_hp_gain":0,"max_hp_loss":0,"event_name":"Big Fish","floor":14,"gold_loss":0,"cards_obtained":["Regret"]}],"is_beta":false,"boss_relics":[],"items_purged_floors":[],"is_endless":false,"potions_floor_spawned":[2,8,10,12],"killed_by":"downfall:Ironclad","ascension_level":8}}