{"host":"5fasz840ryq7obdf","time":1609944065,"event":{"mods":["2.2 Compatiblity","AchievementEnabler","BaseMod","Bestiary","Better Altar","Better Skull","Better Third Choice","BetterRewards","Block Reminder","Colored Powertips","Curses Come First","Downfall","Minty Spire (QoL Compilation)","Quick Restart","Relic Sorter","Relic Stats","Shop Mod","Spicy Shops","StSLib","SuperFastMode","ojb\u0027s Better Paths Mod","ojb\u0027s Info Mod"],"gold_per_floor":[99,114,129,129,126,138,225,267,279,321,333,375,312,309,336,348,348],"floor_reached":16,"playtime":676,"items_purged":[],"score":166,"play_id":"9bf0f4a1-a10e-44c2-a7ad-9ab8d9f6e6a4","local_time":"20210106144105","daily_mods":["downfall:ChampStances","Flight","downfall:ExchangeController"],"is_ascension_mode":false,"campfire_choices":[{"data":"Bash","floor":1,"key":"SMITH"},{"data":"Inflame","floor":6,"key":"SMITH"},{"floor":9,"key":"RECALL"},{"data":"Armaments","floor":13,"key":"SMITH"}],"circlet_count":0,"master_deck":["Strike_R","Strike_R","Strike_R","Strike_R","Strike_R","Defend_R","Defend_R","Defend_R","Defend_R","Bash+1","Twin Strike","Inflame+1","Regret","Sword Boomerang","Corruption+1","Armaments+1","True Grit","Pummel"],"relics":["Burning Blood","champ:ChampStancesModRelic","downfall:NeowBlessing_Player","MawBank","Shuriken","Self Forming Clay","Oddly Smooth Stone","Pen Nib","downfall:HeartBlessingRed"],"acts_visited":["Exordium"],"potions_floor_usage":[],"damage_taken":[{"damage":25,"enemies":"Small Slimes","floor":2,"turns":4},{"damage":6,"enemies":"2 Louse","floor":3,"turns":3},{"damage":12,"enemies":"downfall:FleeingMerchant","floor":5,"turns":4},{"damage":59,"enemies":"Lagavulin","floor":8,"turns":9},{"damage":49,"enemies":"Gremlin Nob","floor":10,"turns":6},{"damage":62,"enemies":"3 Sentries","floor":12,"turns":10},{"damage":24,"enemies":"downfall:FleeingMerchant","floor":14,"turns":4},{"damage":7,"enemies":"Cultist","floor":15,"turns":4},{"damage":47,"enemies":"downfall:Silent","floor":16,"turns":8}],"seed_played":"-5218424555718163201","potions_obtained":[{"floor":3,"key":"LiquidMemories"},{"floor":8,"key":"BloodPotion"},{"floor":12,"key":"BloodPotion"}],"is_trial":false,"path_per_floor":["R","M","M","?","$","R","T","E","R","E","?","E","R","$","M","B"],"character_chosen":"IRONCLAD","items_purchased":[],"campfire_rested":0,"item_purchase_floors":[],"current_hp_per_floor":[180,179,179,179,173,173,173,120,120,77,77,54,54,48,47,0,0],"gold":348,"neow_bonus":"","is_daily":true,"chose_seed":false,"campfire_upgraded":3,"win_rate":0.0,"timestamp":1609944065,"path_taken":["R","M","M","?","$","R","T","E","R","E","?","E","R","$","M","BOSS"],"items_purchased_type":[],"build_version":"2020-12-22","purchased_purges":0,"victory":false,"max_hp_per_floor":[180,180,180,180,180,180,180,180,180,180,180,180,180,180,180,180,180],"relic_stats":{"counters":[9,52],"Shuriken":[0],"Self Forming Clay":[120],"Pen Nib":[1],"MawBank":144,"obtain_stats":[{"champ:ChampStancesModRelic":0,"downfall:NeowBlessing_Player":0,"downfall:HeartBlessingRed":13,"Shuriken":7,"Self Forming Clay":8,"Oddly Smooth Stone":10,"Pen Nib":12,"MawBank":4,"Burning Blood":0},{"champ:ChampStancesModRelic":0,"downfall:NeowBlessing_Player":0,"downfall:HeartBlessingRed":6,"Shuriken":3,"Self Forming Clay":4,"Oddly Smooth Stone":5,"Pen Nib":6,"MawBank":2,"Burning Blood":0},{"champ:ChampStancesModRelic":0,"downfall:NeowBlessing_Player":0,"downfall:HeartBlessingRed":36,"Shuriken":11,"Self Forming Clay":20,"Oddly Smooth Stone":26,"Pen Nib":36,"MawBank":7,"Burning Blood":0}],"Burning Blood":48},"card_choices":[{"not_picked":["Clothesline","Body Slam"],"picked":"Twin Strike","floor":2},{"not_picked":["Warcry","Twin Strike"],"picked":"Inflame","floor":3},{"not_picked":["Metallicize","Body Slam"],"picked":"Sword Boomerang","floor":5},{"not_picked":["Headbutt","Carnage","Disarm"],"picked":"SKIP","floor":8},{"not_picked":["Headbutt","Evolve"],"picked":"Corruption","floor":10},{"not_picked":["Cleave","Flex"],"picked":"Armaments","floor":12},{"not_picked":["Headbutt","Searing Blow"],"picked":"True Grit","floor":14},{"not_picked":["True Grit","Uppercut"],"picked":"Pummel","floor":15}],"player_experience":1568314,"relics_obtained":[{"floor":7,"key":"Shuriken"},{"floor":8,"key":"Self Forming Clay"},{"floor":10,"key":"Oddly Smooth Stone"},{"floor":12,"key":"Pen Nib"}],"event_choices":[{"damage_healed":0,"gold_gain":0,"player_choice":"Box","damage_taken":0,"relics_obtained":["MawBank"],"max_hp_gain":0,"max_hp_loss":0,"event_name":"Big Fish","floor":4,"gold_loss":0,"cards_obtained":["Regret"]},{"damage_healed":0,"gold_gain":0,"player_choice":"Grow","damage_taken":0,"max_hp_gain":0,"max_hp_loss":0,"event_name":"Living Wall","floor":11,"gold_loss":0,"cards_upgraded":["Corruption"]}],"is_beta":false,"boss_relics":[],"items_purged_floors":[],"is_endless":false,"potions_floor_spawned":[3,8,12],"killed_by":"downfall:Silent","ascension_level":0}}