{"host":"i0avyit1s6jb1siw","time":1609951013,"event":{"mods":["BaseMod","DeckTracker","Dota2Spire","Highlight Path","Minty Spire (QoL Compilation)","Quick Restart","StSLib","SuperFastMode"],"gold_per_floor":[116,41,51,65,65,65,84,96,148,148,179,179,179,214,214,286,286,301,301,317,232,244,244,254,289,289,289,318,337,365,384,384,457,457,470,517,533,550,550,550,550],"floor_reached":40,"playtime":997,"items_purged":["Strike_G"],"score":1091,"play_id":"6493b6a7-24b3-4a0e-9b50-d83e4013b09b","local_time":"20210106173653","is_ascension_mode":true,"campfire_choices":[{"data":"Deadly Poison","floor":6,"key":"SMITH"},{"data":"Terror","floor":10,"key":"SMITH"},{"floor":15,"key":"REST"},{"data":"Prepared","floor":23,"key":"SMITH"},{"data":"Tactician","floor":27,"key":"SMITH"},{"data":"Footwork","floor":32,"key":"SMITH"}],"circlet_count":0,"master_deck":["AscendersBane","Strike_G","Strike_G","Strike_G","Defend_G","Defend_G","Defend_G","Defend_G","Survivor","Neutralize+1","Dash","Deadly Poison+1","PiercingWail","Terror+1","Malaise","Glass Knife+1","Dagger Throw+1","After Image","CurseOfTheBell","Tactician+1","Necronomicurse","Prepared+1","Leg Sweep+1","Backstab+1","Heel Hook+1","Footwork+1"],"relics":["Ring of the Snake","Molten Egg 2","Lantern","Dota2Spire:PowerTreads","Sundial","Dota2Spire:UrnOfShadows","Calling Bell","Dota2Spire:EchoSabre","Pantograph","Dota2Spire:EyeOfSkadi","Necronomicon","Dota2Spire:MonkeyKingBar","InkBottle","Singing Bowl","Bronze Scales","The Courier","Empty Cage","Tough Bandages"],"acts_visited":["Exordium","TheCity","TheBeyond"],"potions_floor_usage":[28,33,33,33,40],"damage_taken":[{"damage":1,"enemies":"Jaw Worm","floor":1,"turns":4},{"damage":2,"enemies":"Cultist","floor":3,"turns":5},{"damage":0,"enemies":"Small Slimes","floor":4,"turns":4},{"damage":0,"enemies":"3 Louse","floor":7,"turns":4},{"damage":5,"enemies":"2 Fungi Beasts","floor":8,"turns":5},{"damage":35,"enemies":"Gremlin Nob","floor":11,"turns":5},{"damage":0,"enemies":"Lagavulin","floor":14,"turns":7},{"damage":17,"enemies":"The Guardian","floor":16,"turns":10},{"damage":0,"enemies":"3 Byrds","floor":18,"turns":5},{"damage":9,"enemies":"Chosen","floor":20,"turns":4},{"damage":1,"enemies":"3 Cultists","floor":22,"turns":4},{"damage":0,"enemies":"Snake Plant","floor":24,"turns":2},{"damage":15,"enemies":"Book of Stabbing","floor":25,"turns":5},{"damage":0,"enemies":"Gremlin Leader","floor":28,"turns":6},{"damage":0,"enemies":"Centurion and Healer","floor":29,"turns":4},{"damage":0,"enemies":"Book of Stabbing","floor":30,"turns":2},{"damage":0,"enemies":"Shelled Parasite and Fungi","floor":31,"turns":2},{"damage":17,"enemies":"Automaton","floor":33,"turns":8},{"damage":0,"enemies":"3 Shapes","floor":35,"turns":2},{"damage":1,"enemies":"2 Orb Walkers","floor":36,"turns":5},{"damage":0,"enemies":"Orb Walker","floor":37,"turns":2},{"damage":0,"enemies":"Transient","floor":38,"turns":6},{"damage":88,"enemies":"Reptomancer","floor":40,"turns":7}],"seed_played":"-8970983634258085499","potions_obtained":[{"floor":1,"key":"Weak Potion"},{"floor":16,"key":"AttackPotion"},{"floor":18,"key":"Regen Potion"},{"floor":28,"key":"EntropicBrew"},{"floor":33,"key":"BlessingOfTheForge"},{"floor":36,"key":"Fruit Juice"}],"is_trial":false,"path_per_floor":["M","$","M","M","?","R","M","M","T","R","E","T","?","E","R","B",null,"M","?","M","?","M","R","M","E","T","R","E","M","E","M","R","B",null,"M","?","M","M","?","E"],"character_chosen":"THE_SILENT","items_purchased":[],"campfire_rested":1,"item_purchase_floors":[],"current_hp_per_floor":[58,58,56,56,56,56,56,51,51,51,16,16,16,16,35,18,59,59,38,29,29,28,28,28,13,13,13,36,44,44,44,44,60,73,75,76,78,80,80,0,0],"gold":550,"neow_bonus":"UPGRADE_CARD","is_daily":false,"chose_seed":false,"campfire_upgraded":5,"win_rate":0.0,"timestamp":1609951013,"path_taken":["M","$","M","M","?","R","M","?","T","R","E","?","?","E","R","BOSS","M","?","M","?","M","R","M","E","T","R","E","M","E","M","R","BOSS","M","?","M","M","?","E"],"items_purchased_type":[],"build_version":"2020-12-22","purchased_purges":1,"victory":false,"max_hp_per_floor":[66,66,66,66,66,66,66,66,66,66,66,66,66,66,66,66,71,71,71,71,71,71,71,71,71,71,71,73,75,75,75,75,77,77,79,81,83,85,85,90,90],"card_choices":[{"not_picked":["Backflip","Bane"],"picked":"Dash","floor":1},{"not_picked":["Cloak And Dagger","PiercingWail"],"picked":"Deadly Poison","floor":3},{"not_picked":["Distraction","Finisher"],"picked":"PiercingWail","floor":4},{"not_picked":["Endless Agony+1","Slice+1"],"picked":"Terror","floor":7},{"not_picked":["Deflect","Caltrops"],"picked":"Malaise","floor":8},{"not_picked":["Dagger Spray+1","Bane+1"],"picked":"Glass Knife+1","floor":11},{"not_picked":["Cloak And Dagger","Backflip"],"picked":"Dagger Throw+1","floor":14},{"not_picked":["Malaise","Envenom"],"picked":"After Image","floor":16},{"not_picked":["Catalyst","Prepared"],"picked":"Tactician","floor":18},{"not_picked":["Blur","Crippling Poison","Quick Slash+1"],"picked":"SKIP","floor":20},{"not_picked":["Catalyst","Terror"],"picked":"Prepared","floor":22},{"not_picked":["Cloak And Dagger","All Out Attack+1"],"picked":"Leg Sweep+1","floor":24},{"not_picked":["Malaise","Flying Knee+1"],"picked":"Backstab+1","floor":25},{"not_picked":["Prepared+1","Quick Slash+1","Infinite Blades"],"picked":"Singing Bowl","floor":28},{"not_picked":["Dash+1","Masterful Stab+1","Skewer+1"],"picked":"Singing Bowl","floor":29},{"not_picked":["Prepared","Outmaneuver"],"picked":"Heel Hook+1","floor":30},{"not_picked":["Calculated Gamble","Backflip"],"picked":"Footwork","floor":31},{"not_picked":["Corpse Explosion","Storm of Steel","Envenom"],"picked":"Singing Bowl","floor":33},{"not_picked":["Blade Dance","Concentrate","Flying Knee+1"],"picked":"Singing Bowl","floor":35},{"not_picked":["Bane+1","Accuracy","Deadly Poison+1"],"picked":"Singing Bowl","floor":36},{"not_picked":["Blade Dance+1","Leg Sweep+1","Bullet Time"],"picked":"Singing Bowl","floor":37},{"not_picked":["Noxious Fumes","Deadly Poison+1","Outmaneuver"],"picked":"Singing Bowl","floor":38}],"player_experience":2177983,"relics_obtained":[{"floor":9,"key":"Lantern"},{"floor":11,"key":"Dota2Spire:PowerTreads"},{"floor":12,"key":"Sundial"},{"floor":14,"key":"Dota2Spire:UrnOfShadows"},{"floor":17,"key":"Dota2Spire:EchoSabre"},{"floor":17,"key":"Pantograph"},{"floor":17,"key":"Dota2Spire:EyeOfSkadi"},{"floor":19,"key":"Necronomicon"},{"floor":25,"key":"InkBottle"},{"floor":26,"key":"Singing Bowl"},{"floor":28,"key":"Bronze Scales"},{"floor":30,"key":"The Courier"},{"floor":36,"key":"Tough Bandages"}],"event_choices":[{"damage_healed":0,"gold_gain":0,"player_choice":"Gave Potion","damage_taken":0,"relics_obtained":["Molten Egg 2"],"max_hp_gain":0,"max_hp_loss":0,"event_name":"WeMeetAgain","floor":5,"gold_loss":0},{"damage_healed":0,"gold_gain":0,"player_choice":"Ignored","damage_taken":0,"max_hp_gain":0,"max_hp_loss":0,"event_name":"Shining Light","floor":13,"gold_loss":0},{"damage_healed":0,"gold_gain":0,"player_choice":"Obtained Book","damage_taken":21,"max_hp_gain":0,"max_hp_loss":0,"event_name":"Cursed Tome","floor":19,"gold_loss":0},{"damage_healed":0,"gold_gain":0,"player_choice":"Obtained Relic","damage_taken":0,"relics_obtained":["Dota2Spire:MonkeyKingBar"],"max_hp_gain":0,"max_hp_loss":0,"event_name":"Addict","floor":21,"gold_loss":85},{"damage_healed":0,"gold_gain":0,"player_choice":"Fight","damage_taken":0,"max_hp_gain":0,"max_hp_loss":0,"event_name":"Mysterious Sphere","floor":36,"gold_loss":0},{"damage_healed":0,"gold_gain":0,"player_choice":"Ignored","damage_taken":0,"max_hp_gain":0,"max_hp_loss":0,"event_name":"Tomb of Lord Red Mask","floor":39,"gold_loss":0}],"is_beta":false,"boss_relics":[{"not_picked":["Runic Dome","Coffee Dripper"],"picked":"Calling Bell"},{"not_picked":["Velvet Choker","Sozu"],"picked":"Empty Cage"}],"items_purged_floors":[2],"is_endless":false,"potions_floor_spawned":[1,16,18,25,28,30,31,33,35,36],"killed_by":"Reptomancer","ascension_level":20}}