{"host":"q8qp14ec064gs752","time":1609930915,"event":{"mods":["2.2 Compatiblity","BaseMod","Colored Powertips","Downfall","Minty Spire (QoL Compilation)","Shop Mod","StSLib"],"gold_per_floor":[99,118,118,135,150,183,257,10,37,37,63,63,74,74,87,186,186,111,130,145,155,155,60,141,66,66,66,66,84,100,85,103,206,206,131,143,59,59,78,78,78,108,108,137,137,157,176,176,196,196,196,222,65,65,65],"floor_reached":56,"playtime":7955,"items_purged":[],"score":1267,"play_id":"c650bdf7-cda2-4b54-b511-48ed50a2a677","local_time":"20210106190155","is_ascension_mode":false,"campfire_choices":[{"data":"Jack Of All Trades","floor":1.0,"key":"SMITH"},{"data":"Slimebound:CorrosiveSpit","floor":10.0,"key":"SMITH"},{"data":"Slimebound:Split","floor":12.0,"key":"SMITH"},{"floor":18.0,"key":"RECALL"},{"data":"Slimebound:DuplicatedForm","floor":25,"key":"SMITH"},{"data":"Slimebound:OneTwoCombo","floor":28,"key":"SMITH"},{"data":"Slimebound:WasteNot","floor":35,"key":"SMITH"},{"data":"Slimebound:MinionMaster","floor":43,"key":"SMITH"},{"data":"Slimebound:Teamwork","floor":45,"key":"SMITH"},{"data":"Slimebound:FirmFortitude","floor":54,"key":"SMITH"}],"circlet_count":0,"master_deck":["Slimebound:Tackle","Slimebound:Defend_Slimebound+1","Slimebound:Defend_Slimebound+1","Slimebound:Defend_Slimebound+1","Slimebound:Defend_Slimebound+1","Slimebound:Split+1","Slimebound:CorrosiveSpit+1","Jack Of All Trades+1","Slimebound:ProtectTheBoss","Slimebound:FirmFortitude","Slimebound:SplitBruiser","Slimebound:SplitAcid","Slimebound:OneTwoCombo+1","Slimebound:LevelUp","Slimebound:ViciousTackle","Slimebound:GoopSpray","Slimebound:Schlurp","Slimebound:DuplicatedForm+1","Slimebound:Schlurp","Slimebound:Chomp","Slimebound:GrowthPunch","Slimebound:PressTheAttack+1","Slimebound:LevelUp","Slimebound:Tackle+1","Slimebound:Tackle+1","Slimebound:Tackle+1","Slimebound:FinishingTackle+1","Slimebound:SamplingLick","Slimebound:FirmFortitude+1","Slimebound:Gluttony","Slimebound:WasteNot+1","CurseOfTheBell","Slimebound:GoopSpray+1","Slimebound:SplitBruiser+1","Slimebound:Teamwork+1","Slimebound:RollThrough","Slimebound:MinionMaster+1","champ:BringItOn","Slimebound:ForwardTackle","Warcry+1","Parasite","TalkToTheHand","Guardian:Gem_Green","Warcry+1","sneckomod:UnknownVulnerable"],"relics":["Slimebound:AbsorbEndCombat","Happy Flower","Eternal Feather","Bottled Tornado","War Paint","Odd Mushroom","Slimebound:TarBlob","downfall:HeartBlessingGreen","Nilry\u0027s Codex","downfall:HeartBlessingRed","Calling Bell","Bronze Scales","HornCleat","Incense Burner","downfall:HeartBlessingBlue","MerchantsRug","PrismaticShard","Shuriken","Darkstone Periapt","Pear","Boot","Cauldron"],"acts_visited":["Exordium","TheCity","TheBeyond","TheEnding"],"potions_floor_usage":[33,42,42,52,52,52,55],"damage_taken":[{"damage":7.0,"enemies":"2 Louse","floor":2.0,"turns":2.0},{"damage":7.0,"enemies":"Small Slimes","floor":4.0,"turns":5.0},{"damage":8.0,"enemies":"Cultist","floor":5.0,"turns":4.0},{"damage":22.0,"enemies":"3 Sentries","floor":6.0,"turns":9.0},{"damage":8.0,"enemies":"downfall:FleeingMerchant","floor":8.0,"turns":4.0},{"damage":25.0,"enemies":"Lagavulin","floor":9.0,"turns":5.0},{"damage":19.0,"enemies":"The Mushroom Lair","floor":11.0,"turns":3.0},{"damage":14.0,"enemies":"Blue Slaver","floor":13.0,"turns":3.0},{"damage":12.0,"enemies":"3 Louse","floor":15.0,"turns":2.0},{"damage":31.0,"enemies":"downfall:Watcher","floor":16.0,"turns":5.0},{"damage":15.0,"enemies":"Spheric Guardian","floor":19.0,"turns":4.0},{"damage":33.0,"enemies":"Shelled Parasite and Fungi","floor":20.0,"turns":3.0},{"damage":6,"enemies":"Snecko","floor":21,"turns":4},{"damage":27,"enemies":"downfall:FleeingMerchant","floor":23,"turns":4},{"damage":39,"enemies":"Centurion and Healer","floor":29,"turns":3},{"damage":21,"enemies":"Snake Plant","floor":30,"turns":3},{"damage":8,"enemies":"downfall:FleeingMerchant","floor":31,"turns":4},{"damage":15,"enemies":"Shelled Parasite and Fungi","floor":32,"turns":3},{"damage":57,"enemies":"downfall:Silent","floor":33,"turns":5},{"damage":28,"enemies":"3 Shapes","floor":36,"turns":4},{"damage":0,"enemies":"downfall:FleeingMerchant","floor":37,"turns":2},{"damage":19,"enemies":"Orb Walker","floor":39,"turns":3},{"damage":40,"enemies":"Giant Head","floor":42,"turns":6},{"damage":29,"enemies":"Reptomancer","floor":44,"turns":5},{"damage":52,"enemies":"Writhing Mass","floor":46,"turns":6},{"damage":32,"enemies":"Sphere and 2 Shapes","floor":47,"turns":4},{"damage":24,"enemies":"Spire Growth","floor":49,"turns":4},{"damage":24,"enemies":"downfall:Ironclad","floor":50,"turns":8},{"damage":70,"enemies":"downfall:CharBossMerchant","floor":52,"turns":7},{"damage":113,"enemies":"downfall:NeowBoss","floor":55,"turns":24}],"seed_played":"4180538655672737773","potions_obtained":[{"floor":2.0,"key":"Weak Potion"},{"floor":5.0,"key":"Slimebound:SlimyTonguePotion"},{"floor":6.0,"key":"DistilledChaos"},{"floor":16.0,"key":"hexamod:EctoCoolerPotion"},{"floor":30,"key":"SkillPotion"},{"floor":33,"key":"Energy Potion"},{"floor":39,"key":"Swift Potion"},{"floor":42,"key":"hexamod:EctoCoolerPotion"},{"floor":46,"key":"LiquidBronze"},{"floor":52,"key":"DuplicationPotion"},{"floor":53,"key":"Ancient Potion"},{"floor":53,"key":"FearPotion"}],"is_trial":false,"path_per_floor":["R","M","?","M","M","E","T","$","E","R","?","R","M","?","M","B",null,"R","M","M","M","?","$","T","R","?","?","R","M","M","$","M","B",null,"R","M","?","?","M","$","T","E","R","E","R","M","M","?","M","B",null,"E","$","R","B",null],"character_chosen":"SLIMEBOUND","items_purchased":["Slimebound:OneTwoCombo","Slimebound:LevelUp","Slimebound:LevelUp","MerchantsRug","Slimebound:Teamwork","PrismaticShard","Slimebound:RollThrough","Cauldron"],"campfire_rested":0,"item_purchase_floors":[8,8,23,37,37,37,37,53],"current_hp_per_floor":[60,57,57,56,56,42,42,44,33,45,36,48,45,73,61,56,73,73,59,54,62,46,72,72,73,73,73,73,61,44,70,71,53,73,83,69,83,83,66,66,66,61,83,86,93,70,75,75,86,97,99,69,69,96,70],"gold":65,"neow_bonus":"RANDOM_COLORLESS","is_daily":false,"chose_seed":false,"campfire_upgraded":9,"win_rate":0.0,"timestamp":1609930915,"path_taken":["R","M","?","M","M","E","T","$","E","R","?","R","M","?","M","BOSS","R","M","M","M","?","$","T","R","?","?","R","M","M","?","M","BOSS","R","M","?","?","M","$","T","E","R","E","R","?","M","?","M","BOSS","E","$","R","BOSS"],"items_purchased_type":["Card","Card","Card","Relic","Card","Relic","Card","Relic"],"build_version":"2020-12-22","purchased_purges":0,"victory":true,"max_hp_per_floor":[60,60,60,60,60,60,60,60,60,60,60,60,63,73,73,73,73,73,73,73,73,73,73,73,73,73,73,73,73,73,73,73,73,73,83,83,83,83,83,83,83,83,83,93,93,99,99,99,99,99,99,99,99,99,99],"card_choices":[{"not_picked":["Finesse","Purity"],"picked":"Jack Of All Trades","floor":0.0},{"not_picked":["Slimebound:FinishingTackle","Slimebound:SlimeSpikes"],"picked":"Slimebound:ProtectTheBoss","floor":2.0},{"not_picked":["Slimebound:SplitLeeching","Slimebound:Equalize"],"picked":"Slimebound:FirmFortitude","floor":4.0},{"not_picked":["Slimebound:GrowthPunch","Slimebound:Schlurp"],"picked":"Slimebound:SplitBruiser","floor":5.0},{"not_picked":["Slimebound:FinishingTackle","Slimebound:GoopTackle"],"picked":"Slimebound:MassFeed","floor":6.0},{"not_picked":["Slimebound:GoopSpray","Slimebound:Schlurp"],"picked":"Slimebound:SplitAcid","floor":8.0},{"not_picked":["Slimebound:SplitMire","Slimebound:LivingWall"],"picked":"Slimebound:ViciousTackle","floor":9.0},{"not_picked":["Slimebound:ComboTackle","Slimebound:FinishingTackle"],"picked":"Slimebound:GoopSpray","floor":11.0},{"not_picked":["Slimebound:ComboTackle","Slimebound:HauntingLick"],"picked":"Slimebound:Schlurp","floor":13.0},{"not_picked":["Slimebound:LeechEnergy","Slimebound:SlimeSpikes"],"picked":"Slimebound:LeechLife","floor":15.0},{"not_picked":["Slimebound:DouseInSlime","Slimebound:SlimeSlap"],"picked":"Slimebound:DuplicatedForm","floor":16.0},{"not_picked":["Slimebound:SlimeBrawl","Slimebound:ViciousTackle"],"picked":"Slimebound:Schlurp","floor":19.0},{"not_picked":["Slimebound:ViciousTackle","Slimebound:FinishingTackle+1"],"picked":"Slimebound:Chomp","floor":20},{"not_picked":["Slimebound:LeechingTouch+1","Slimebound:ComboTackle"],"picked":"Slimebound:GrowthPunch","floor":21},{"not_picked":["Slimebound:Repurpose","Slimebound:LeechingTouch"],"picked":"Slimebound:PressTheAttack+1","floor":23},{"not_picked":["Slimebound:SlimeTap","Slimebound:GrowthPunch+1"],"picked":"Slimebound:FinishingTackle+1","floor":29},{"not_picked":["Slimebound:Repurpose","Slimebound:LeechLife"],"picked":"Slimebound:SamplingLick","floor":30},{"not_picked":["Slimebound:SlimeSpikes","Slimebound:PressTheAttack+1"],"picked":"Slimebound:FirmFortitude","floor":31},{"not_picked":["Slimebound:SplitBruiser","Slimebound:GrowthPunch"],"picked":"Slimebound:Gluttony","floor":32},{"not_picked":["Slimebound:SelfFormingGoo","Slimebound:Teamwork"],"picked":"Slimebound:WasteNot","floor":33},{"not_picked":["Slimebound:FinishingTackle+1","Slimebound:SplitAcid+1"],"picked":"Slimebound:GoopSpray+1","floor":36},{"not_picked":["Slimebound:GrowthPunch+1","Slimebound:LeechEnergy+1"],"picked":"Slimebound:SplitBruiser+1","floor":37},{"not_picked":["champ:RecklessLeap","Leap+1"],"picked":"champ:BringItOn","floor":39},{"not_picked":["Swivel+1","Combust"],"picked":"Slimebound:ForwardTackle","floor":42},{"not_picked":["Guardian:WalkerClaw+1","Undo+1"],"picked":"Warcry+1","floor":44},{"not_picked":["champ:EnragedBash+1","Guardian:Gem_Green"],"picked":"TalkToTheHand","floor":46},{"not_picked":["Armaments+1","champ:Circumvent+1"],"picked":"Guardian:Gem_Green","floor":47},{"not_picked":["EmptyBody","Night Terror"],"picked":"Warcry+1","floor":49},{"not_picked":["hexamod:HauntingEcho","Dual Wield+1"],"picked":"sneckomod:UnknownVulnerable","floor":52}],"player_experience":153155,"relics_obtained":[{"floor":6.0,"key":"Eternal Feather"},{"floor":7.0,"key":"Bottled Tornado"},{"floor":9.0,"key":"War Paint"},{"floor":11.0,"key":"Odd Mushroom"},{"floor":22,"key":"Nilry\u0027s Codex"},{"floor":34,"key":"Bronze Scales"},{"floor":34,"key":"HornCleat"},{"floor":34,"key":"Incense Burner"},{"floor":41,"key":"Shuriken"},{"floor":42,"key":"Darkstone Periapt"},{"floor":44,"key":"Pear"},{"floor":52,"key":"Boot"}],"event_choices":[{"damage_healed":0.0,"max_hp_gain":0.0,"max_hp_loss":0.0,"gold_gain":0.0,"event_name":"Big Fish","player_choice":"Box","floor":3.0,"gold_loss":0.0,"damage_taken":0.0,"relics_obtained":["Happy Flower"],"cards_obtained":["Regret"]},{"damage_healed":0.0,"max_hp_gain":0.0,"max_hp_loss":0.0,"gold_gain":0.0,"event_name":"Mushrooms","player_choice":"Fought Mushrooms","floor":11.0,"gold_loss":0.0,"damage_taken":0.0},{"cards_removed":["Slimebound:MassFeed"],"damage_healed":18.0,"max_hp_gain":10.0,"max_hp_loss":0.0,"gold_gain":0.0,"event_name":"Bonfire Elementals","player_choice":"Offered Rare","floor":14.0,"gold_loss":0.0,"damage_taken":0.0},{"damage_healed":0,"gold_gain":0,"player_choice":"Simplicity","damage_taken":0,"max_hp_gain":0,"max_hp_loss":0,"event_name":"Back to Basics","floor":27,"gold_loss":0,"cards_upgraded":["Slimebound:Defend_Slimebound","Slimebound:Defend_Slimebound"]},{"damage_healed":0,"gold_gain":0,"cards_transformed":["Slimebound:LeechLife"],"player_choice":"Transformed","damage_taken":0,"max_hp_gain":0,"max_hp_loss":0,"event_name":"Transmorgrifier","floor":38,"gold_loss":0,"cards_obtained":["Slimebound:MinionMaster"]},{"cards_removed":["Regret"],"damage_healed":0,"gold_gain":0,"player_choice":"Purged","damage_taken":0,"max_hp_gain":0,"max_hp_loss":0,"event_name":"Purifier","floor":48,"gold_loss":0}],"is_beta":false,"boss_relics":[{"not_picked":["Black Star","Tiny House"],"picked":"Slimebound:TarBlob"},{"not_picked":["Fusion Hammer","Sozu"],"picked":"Calling Bell"}],"items_purged_floors":[],"is_endless":false,"potions_floor_spawned":[2,5,6,16,19,30,33,39,42,46,47,49,52],"ascension_level":0}}