{"host":"a0paspe0zwqgzttz","time":1609959479,"event":{"mods":["AchievementEnabler","Act Like it!","BaseMod","BetterRewards","Colored Powertips","Conspire","Downfall","GifTheSpireLib","Hermit","Highlight Path","Lobotomy","Mad Scientist","Marisa????????","Minty Spire (QoL Compilation)","Quick Restart","Replay The Spire","Robot Space Explorer","Shop Mod","StSLib","SuperFastMode","The Bug Knight","The Construct","The Cursed","The Hierophant","The Jungle","The Mystic","The Necromancer","The Runesmith","The Senshi","The Servant 0.9.4"],"gold_per_floor":[99,99,274,274,274,274,274,274,300,225,45,61,61,75,86,181,181,181,192,208,219,219,134,160,170,182,196,225,237,252,252,266,266,266,266],"floor_reached":33,"playtime":1272,"items_purged":[],"score":294,"play_id":"8ef8a22a-4dc9-4c69-93a9-6b51c97ad338","local_time":"20210106135759","is_ascension_mode":false,"campfire_choices":[{"data":"champ:Taunt","floor":1,"key":"SMITH"},{"floor":6,"key":"REST"},{"data":"champ:FanOfKnives","floor":8,"key":"SMITH"},{"data":"champ:Execute","floor":10,"key":"SMITH"},{"data":"champ:FaceSlap","floor":13,"key":"SMITH"},{"floor":18,"key":"DIG"}],"circlet_count":0,"master_deck":["champ:Strike","champ:Strike","champ:Strike","champ:Strike","champ:Defend","champ:Defend","champ:Defend+1","champ:Defend","champ:Execute+1","champ:Taunt+1","champ:FanOfKnives+1","Doubt","champ:AdrenalArmor","champ:FaceSlap+1","champ:Haymaker","champ:FocusedGladiator","champ:Shatter","champ:EndlessRage","champ:StrikeOfGenius","champ:TornadoPunch+1","champ:DefensiveShout+1","champ:StanceDance","RitualDagger+1","champ:PerfectForm","champ:LastStand","champ:BerserkersShout","champ:PerfectedStrike","champ:BringItOn","champ:BladeFlurry","champ:FanOfKnives+1","champ:ViciousMockery","champ:BerserkerStyle"],"relics":["champ:ChampionCrown","downfall:HeartsMalice","Gremlin Food","HornCleat","Meat on the Bone","downfall:HeartBlessingGreen","PreservedInsect","Painkiller Herb","Chameleon Ring","Happy Flower","Lizard Tail"],"acts_visited":["Exordium","TheCity"],"potions_floor_usage":[19,26,28,29,33,33],"damage_taken":[{"damage":0,"enemies":"Jaw Worm","floor":2,"turns":1},{"damage":0,"enemies":"Lagavulin","floor":9,"turns":1},{"damage":0,"enemies":"downfall:FleeingMerchant","floor":11,"turns":1},{"damage":11,"enemies":"Small Slimes","floor":12,"turns":4},{"damage":20,"enemies":"Cultist","floor":14,"turns":5},{"damage":3,"enemies":"3 Louse","floor":15,"turns":3},{"damage":67,"enemies":"downfall:Watcher","floor":16,"turns":11},{"damage":31,"enemies":"Shell Parasite","floor":19,"turns":6},{"damage":33,"enemies":"Chosen","floor":20,"turns":8},{"damage":32,"enemies":"Centurion and Healer","floor":21,"turns":8},{"damage":2,"enemies":"downfall:FleeingMerchant","floor":23,"turns":4},{"damage":36,"enemies":"Shelled Parasite and Fungi","floor":25,"turns":6},{"damage":33,"enemies":"Cultist and Chosen","floor":26,"turns":4},{"damage":25,"enemies":"Centurion and Healer","floor":27,"turns":6},{"damage":18,"enemies":"Slavers","floor":28,"turns":2},{"damage":43,"enemies":"Sentry and Sphere","floor":29,"turns":6},{"damage":9,"enemies":"Snecko","floor":30,"turns":4},{"damage":24,"enemies":"Shelled Parasite and Fungi","floor":32,"turns":4},{"damage":42,"enemies":"downfall:Silent","floor":33,"turns":4}],"seed_played":"2617847308796611481","potions_obtained":[{"floor":14,"key":"Explosive Potion"},{"floor":15,"key":"AttackPotion"},{"floor":16,"key":"Milkshake"},{"floor":19,"key":"champ:TechniquePotion"},{"floor":22,"key":"CultistPotion"},{"floor":25,"key":"Death Potion"},{"floor":26,"key":"PowerPotion"},{"floor":28,"key":"SpeedPotion"},{"floor":29,"key":"sneckomod:MuddlingPotion"}],"is_trial":false,"path_per_floor":["R","M","?","?","?","R","T","R","E","R","$","M","R","M","M","B",null,"T","?","?","?","?","T","T","?","?","?","E","?","?","?","?","B"],"character_chosen":"THE_CHAMP","items_purchased":["PreservedInsect","champ:Haymaker","champ:LastStand"],"campfire_rested":1,"item_purchase_floors":[11,11,23],"current_hp_per_floor":[90,90,90,87,87,90,90,90,90,90,90,79,79,67,67,28,90,90,73,54,52,52,52,52,34,26,22,21,49,49,49,40,0,0,0],"gold":266,"neow_bonus":"THREE_ENEMY_KILL","is_daily":false,"chose_seed":false,"campfire_upgraded":4,"win_rate":0.0,"timestamp":1609959479,"path_taken":["R","M","?","?","?","R","T","R","E","R","$","M","R","M","M","BOSS","T","?","?","?","?","T","T","?","?","?","E","?","?","?","?","BOSS"],"items_purchased_type":["Relic","Card","Card"],"build_version":"2020-12-22","purchased_purges":0,"victory":false,"max_hp_per_floor":[90,90,90,90,90,90,90,90,90,90,90,90,90,90,90,90,90,90,90,90,90,90,90,90,90,90,90,90,90,90,90,90,90,90,90],"card_choices":[{"not_picked":["champ:BringItOn","champ:GutPunch"],"picked":"champ:FanOfKnives","floor":2},{"not_picked":["champ:RapidStrikes","champ:Devastate"],"picked":"champ:AdrenalArmor","floor":9},{"not_picked":["champ:FightOn","champ:ViciousMockery"],"picked":"champ:FaceSlap","floor":11},{"not_picked":["champ:ViciousMockery","champ:Backstep"],"picked":"champ:FocusedGladiator","floor":12},{"not_picked":["champ:GutPunch","champ:DefensiveShout"],"picked":"champ:Shatter","floor":14},{"not_picked":["champ:FanOfKnives","champ:StanceDance"],"picked":"champ:EndlessRage","floor":15},{"not_picked":["champ:CrownThrow","champ:ShieldThrow"],"picked":"champ:StrikeOfGenius","floor":16},{"not_picked":["champ:BringItOn","champ:CrookedStrike"],"picked":"champ:TornadoPunch+1","floor":19},{"not_picked":["champ:Circumvent","champ:FaceSlap"],"picked":"champ:DefensiveShout+1","floor":20},{"not_picked":["champ:GladiatorsShout+1","champ:AdrenalArmor+1"],"picked":"champ:StanceDance","floor":21},{"not_picked":["champ:Circumvent","champ:ShieldSlam"],"picked":"champ:PerfectForm","floor":23},{"not_picked":["champ:PerfectedStrike","champ:Duel"],"picked":"champ:BerserkersShout","floor":25},{"not_picked":["champ:DefensiveStyle+1","champ:RisingSlash"],"picked":"champ:PerfectedStrike","floor":26},{"not_picked":["champ:TornadoPunch","champ:Haymaker"],"picked":"champ:BringItOn","floor":27},{"not_picked":["champ:StanceDance+1","champ:AdrenalArmor+1"],"picked":"champ:BladeFlurry","floor":28},{"not_picked":["champ:BringItOn","champ:Backstep"],"picked":"champ:FanOfKnives+1","floor":29},{"not_picked":["champ:Haymaker+1","champ:TornadoPunch"],"picked":"champ:ViciousMockery","floor":30},{"not_picked":["champ:AdrenalArmor","champ:FocusedBerserking"],"picked":"champ:BerserkerStyle","floor":32}],"player_experience":433817,"relics_obtained":[{"floor":7,"key":"HornCleat"},{"floor":9,"key":"Meat on the Bone"},{"floor":18,"key":"Chameleon Ring"},{"floor":24,"key":"Happy Flower"},{"floor":28,"key":"Lizard Tail"}],"event_choices":[{"damage_healed":0,"gold_gain":0,"player_choice":"Success","damage_taken":3,"relics_obtained":["Gremlin Food"],"max_hp_gain":0,"max_hp_loss":0,"event_name":"Scrap Ooze","floor":4,"gold_loss":0},{"damage_healed":0,"gold_gain":0,"player_choice":"Ignored","damage_taken":0,"max_hp_gain":0,"max_hp_loss":0,"event_name":"NoteForYourself","floor":5,"gold_loss":0}],"is_beta":false,"boss_relics":[{"not_picked":["Abe\u0027s Treasure","Philosopher\u0027s Stone"],"picked":"Painkiller Herb"}],"items_purged_floors":[],"is_endless":false,"potions_floor_spawned":[14,15,16,19,25,26,28,29],"killed_by":"downfall:Silent","ascension_level":0}}