{"host":"Qube","time":1609909339,"event":{"mods":["AchievementEnabler","BaseMod","Colored Map","Colored Powertips","Minty Spire (QoL Compilation)","Quick Restart","Random Character Button","StSLib"],"gold_per_floor":[117,135,154,168,168,168,198,198,198,198,198,198],"floor_reached":11,"playtime":338,"items_purged":[],"score":128,"play_id":"9ba21ea3-dec1-4a3d-9bc7-b1957ed941a1","local_time":"20210105210219","is_ascension_mode":true,"campfire_choices":[{"data":"Bash","floor":6,"key":"SMITH"},{"data":"Pummel","floor":8,"key":"SMITH"},{"floor":10,"key":"REST"}],"circlet_count":0,"master_deck":["AscendersBane","Strike_R","Strike_R","Strike_R","Strike_R","Strike_R","Defend_R","Defend_R","Defend_R","Defend_R","Bash+1","Evolve","Pummel","Pommel Strike","Pummel+1","Flame Barrier"],"relics":["Burning Blood","Art of War","Darkstone Periapt"],"acts_visited":["Exordium"],"potions_floor_usage":[],"damage_taken":[{"damage":9,"enemies":"Jaw Worm","floor":1,"turns":4},{"damage":7,"enemies":"Small Slimes","floor":2,"turns":4},{"damage":2,"enemies":"2 Louse","floor":3,"turns":3},{"damage":14,"enemies":"Large Slime","floor":4,"turns":6},{"damage":45,"enemies":"3 Sentries","floor":7,"turns":9},{"damage":8,"enemies":"Gremlin Nob","floor":11,"turns":3}],"seed_played":"-1629859186603812222","potions_obtained":[{"floor":0,"key":"FairyPotion"},{"floor":0,"key":"FairyPotion"}],"is_trial":false,"path_per_floor":["M","M","M","M","?","R","E","R","T","R","E"],"character_chosen":"IRONCLAD","items_purchased":[],"campfire_rested":1,"item_purchase_floors":[],"current_hp_per_floor":[65,64,68,60,65,65,26,26,26,50,42,42],"gold":198,"neow_bonus":"THREE_SMALL_POTIONS","is_daily":false,"chose_seed":false,"campfire_upgraded":2,"win_rate":0.0,"timestamp":1609909339,"path_taken":["M","M","M","M","?","R","E","R","T","R","E"],"items_purchased_type":[],"build_version":"2020-12-18","purchased_purges":0,"victory":false,"max_hp_per_floor":[75,75,75,75,80,80,80,80,80,80,80,80],"card_choices":[{"not_picked":["Shrug It Off","Headbutt"],"picked":"Evolve","floor":1},{"not_picked":["Sentinel","Rage"],"picked":"Pummel","floor":2},{"not_picked":["Disarm","Ghostly Armor"],"picked":"Pommel Strike","floor":3},{"not_picked":["Pommel Strike","Intimidate"],"picked":"Pummel","floor":4},{"not_picked":["Armaments","Perfected Strike"],"picked":"Flame Barrier","floor":7}],"player_experience":808468,"relics_obtained":[{"floor":7,"key":"Art of War"},{"floor":9,"key":"Darkstone Periapt"}],"event_choices":[{"damage_healed":0,"gold_gain":0,"player_choice":"Donut","damage_taken":0,"max_hp_gain":5,"max_hp_loss":0,"event_name":"Big Fish","floor":5,"gold_loss":0}],"is_beta":true,"boss_relics":[],"items_purged_floors":[],"is_endless":false,"potions_floor_spawned":[1],"killed_by":"Gremlin Nob","ascension_level":15}}