{"host":"qekv59dthhdg54sz","time":1609921933,"event":{"mods":["AchievementEnabler","BaseMod","Colored Map","DeckTracker","KOR Keyword Fix","Minty Spire (QoL Compilation)","Rare Cards Sparkle","StSLib","SuperFastMode"],"gold_per_floor":[20,38,53,53,53,53,76,76,76,107,159,84,84,122,122,211,211,224,224,4,54,67,67,107,107,107,107,107,140,154,173,173,269,269,284,159,492,505,355,355,390,390,417,85,85,110,110,139,139,139,139],"floor_reached":52,"playtime":1958,"items_purged":["Strike_G","Strike_G","Skewer+1","Setup+1","Defend_G"],"score":2085,"play_id":"0b4f14d6-d919-4a4e-8621-af1f3b83e85f","local_time":"20210106173213","is_ascension_mode":true,"campfire_choices":[{"data":"Bouncing Flask","floor":6.0,"key":"SMITH"},{"data":"Setup","floor":8.0,"key":"SMITH"},{"data":"Catalyst","floor":13.0,"key":"SMITH"},{"data":"Footwork","floor":15.0,"key":"SMITH"},{"floor":23.0,"key":"REST"},{"data":"Expertise","floor":25.0,"key":"SMITH"},{"data":"Tactician","floor":28.0,"key":"SMITH"},{"floor":32.0,"key":"REST"},{"data":"Acrobatics","floor":40.0,"key":"SMITH"},{"data":"Concentrate","floor":42.0,"key":"SMITH"},{"data":"Adrenaline","floor":47,"key":"SMITH"},{"data":"Catalyst","floor":49,"key":"SMITH"}],"circlet_count":0,"master_deck":["AscendersBane","Defend_G","Defend_G","Defend_G+1","Survivor+1","Neutralize","Deadly Poison","Footwork+1","Bouncing Flask+1","Catalyst+1","A Thousand Cuts+1","Noxious Fumes+1","Prepared+1","Expertise+1","Concentrate+1","Tactician+1","Acrobatics+1","Adrenaline+1","Backflip","Catalyst+1","Blur+1","Purity"],"relics":["Ring of the Snake","Pocketwatch","Mercury Hourglass","War Paint","Centennial Puzzle","Orichalcum","Astrolabe","MutagenicStrength","Kunai","Omamori","MealTicket","Black Star","Pen Nib","Bag of Marbles","Potion Belt","Orrery","Tingsha","Gremlin Horn","Toy Ornithopter","Juzu Bracelet"],"acts_visited":["Exordium","TheCity","TheBeyond"],"potions_floor_usage":[50,50],"damage_taken":[{"damage":3.0,"enemies":"2 Louse","floor":1.0,"turns":4.0},{"damage":5.0,"enemies":"Jaw Worm","floor":2.0,"turns":5.0},{"damage":3.0,"enemies":"Cultist","floor":3.0,"turns":5.0},{"damage":1.0,"enemies":"Looter","floor":7.0,"turns":3.0},{"damage":11.0,"enemies":"Lagavulin","floor":10.0,"turns":5.0},{"damage":23.0,"enemies":"3 Sentries","floor":14.0,"turns":7.0},{"damage":0.0,"enemies":"Hexaghost","floor":16.0,"turns":6.0},{"damage":18.0,"enemies":"Shell Parasite","floor":18.0,"turns":4.0},{"damage":8.0,"enemies":"Chosen","floor":22.0,"turns":4.0},{"damage":8.0,"enemies":"Book of Stabbing","floor":24.0,"turns":5.0},{"damage":11.0,"enemies":"Gremlin Leader","floor":29.0,"turns":5.0},{"damage":0.0,"enemies":"3 Cultists","floor":30.0,"turns":4.0},{"damage":0.0,"enemies":"Centurion and Healer","floor":31.0,"turns":5.0},{"damage":19.0,"enemies":"Champ","floor":33.0,"turns":7.0},{"damage":0.0,"enemies":"3 Darklings","floor":35.0,"turns":4.0},{"damage":0.0,"enemies":"Orb Walker","floor":38.0,"turns":3.0},{"damage":7.0,"enemies":"Nemesis","floor":41.0,"turns":7.0},{"damage":1,"enemies":"Giant Head","floor":46,"turns":5},{"damage":1,"enemies":"Nemesis","floor":48,"turns":5},{"damage":12,"enemies":"Awakened One","floor":50,"turns":12},{"damage":16,"enemies":"Donu and Deca","floor":51,"turns":6}],"seed_played":"-2682998863752518740","potions_obtained":[{"floor":1.0,"key":"LiquidBronze"},{"floor":3.0,"key":"CunningPotion"},{"floor":7.0,"key":"SkillPotion"},{"floor":16.0,"key":"CultistPotion"},{"floor":22.0,"key":"Energy Potion"},{"floor":29.0,"key":"PowerPotion"},{"floor":30.0,"key":"Energy Potion"},{"floor":35.0,"key":"SkillPotion"},{"floor":46,"key":"Energy Potion"}],"is_trial":false,"path_per_floor":["M","M","M","?","?","R","M","R","T","E","T","$","R","E","R","B",null,"M","?","$","?","M","R","E","R","T","$","R","E","M","M","R","B",null,"M","$","?","M","$","R","E","R","T","$","?","E","R","E","R","B","B",null],"character_chosen":"THE_SILENT","items_purchased":["Expertise","Concentrate","Orrery"],"campfire_rested":2,"item_purchase_floors":[20,20,44],"current_hp_per_floor":[56,51,48,48,48,48,47,47,47,36,36,36,36,13,13,13,48,30,30,30,30,22,40,32,32,32,32,32,21,21,21,39,20,50,50,60,60,60,60,60,53,53,53,60,50,49,49,48,48,46,30],"gold":139,"neow_bonus":"ONE_RARE_RELIC","is_daily":false,"chose_seed":false,"campfire_upgraded":10,"win_rate":0.0,"timestamp":1609921933,"path_taken":["M","M","M","?","?","R","M","R","T","E","?","$","R","E","R","BOSS","M","?","$","?","?","R","E","R","T","$","R","E","M","M","R","BOSS","M","$","?","M","$","R","E","R","T","$","?","E","R","E","R","BOSS","BOSS"],"items_purchased_type":["Card","Card","Relic"],"build_version":"2020-12-22","purchased_purges":5,"victory":true,"max_hp_per_floor":[66,66,66,66,60,60,60,60,60,60,60,60,60,60,60,60,60,60,60,60,60,60,60,60,60,60,60,60,60,60,60,60,60,60,60,60,60,60,60,60,60,60,60,60,60,60,60,60,60,60,60],"card_choices":[{"not_picked":["Setup","Bane"],"picked":"Deadly Poison","floor":1.0},{"not_picked":["Masterful Stab","Flying Knee"],"picked":"Footwork","floor":2.0},{"not_picked":["Dagger Throw","Dagger Spray"],"picked":"Bouncing Flask","floor":3.0},{"not_picked":["Unload","Distraction"],"picked":"Setup","floor":7.0},{"not_picked":["Masterful Stab","Outmaneuver"],"picked":"Catalyst","floor":10.0},{"not_picked":["Deflect","Bane","Flying Knee"],"picked":"SKIP","floor":14.0},{"not_picked":["Bane","Poisoned Stab"],"picked":"Prepared+1","floor":18.0},{"not_picked":["Bane","Terror"],"picked":"Tactician","floor":22.0},{"not_picked":["Caltrops","Slice","Setup"],"picked":"SKIP","floor":24.0},{"not_picked":["Dodge and Roll","Bane"],"picked":"Acrobatics","floor":29.0},{"not_picked":["Masterful Stab+1","Deadly Poison","Setup"],"picked":"SKIP","floor":30.0},{"not_picked":["Quick Slash","Footwork","Skewer"],"picked":"SKIP","floor":31.0},{"not_picked":["Glass Knife","Malaise"],"picked":"Adrenaline","floor":33.0},{"not_picked":["Slice","Dodge and Roll","Dagger Spray"],"picked":"SKIP","floor":35.0},{"not_picked":["Reflex","Skewer+1"],"picked":"Backflip","floor":38.0},{"not_picked":["Bane+1","All Out Attack"],"picked":"Catalyst","floor":41.0},{"not_picked":["Backflip+1","All Out Attack"],"picked":"Blur+1","floor":44},{"not_picked":["PanicButton","Metamorphosis"],"picked":"Purity","floor":45},{"not_picked":["Outmaneuver","Backstab","Terror"],"picked":"SKIP","floor":46},{"not_picked":["Escape Plan","Dodge and Roll","PiercingWail+1"],"picked":"SKIP","floor":48}],"player_experience":756229,"relics_obtained":[{"floor":9.0,"key":"Mercury Hourglass"},{"floor":10.0,"key":"War Paint"},{"floor":11.0,"key":"Centennial Puzzle"},{"floor":14.0,"key":"Orichalcum"},{"floor":24.0,"key":"Kunai"},{"floor":26.0,"key":"Omamori"},{"floor":29.0,"key":"MealTicket"},{"floor":41.0,"key":"Pen Nib"},{"floor":41.0,"key":"Bag of Marbles"},{"floor":43.0,"key":"Potion Belt"},{"floor":46,"key":"Tingsha"},{"floor":46,"key":"Gremlin Horn"},{"floor":48,"key":"Toy Ornithopter"},{"floor":48,"key":"Juzu Bracelet"}],"event_choices":[{"cards_removed":["Strike_G"],"damage_healed":0.0,"max_hp_gain":0.0,"max_hp_loss":0.0,"gold_gain":0.0,"event_name":"Living Wall","player_choice":"Forget","floor":4.0,"gold_loss":0.0,"damage_taken":0.0},{"damage_healed":0.0,"max_hp_gain":0.0,"max_hp_loss":6.0,"gold_gain":0.0,"event_name":"Golden Idol","player_choice":"Lose Max HP","floor":5.0,"gold_loss":0.0,"damage_taken":0.0,"relics_obtained":["Golden Idol"]},{"damage_healed":0.0,"max_hp_gain":0.0,"max_hp_loss":0.0,"gold_gain":0.0,"event_name":"Drug Dealer","player_choice":"Inject Mutagens","floor":19.0,"gold_loss":0.0,"damage_taken":0.0,"relics_obtained":["MutagenicStrength"]},{"damage_healed":0.0,"max_hp_gain":0.0,"max_hp_loss":0.0,"gold_gain":50.0,"event_name":"Golden Shrine","player_choice":"Pray","floor":21.0,"gold_loss":0.0,"damage_taken":0.0},{"damage_healed":0.0,"max_hp_gain":0.0,"max_hp_loss":0.0,"gold_gain":333.0,"event_name":"The Moai Head","player_choice":"Gave Idol","floor":37.0,"relics_lost":["Golden Idol"],"gold_loss":0.0,"damage_taken":0.0},{"damage_healed":0,"gold_gain":0,"player_choice":"Memory 3","damage_taken":10,"max_hp_gain":0,"max_hp_loss":0,"event_name":"SensoryStone","floor":45,"gold_loss":0}],"is_beta":false,"boss_relics":[{"not_picked":["SlaversCollar","Fusion Hammer"],"picked":"Astrolabe"},{"not_picked":["Ring of the Serpent","WristBlade"],"picked":"Black Star"}],"items_purged_floors":[12,20,36,39,44],"is_endless":false,"potions_floor_spawned":[1,3,7,16,22,29,30,31,35,46],"ascension_level":20}}