{"host":"tw7a6rmo9h75ssrt","time":1609895767,"event":{"mods":["AchievementEnabler","Act Like it!","BaseMod","Colored Map","Highlight Path","Minty Spire (QoL Compilation)","Permanent Neow","Quick Restart","Relic Stats","SuperFastMode"],"gold_per_floor":[119,119,119,138,161,161,184,184,184,109,109,128,146,46,46,174,174,199,230,230,248,248,248,265,265,265,265,265,265,279,297,297,401,401,421,3,53,53,53,53,82,82,109,30,45,45,56,74,74,74,74],"floor_reached":50,"playtime":2719,"items_purged":["Regret","Strike_R","Strike_R"],"score":669,"play_id":"edeabeb3-395c-4a35-bc3c-ae54e3471c4a","local_time":"20210106091607","is_ascension_mode":true,"campfire_choices":[{"data":"Uppercut","floor":6.0,"key":"SMITH"},{"data":"Reckless Charge","floor":8.0,"key":"SMITH"},{"data":"Defend_R","floor":15.0,"key":"SMITH"},{"floor":23.0,"key":"REST"},{"data":"Immolate","floor":25.0,"key":"SMITH"},{"floor":29.0,"key":"REST"},{"data":"Defend_R","floor":32.0,"key":"SMITH"},{"floor":40.0,"key":"REST"},{"floor":42.0,"key":"REST"},{"floor":46.0,"key":"REST"},{"floor":49.0,"key":"REST"}],"circlet_count":0,"master_deck":["Strike_R","Strike_R","Defend_R","Defend_R","Defend_R+1","Defend_R+1","Bash+1","Uppercut+1","Reckless Charge+1","Rage+1","Second Wind+1","Sentinel+1","Warcry+1","Immolate+1","Intimidate+1","Sentinel+1","Shrug It Off+1","Exhume+1","Battle Trance+1","Feel No Pain","Inflame","Disarm+1","Feel No Pain+1"],"relics":["Burning Blood","NeowsBlessing","Bloody Idol","Toxic Egg 2","Oddly Smooth Stone","Mark of Pain","Red Mask","Darkstone Periapt","Enchiridion","Fusion Hammer","Omamori","Frozen Eye","Magic Flower","Toy Ornithopter","Red Skull"],"acts_visited":["Exordium","TheCity","TheBeyond"],"potions_floor_usage":[],"damage_taken":[{"damage":0.0,"enemies":"Small Slimes","floor":1.0,"turns":1.0},{"damage":0.0,"enemies":"2 Louse","floor":4.0,"turns":1.0},{"damage":0.0,"enemies":"Jaw Worm","floor":5.0,"turns":1.0},{"damage":5.0,"enemies":"Red Slaver","floor":7.0,"turns":3.0},{"damage":1.0,"enemies":"3 Louse","floor":12.0,"turns":3.0},{"damage":0.0,"enemies":"Exordium Thugs","floor":13.0,"turns":5.0},{"damage":18.0,"enemies":"The Guardian","floor":16.0,"turns":10.0},{"damage":6.0,"enemies":"2 Thieves","floor":18.0,"turns":2.0},{"damage":37.0,"enemies":"Masked Bandits","floor":19.0,"turns":5.0},{"damage":0.0,"enemies":"Chosen","floor":21.0,"turns":3.0},{"damage":19.0,"enemies":"Sentry and Sphere","floor":24.0,"turns":6.0},{"damage":5.0,"enemies":"Snecko","floor":30.0,"turns":6.0},{"damage":0.0,"enemies":"3 Cultists","floor":31.0,"turns":5.0},{"damage":63.0,"enemies":"Automaton","floor":33.0,"turns":11.0},{"damage":0.0,"enemies":"3 Shapes","floor":35.0,"turns":3.0},{"damage":3.0,"enemies":"Mind Bloom Boss Battle","floor":37.0,"turns":10.0},{"damage":22.0,"enemies":"Reptomancer","floor":41.0,"turns":9.0},{"damage":0.0,"enemies":"Orb Walker","floor":45.0,"turns":4.0},{"damage":18.0,"enemies":"3 Darklings","floor":47.0,"turns":7.0},{"damage":10.0,"enemies":"Transient","floor":48.0,"turns":5.0},{"damage":75,"enemies":"Awakened One","floor":50,"turns":8}],"seed_played":"-7446871352507377652","potions_obtained":[{"floor":1.0,"key":"Strength Potion"},{"floor":5.0,"key":"LiquidMemories"},{"floor":12.0,"key":"FearPotion"},{"floor":21.0,"key":"ColorlessPotion"},{"floor":41.0,"key":"LiquidMemories"}],"is_trial":false,"path_per_floor":["M","?","?","M","M","R","M","R","T","$","?","M","M","$","R","B",null,"M","?","?","M","?","R","M","R","T","?","?","R","M","M","R","B",null,"M","$","?","?","$","R","E","R","T","$","M","R","M","M","R","B"],"character_chosen":"IRONCLAD","items_purchased":["Omamori","Frozen Eye","Inflame"],"campfire_rested":6,"item_purchase_floors":[36,36,44],"current_hp_per_floor":[78,74,74,74,74,74,74,74,74,74,74,74,74,74,74,62,71,71,40,34,40,40,62,54,54,54,38,38,60,66,74,74,22,61,72,72,74,74,74,74,66,74,74,74,74,74,70,74,74,0,0],"gold":74,"neow_bonus":"THREE_ENEMY_KILL","is_daily":false,"chose_seed":false,"campfire_upgraded":5,"win_rate":0.0,"timestamp":1609895767,"path_taken":["M","?","?","M","?","R","M","R","T","?","?","?","M","$","R","BOSS","M","?","?","?","?","R","M","R","T","?","?","R","?","M","R","BOSS","M","?","?","?","$","R","E","R","T","$","M","R","M","?","R","BOSS"],"items_purchased_type":["Relic","Relic","Card"],"build_version":"2020-12-22","purchased_purges":3,"victory":false,"max_hp_per_floor":[80,74,74,74,74,74,74,74,74,74,74,74,74,74,74,74,74,74,74,74,74,74,74,74,74,74,74,74,74,74,74,74,74,74,74,74,74,74,74,74,74,74,74,74,74,74,74,74,74,74,74],"relic_stats":{"Darkstone Periapt":0,"counters":[21,108],"Bloody Idol":37,"Magic Flower":[9],"obtain_stats":[{"Darkstone Periapt":26,"NeowsBlessing":0,"Golden Idol":2,"Oddly Smooth Stone":9,"Enchiridion":27,"Magic Flower":37,"Omamori":36,"Burning Blood":0,"Frozen Eye":36,"Bloody Idol":22,"Mark of Pain":17,"Fusion Hammer":34,"Red Mask":19,"Toxic Egg 2":3,"Toy Ornithopter":41,"Red Skull":43},{"Darkstone Periapt":11,"NeowsBlessing":0,"Golden Idol":1,"Oddly Smooth Stone":4,"Enchiridion":11,"Magic Flower":16,"Omamori":15,"Burning Blood":0,"Frozen Eye":15,"Bloody Idol":10,"Mark of Pain":7,"Fusion Hammer":14,"Red Mask":9,"Toxic Egg 2":1,"Toy Ornithopter":17,"Red Skull":17},{"Darkstone Periapt":40,"NeowsBlessing":0,"Golden Idol":1,"Oddly Smooth Stone":6,"Enchiridion":40,"Magic Flower":75,"Omamori":65,"Burning Blood":0,"Frozen Eye":65,"Bloody Idol":34,"Mark of Pain":24,"Fusion Hammer":62,"Red Mask":31,"Toxic Egg 2":1,"Toy Ornithopter":84,"Red Skull":84}],"Burning Blood":98,"Toy Ornithopter":0},"card_choices":[{"not_picked":["Pummel","Wild Strike"],"picked":"Uppercut","floor":1.0},{"not_picked":["Headbutt","Rupture"],"picked":"Reckless Charge","floor":4.0},{"not_picked":["Heavy Blade","Headbutt"],"picked":"Rage+1","floor":5.0},{"not_picked":["Rupture","Flex+1"],"picked":"Second Wind+1","floor":7.0},{"not_picked":["Sword Boomerang","Rage+1"],"picked":"Sentinel+1","floor":12.0},{"not_picked":["Iron Wave","Rupture"],"picked":"Warcry+1","floor":13.0},{"not_picked":["Juggernaut","Bludgeon"],"picked":"Immolate","floor":16.0},{"not_picked":["Heavy Blade+1","Armaments+1","Headbutt"],"picked":"SKIP","floor":18.0},{"not_picked":["Thunderclap+1","Anger"],"picked":"Intimidate+1","floor":19.0},{"not_picked":["Flex+1","Wild Strike"],"picked":"Sentinel+1","floor":21.0},{"not_picked":["Bloodletting+1","Cleave","Armaments+1"],"picked":"SKIP","floor":24.0},{"not_picked":["Flex+1","Hemokinesis"],"picked":"Shrug It Off+1","floor":30.0},{"not_picked":["Searing Blow","Pommel Strike","True Grit+1"],"picked":"SKIP","floor":31.0},{"not_picked":["Demon Form","Double Tap+1"],"picked":"Exhume+1","floor":33.0},{"not_picked":["True Grit+1","Shockwave+1"],"picked":"Battle Trance+1","floor":35.0},{"not_picked":["Limit Break+1","Shrug It Off+1"],"picked":"Feel No Pain","floor":41.0},{"not_picked":["Wild Strike","Thunderclap+1"],"picked":"Disarm+1","floor":45.0},{"not_picked":["True Grit+1","Sword Boomerang","Iron Wave+1"],"picked":"SKIP","floor":47.0},{"not_picked":["Pommel Strike","Anger"],"picked":"Feel No Pain+1","floor":48.0}],"player_experience":42349,"relics_obtained":[{"floor":9.0,"key":"Oddly Smooth Stone"},{"floor":19.0,"key":"Red Mask"},{"floor":26.0,"key":"Darkstone Periapt"},{"floor":27.0,"key":"Enchiridion"},{"floor":37.0,"key":"Magic Flower"},{"floor":41.0,"key":"Toy Ornithopter"},{"floor":43.0,"key":"Red Skull"}],"event_choices":[{"damage_healed":0.0,"max_hp_gain":0.0,"max_hp_loss":6.0,"gold_gain":0.0,"event_name":"Golden Idol","player_choice":"Lose Max HP","floor":2.0,"gold_loss":0.0,"damage_taken":0.0,"relics_obtained":["Golden Idol"]},{"damage_healed":0.0,"max_hp_gain":0.0,"max_hp_loss":0.0,"gold_gain":0.0,"event_name":"Big Fish","player_choice":"Box","floor":3.0,"gold_loss":0.0,"damage_taken":0.0,"relics_obtained":["Toxic Egg 2"],"cards_obtained":["Regret"]},{"damage_healed":0.0,"max_hp_gain":0.0,"max_hp_loss":0.0,"gold_gain":0.0,"event_name":"Upgrade Shrine","player_choice":"Upgraded","floor":11.0,"gold_loss":0.0,"damage_taken":0.0,"cards_upgraded":["Bash"]},{"damage_healed":0.0,"max_hp_gain":0.0,"max_hp_loss":0.0,"gold_gain":0.0,"event_name":"Masked Bandits","player_choice":"Fought Bandits","floor":19.0,"gold_loss":0.0,"damage_taken":0.0},{"damage_healed":0.0,"max_hp_gain":0.0,"max_hp_loss":0.0,"gold_gain":0.0,"event_name":"Knowing Skull","player_choice":"","floor":20.0,"potions_obtained":[],"gold_loss":0.0,"damage_taken":6.0,"cards_obtained":[]},{"damage_healed":0.0,"max_hp_gain":0.0,"max_hp_loss":0.0,"gold_gain":0.0,"event_name":"Forgotten Altar","player_choice":"Gave Idol","floor":22.0,"relics_lost":["Golden Idol"],"gold_loss":0.0,"damage_taken":0.0,"relics_obtained":["Bloody Idol"]},{"damage_healed":0.0,"max_hp_gain":0.0,"max_hp_loss":0.0,"gold_gain":0.0,"event_name":"Cursed Tome","player_choice":"Obtained Book","floor":27.0,"gold_loss":0.0,"damage_taken":16.0},{"cards_removed":["Strike_R"],"damage_healed":0.0,"max_hp_gain":0.0,"max_hp_loss":0.0,"gold_gain":0.0,"event_name":"Back to Basics","player_choice":"Elegance","floor":28.0,"gold_loss":0.0,"damage_taken":0.0},{"damage_healed":0.0,"max_hp_gain":0.0,"max_hp_loss":0.0,"gold_gain":0.0,"event_name":"MindBloom","player_choice":"Fight","floor":37.0,"gold_loss":0.0,"damage_taken":0.0},{"damage_healed":0.0,"max_hp_gain":0.0,"max_hp_loss":0.0,"gold_gain":0.0,"event_name":"SecretPortal","player_choice":"Ignored","floor":38.0,"gold_loss":0.0,"damage_taken":0.0}],"is_beta":false,"boss_relics":[{"not_picked":["SacredBark","Runic Cube"],"picked":"Mark of Pain"},{"not_picked":["Empty Cage","Busted Crown"],"picked":"Fusion Hammer"}],"items_purged_floors":[10,14,36],"is_endless":false,"potions_floor_spawned":[1,5,12,13,21,41],"killed_by":"Awakened One","ascension_level":8}}