{"host":"5wznv0010959mrmz","time":1609953288,"event":{"mods":["BaseMod","Highlight Path","Minty Spire (QoL Compilation)","Relic Stats"],"gold_per_floor":[113,113,162,0,13,13,13,38,38,68,68,79,98,117,117,117,117],"floor_reached":16,"playtime":472,"items_purged":[],"score":270,"play_id":"2ba59e55-42d7-451a-9ee3-5f0dae8067a5","local_time":"20210106111448","is_ascension_mode":true,"campfire_choices":[{"data":"Poisoned Stab","floor":6,"key":"SMITH"},{"floor":11,"key":"REST"},{"floor":15,"key":"REST"}],"circlet_count":0,"master_deck":["AscendersBane","Strike_G","Strike_G","Strike_G","Strike_G","Strike_G","Defend_G","Defend_G","Defend_G","Defend_G","Defend_G","Survivor","Neutralize","Predator","Poisoned Stab+1","Dash","Expertise","Outmaneuver"],"relics":["Ring of the Snake","CaptainsWheel","Paper Crane","Happy Flower","TwistedFunnel","Blue Candle","Ginger","The Specimen"],"acts_visited":["Exordium"],"potions_floor_usage":[8,13,13,14],"damage_taken":[{"damage":14,"enemies":"Jaw Worm","floor":1,"turns":6},{"damage":1,"enemies":"Cultist","floor":5,"turns":3},{"damage":35,"enemies":"3 Sentries","floor":8,"turns":11},{"damage":0,"enemies":"Gremlin Nob","floor":10,"turns":4},{"damage":6,"enemies":"Small Slimes","floor":12,"turns":2},{"damage":7,"enemies":"Exordium Thugs","floor":13,"turns":3},{"damage":0,"enemies":"Gremlin Gang","floor":14,"turns":2},{"damage":61,"enemies":"The Guardian","floor":16,"turns":8}],"seed_played":"3854469783122605320","potions_obtained":[{"floor":5,"key":"Regen Potion"},{"floor":10,"key":"SkillPotion"},{"floor":12,"key":"CunningPotion"},{"floor":13,"key":"AttackPotion"}],"is_trial":false,"path_per_floor":["M","?","T","$","M","R","?","E","T","E","R","M","M","M","R","B"],"character_chosen":"THE_SILENT","items_purchased":["TwistedFunnel"],"campfire_rested":2,"item_purchase_floors":[4],"current_hp_per_floor":[45,27,27,27,26,26,26,6,6,6,24,18,11,11,29,0,0],"gold":117,"neow_bonus":"ONE_RARE_RELIC","is_daily":false,"chose_seed":false,"campfire_upgraded":1,"win_rate":0.0,"timestamp":1609953288,"path_taken":["M","?","?","$","?","R","?","E","T","E","R","M","M","M","R","BOSS"],"items_purchased_type":["Relic"],"build_version":"2020-12-22","purchased_purges":0,"victory":false,"max_hp_per_floor":[60,60,60,60,60,60,60,60,60,60,60,60,60,60,60,60,60],"relic_stats":{"Happy Flower":[11],"counters":[8,39],"Blue Candle":[0],"Ginger":[0],"obtain_stats":[{"TwistedFunnel":4,"CaptainsWheel":0,"Happy Flower":3,"The Specimen":10,"Blue Candle":8,"Ginger":9,"Paper Crane":2,"Ring of the Snake":0},{"TwistedFunnel":1,"CaptainsWheel":0,"Happy Flower":1,"The Specimen":4,"Blue Candle":3,"Ginger":3,"Paper Crane":1,"Ring of the Snake":0},{"TwistedFunnel":6,"CaptainsWheel":0,"Happy Flower":6,"The Specimen":24,"Blue Candle":20,"Ginger":20,"Paper Crane":6,"Ring of the Snake":0}],"Ring of the Snake":[16]},"card_choices":[{"not_picked":["Deflect","Crippling Poison"],"picked":"Predator","floor":1},{"not_picked":["Riddle With Holes","Acrobatics"],"picked":"Poisoned Stab","floor":5},{"not_picked":["Blur","After Image"],"picked":"Dash","floor":8},{"not_picked":["Quick Slash","Distraction"],"picked":"Expertise","floor":10},{"not_picked":["Acrobatics","Finisher","Underhanded Strike"],"picked":"SKIP","floor":12},{"not_picked":["Cloak And Dagger","Deflect"],"picked":"Outmaneuver","floor":13},{"not_picked":["Bane","Dagger Throw","PiercingWail"],"picked":"SKIP","floor":14}],"player_experience":411669,"relics_obtained":[{"floor":3,"key":"Happy Flower"},{"floor":8,"key":"Blue Candle"},{"floor":9,"key":"Ginger"},{"floor":10,"key":"The Specimen"}],"event_choices":[{"damage_healed":0,"gold_gain":0,"player_choice":"Success","damage_taken":18,"relics_obtained":["Paper Crane"],"max_hp_gain":0,"max_hp_loss":0,"event_name":"Scrap Ooze","floor":2,"gold_loss":0},{"damage_healed":0,"gold_gain":0,"player_choice":"0 cards matched","damage_taken":0,"max_hp_gain":0,"max_hp_loss":0,"event_name":"Match and Keep!","floor":7,"gold_loss":0,"cards_obtained":[]}],"is_beta":false,"boss_relics":[],"items_purged_floors":[],"is_endless":false,"potions_floor_spawned":[5,10,12,13],"killed_by":"The Guardian","ascension_level":20}}