{"host":"9w1j3v3kvq5208ps","time":1609936592,"event":{"mods":["2.2 Compatiblity","BaseMod","CapriCore","Colored Map","DeckTracker","Highlight Path","Keyboard Shortcuts","Minty Spire (QoL Compilation)","Permanent Neow","Quick Restart","StSLib","SuperFastMode","The Immortal","everything is the same but u backflip on backflip"],"gold_per_floor":[109,123,140,158,171,171,181,210,261,261,274,274,293,306,306,411,411,425,40,57,76,95,95,95],"floor_reached":23,"playtime":1498,"items_purged":["Strike_R"],"score":231,"play_id":"80dc49c6-ff62-41a2-a733-763a4b4d5600","local_time":"20210106213632","is_ascension_mode":true,"campfire_choices":[{"data":"Dark Embrace","floor":6,"key":"SMITH"},{"data":"Evolve","floor":10,"key":"SMITH"},{"data":"Power Through","floor":12,"key":"SMITH"},{"data":"Fire Breathing","floor":15,"key":"SMITH"}],"circlet_count":0,"master_deck":["Strike_R","Defend_R","Defend_R","Defend_R","Defend_R","Bash","Reckless Charge","Power Through+1","Evolve+1","Burning Pact","Dark Embrace+1","Reaper","Headbutt","Fire Breathing+1","Dropkick","Armaments","Pommel Strike","Fiend Fire","Thunderclap"],"relics":["Burning Blood","The Courier","Omamori","Empty Cage","Membership Card","Oddly Smooth Stone","Bag of Preparation","HornCleat"],"acts_visited":["Exordium","TheCity"],"potions_floor_usage":[7,8,16,16,22],"damage_taken":[{"damage":6,"enemies":"Cultist","floor":1,"turns":3},{"damage":3,"enemies":"Small Slimes","floor":2,"turns":5},{"damage":4,"enemies":"Jaw Worm","floor":3,"turns":4},{"damage":6,"enemies":"2 Fungi Beasts","floor":4,"turns":5},{"damage":11,"enemies":"Blue Slaver","floor":5,"turns":5},{"damage":9,"enemies":"3 Louse","floor":7,"turns":4},{"damage":25,"enemies":"3 Sentries","floor":8,"turns":9},{"damage":3,"enemies":"Exordium Wildlife","floor":11,"turns":4},{"damage":26,"enemies":"Large Slime","floor":13,"turns":6},{"damage":4,"enemies":"Red Slaver","floor":14,"turns":5},{"damage":11,"enemies":"Hexaghost","floor":16,"turns":7},{"damage":11,"enemies":"Shell Parasite","floor":18,"turns":5},{"damage":10,"enemies":"Chosen","floor":20,"turns":5},{"damage":7,"enemies":"Centurion and Healer","floor":21,"turns":7},{"damage":43,"enemies":"Snake Plant","floor":22,"turns":5},{"damage":39,"enemies":"Gremlin Leader","floor":23,"turns":3}],"seed_played":"-5031816691403001763","potions_obtained":[{"floor":1,"key":"Fire Potion"},{"floor":2,"key":"FearPotion"},{"floor":3,"key":"SpeedPotion"},{"floor":5,"key":"Block Potion"},{"floor":13,"key":"DistilledChaos"},{"floor":21,"key":"Fire Potion"}],"is_trial":false,"path_per_floor":["M","M","M","M","M","R","M","E","T","R","M","R","M","M","R","B",null,"M","$","M","M","M","E"],"character_chosen":"IRONCLAD","items_purchased":["Membership Card","Oddly Smooth Stone","Bag of Preparation","HornCleat"],"campfire_rested":0,"item_purchase_floors":[19,19,19,19],"current_hp_per_floor":[80,80,80,80,75,75,80,69,69,69,72,72,58,60,60,55,80,75,75,71,70,33,0,0],"gold":95,"neow_bonus":"TRANSFORM_CARD","is_daily":false,"chose_seed":false,"campfire_upgraded":4,"win_rate":0.0,"timestamp":1609936592,"path_taken":["M","M","M","M","M","R","M","E","T","R","M","R","M","M","R","BOSS","M","?","M","M","M","E"],"items_purchased_type":["Relic","Relic","Relic","Relic"],"build_version":"2020-12-22","purchased_purges":1,"victory":false,"max_hp_per_floor":[80,80,80,80,80,80,80,80,80,80,80,80,80,80,80,80,80,80,80,80,80,80,80,80],"card_choices":[{"not_picked":["Wild Strike","Warcry"],"picked":"Power Through","floor":1},{"not_picked":["Heavy Blade","Entrench"],"picked":"Evolve","floor":2},{"not_picked":["Flex","Havoc"],"picked":"Burning Pact","floor":3},{"not_picked":["Armaments","Clash"],"picked":"Dark Embrace","floor":4},{"not_picked":["Dual Wield","Body Slam"],"picked":"Reaper","floor":5},{"not_picked":["True Grit","Dual Wield"],"picked":"Headbutt","floor":7},{"not_picked":["Perfected Strike","Headbutt"],"picked":"Fire Breathing","floor":8},{"not_picked":["True Grit","Twin Strike"],"picked":"Dropkick","floor":11},{"not_picked":["Spot Weakness","Rupture"],"picked":"Armaments","floor":13},{"not_picked":["Exhume","True Grit"],"picked":"Pommel Strike","floor":14},{"not_picked":["Reaper","Brutality"],"picked":"Fiend Fire","floor":16},{"not_picked":["Heavy Blade","Wild Strike"],"picked":"Thunderclap","floor":18},{"not_picked":["Thunderclap","Heavy Blade","Flame Barrier"],"picked":"SKIP","floor":20},{"not_picked":["Headbutt","Flex","Sword Boomerang"],"picked":"SKIP","floor":21},{"not_picked":["Perfected Strike","Twin Strike","Headbutt"],"picked":"SKIP","floor":22}],"player_experience":220260,"relics_obtained":[{"floor":8,"key":"The Courier"},{"floor":9,"key":"Omamori"}],"event_choices":[],"is_beta":false,"boss_relics":[{"not_picked":["SacredBark","Busted Crown"],"picked":"Empty Cage"}],"items_purged_floors":[19],"is_endless":false,"potions_floor_spawned":[1,2,3,5,13,21],"killed_by":"Gremlin Leader","ascension_level":3}}