{"host":"pqhwp6kmk3x070f7","time":1609927817,"event":{"mods":["Act Like it!","BaseMod","Better Altar","Better Match","Better Note","Better Sensory Stone","Better Skull","Better Third Choice","Downfall","Energized Spire","Hallownest","Hubris","Infinite Spire","Minty Spire (QoL Compilation)","Replay The Spire","StSLib","The Animator","The Bug Knight","The Caster","The Marked"],"gold_per_floor":[112,127,127,127,148,148,148,191,205,259,259,289,216,242,242,278,278,385,385,400,406,406],"floor_reached":21,"playtime":2993,"items_purged":[],"score":198,"play_id":"4d0a72e4-d1db-4b1c-8760-a1f1b4924fd3","local_time":"20210106021017","is_ascension_mode":true,"campfire_choices":[{"floor":15,"key":"REST"},{"floor":17,"key":"REST"}],"circlet_count":0,"master_deck":["caster:Focusyn+1","animator:Strike_HitsugiNoChaika","animator:Defend_HitsugiNoChaika","animator:Strike","animator:Strike","animator:Defend","animator:Defend","animator:Defend","animator:AcuraAkari","animator:Gillette","animator:ElricEdward","animator:ElricAlphonse","animator:MaesHughes","animator:Pride","animator:Gluttony","animator:Sloth","animator:WinryRockbell","animator:Envy"],"relics":["animator:LivingPicture","animator:TheMissingPiece","Girya","Replay:Bandana","Bag of Marbles","hubris:OldNail","hubris:SphereOfDissonance","hubris:Spice","hubris:Backtick","Membership Card"],"acts_visited":["Exordium","TheCity"],"potions_floor_usage":[8,8,9,16],"damage_taken":[{"damage":2,"enemies":"Small Slimes","floor":1,"turns":5},{"damage":6,"enemies":"Jaw Worm","floor":2,"turns":5},{"damage":3,"enemies":"2 Louse","floor":5,"turns":2},{"damage":9,"enemies":"Gremlin Nob","floor":8,"turns":3},{"damage":6,"enemies":"Red Slaver","floor":9,"turns":4},{"damage":5,"enemies":"Gremlin Gang","floor":12,"turns":5},{"damage":6,"enemies":"2 Fungi Beasts","floor":14,"turns":4},{"damage":16,"enemies":"Lagavulin","floor":16,"turns":4},{"damage":25,"enemies":"Slime Boss","floor":18,"turns":6},{"damage":16,"enemies":"Shell Parasite","floor":20,"turns":8},{"damage":12,"enemies":"Chosen","floor":21,"turns":4}],"seed_played":"-7798997186127660773","potions_obtained":[{"floor":1,"key":"FearPotion"},{"floor":5,"key":"AttackPotion"},{"floor":8,"key":"Regen Potion"},{"floor":9,"key":"ColorlessPotion"}],"is_trial":false,"path_per_floor":["M","M","?","?","M","PTL","PTL","E","M","T","T","M","$","M","R","E","R","B",null,"M","M"],"character_chosen":"THE_ANIMATOR","items_purchased":["animator:Gluttony"],"campfire_rested":2,"item_purchase_floors":[13],"current_hp_per_floor":[58,52,45,45,42,42,42,33,39,39,39,34,34,28,46,38,58,37,68,52,40,40],"gold":406,"neow_bonus":"ONE_RARE_RELIC","is_daily":false,"chose_seed":false,"campfire_upgraded":0,"win_rate":0.0,"timestamp":1609927817,"path_taken":["M","M","?","?","M","PTL","PTL","E","M","?","T","M","?","?","R","E","R","BOSS","M","M"],"items_purchased_type":["Card"],"build_version":"2020-12-22","purchased_purges":0,"victory":false,"max_hp_per_floor":[60,60,60,60,60,60,60,60,60,60,60,60,60,60,60,68,68,68,68,68,68,68],"card_choices":[{"not_picked":["animator:Chung","animator:Elsword"],"picked":"animator:ElricEdward","floor":1},{"not_picked":["animator:Mitsuba","animator:LizardPriest"],"picked":"animator:ElricAlphonse","floor":2},{"not_picked":["animator:Mikaela","animator:Shinoa","animator:Azekura"],"picked":"SKIP","floor":5},{"not_picked":["animator:Sloth","animator:ElricAlphonse"],"picked":"animator:MaesHughes","floor":8},{"not_picked":["animator:DwarfShaman","animator:DolaStephanie"],"picked":"animator:Pride","floor":9},{"not_picked":["animator:ChaikaBohdan","animator:Shigure","animator:Azekura"],"picked":"SKIP","floor":12},{"not_picked":["animator:ChaikaBohdan","animator:Shigure","animator:Azekura"],"picked":"SKIP","floor":12},{"not_picked":["animator:Mitsuba","animator:Jibril"],"picked":"animator:Sloth","floor":14},{"not_picked":["animator:ElricAlphonse","animator:Scar"],"picked":"animator:WinryRockbell","floor":16},{"not_picked":["animator:HigakiRinne","animator:Elesis"],"picked":"animator:Envy","floor":18},{"not_picked":["animator:Elsword","animator:Viivi","animator:Chung"],"picked":"SKIP","floor":20}],"player_experience":1994118,"relics_obtained":[{"floor":4,"key":"Replay:Bandana"},{"floor":8,"key":"Bag of Marbles"},{"floor":10,"key":"hubris:OldNail"},{"floor":11,"key":"hubris:SphereOfDissonance"},{"floor":16,"key":"hubris:Spice"}],"event_choices":[{"cards_removed":["animator:Strike"],"damage_healed":0,"gold_gain":0,"player_choice":"Card Removal","damage_taken":7,"max_hp_gain":0,"max_hp_loss":0,"event_name":"Golden Wing","floor":3,"gold_loss":0}],"is_beta":false,"boss_relics":[{"not_picked":["hubris:Spice","ChewingGum"],"picked":"hubris:Backtick"}],"items_purged_floors":[],"is_endless":false,"potions_floor_spawned":[1,5,8,9],"killed_by":"Chosen","ascension_level":1}}