{"host":"qgpuimdto8vl2dfg","time":1609917202,"event":{"mods":["Act Like it!","BaseMod","Colored Powertips","Lobotomy","Minty Spire (QoL Compilation)","Quick Restart","Relic Stats","Shop Mod","StSLib"],"gold_per_floor":[117,117,130,130,153,153,153],"floor_reached":6,"playtime":272,"items_purged":[],"score":36,"play_id":"782b065b-43f1-4950-a6c5-52eeadabe621","local_time":"20210106151322","is_ascension_mode":false,"campfire_choices":[],"circlet_count":0,"master_deck":["Strike_P","Strike_P","Strike_P","Defend_P","Defend_P","Defend_P","Defend_P","Eruption","Vigilance","Sanctity","Worship","CrumblingArmor","ReachHeaven"],"relics":["PureWater","CogitoBucket","Golden Idol"],"acts_visited":["Exordium"],"potions_floor_usage":[],"damage_taken":[{"damage":1.0,"enemies":"Jaw Worm","floor":1.0,"turns":3.0},{"damage":0.0,"enemies":"2 Louse","floor":3.0,"turns":2.0},{"damage":0,"enemies":"Small Slimes","floor":5,"turns":1},{"damage":0,"enemies":"Small Slimes","floor":5,"turns":1},{"damage":27,"enemies":"Gremlin Nob","floor":6,"turns":4}],"seed_played":"-2672249939221205128","potions_obtained":[],"is_trial":false,"path_per_floor":["M","?","M","?","M","E"],"character_chosen":"WATCHER","items_purchased":[],"campfire_rested":0,"item_purchase_floors":[],"current_hp_per_floor":[71,53,53,46,26,0,0],"gold":153,"neow_bonus":"","is_daily":false,"chose_seed":false,"campfire_upgraded":0,"win_rate":0.0,"timestamp":1609917202,"path_taken":["M","?","M","?","M","E"],"items_purchased_type":[],"build_version":"2020-12-22","purchased_purges":0,"victory":false,"max_hp_per_floor":[72,72,72,72,72,72,72],"relic_stats":{"counters":[4,10],"Golden Idol":8,"obtain_stats":[{"Yang_Lob":3,"CogitoBucket":0,"Golden Idol":2,"PureWater":0},{"Yang_Lob":2,"CogitoBucket":0,"Golden Idol":1,"PureWater":0},{"Yang_Lob":5,"CogitoBucket":0,"Golden Idol":3,"PureWater":0}]},"card_choices":[{"not_picked":["Scarecrow","PunishingBird"],"picked":"Yin","floor":1.0},{"not_picked":["Tantrum","FollowUp"],"picked":"Sanctity","floor":1.0},{"not_picked":["EmptyBody","PathToVictory"],"picked":"Worship","floor":3.0},{"not_picked":["SpiderBud","Murderer"],"picked":"CrumblingArmor","floor":5},{"not_picked":["Swivel","Perseverance"],"picked":"ReachHeaven","floor":5}],"player_experience":390041,"relics_obtained":[],"event_choices":[{"damage_healed":0.0,"max_hp_gain":0.0,"max_hp_loss":0.0,"gold_gain":0.0,"event_name":"Golden Idol","player_choice":"Take Damage","floor":2.0,"gold_loss":0.0,"damage_taken":18.0,"relics_obtained":["Golden Idol"]},{"cards_removed":["Strike_P"],"damage_healed":0.0,"max_hp_gain":0.0,"max_hp_loss":0.0,"gold_gain":0.0,"event_name":"Golden Wing","player_choice":"Card Removal","floor":4.0,"gold_loss":0.0,"damage_taken":7.0}],"is_beta":false,"boss_relics":[],"items_purged_floors":[],"is_endless":false,"potions_floor_spawned":[],"killed_by":"Gremlin Nob","ascension_level":0}}