{"host":"840yoaz69lavfcgt","time":1609913606,"event":{"mods":["BaseMod","Colored Powertips","DeckTracker","Highlight Path","Minty Spire (QoL Compilation)","Synergy Search"],"gold_per_floor":[116,13,88,4,14,48,13,13,36,36,59,73,98,84,84,184,184,199,199,217,228,33,33,33,67,141,167,167,178,26,40,40,40,40],"floor_reached":33,"playtime":2468,"items_purged":[],"score":318,"play_id":"0a6d3e8f-08f5-457b-b03a-d8bd51c7565e","local_time":"20210106011326","is_ascension_mode":false,"campfire_choices":[{"data":"TalkToTheHand","floor":8.0,"key":"SMITH"},{"data":"Bandage Up","floor":10.0,"key":"SMITH"},{"floor":15.0,"key":"REST"},{"floor":23.0,"key":"REST"},{"data":"Devotion","floor":32,"key":"SMITH"}],"circlet_count":0,"master_deck":["Strike_P","Strike_P","Strike_P","Defend_P","Defend_P","Defend_P","Defend_P","Eruption","Vigilance","FollowUp","Prostrate","Bandage Up+1","Protect","Brilliance","TalkToTheHand+1","FollowUp","Swivel","Halt","Devotion+1","Vengeance","WindmillStrike","PathToVictory+1","FlurryOfBlows","SashWhip+1","Perseverance+1","FlurryOfBlows+1","Sanctity+1"],"relics":["PureWater","NeowsBlessing","Lantern","Omamori","MealTicket","Toy Ornithopter","Bag of Marbles","SacredBark","WarpedTongs","Bronze Scales","Shuriken","Bottled Flame","Blood Vial","PreservedInsect"],"acts_visited":["Exordium","TheCity"],"potions_floor_usage":[33,33],"damage_taken":[{"damage":0.0,"enemies":"2 Louse","floor":1.0,"turns":1.0},{"damage":0.0,"enemies":"Small Slimes","floor":5.0,"turns":1.0},{"damage":0.0,"enemies":"Gremlin Nob","floor":6.0,"turns":1.0},{"damage":0.0,"enemies":"Cultist","floor":12.0,"turns":3.0},{"damage":19.0,"enemies":"3 Sentries","floor":13.0,"turns":12.0},{"damage":10.0,"enemies":"Exordium Thugs","floor":14.0,"turns":4.0},{"damage":28.0,"enemies":"Hexaghost","floor":16.0,"turns":8.0},{"damage":26.0,"enemies":"3 Byrds","floor":18.0,"turns":9.0},{"damage":31.0,"enemies":"Chosen","floor":20.0,"turns":5.0},{"damage":32.0,"enemies":"3 Cultists","floor":21.0,"turns":5.0},{"damage":64.0,"enemies":"Slavers","floor":25.0,"turns":7.0},{"damage":29.0,"enemies":"Book of Stabbing","floor":27.0,"turns":4.0},{"damage":0,"enemies":"Snecko","floor":29,"turns":5},{"damage":0,"enemies":"Centurion and Healer","floor":31,"turns":5},{"damage":68,"enemies":"Collector","floor":33,"turns":6}],"seed_played":"-4663396672507256255","potions_obtained":[{"floor":12.0,"key":"LiquidBronze"},{"floor":13.0,"key":"PowerPotion"},{"floor":14.0,"key":"FairyPotion"},{"floor":16.0,"key":"LiquidMemories"},{"floor":20.0,"key":"Swift Potion"},{"floor":25.0,"key":"Weak Potion"},{"floor":31,"key":"LiquidBronze"}],"is_trial":false,"path_per_floor":["M","$","?","?","M","E","$","R","T","R","T","M","E","M","R","B",null,"M","?","M","M","$","R","?","E","T","E","?","M","$","M","R","B"],"character_chosen":"WATCHER","items_purchased":["Prostrate","Bandage Up","TalkToTheHand","Bronze Scales","FlurryOfBlows","PreservedInsect"],"campfire_rested":2,"item_purchase_floors":[2,2,7,22,22,30],"current_hp_per_floor":[72,72,61,61,61,61,61,61,61,61,61,67,53,54,72,50,72,54,54,29,3,18,39,26,29,29,11,11,19,34,42,42,0,0],"gold":40,"neow_bonus":"THREE_ENEMY_KILL","is_daily":false,"chose_seed":false,"campfire_upgraded":3,"win_rate":0.0,"timestamp":1609913606,"path_taken":["M","$","?","?","?","E","$","R","T","R","?","M","E","M","R","BOSS","M","?","?","M","$","R","?","E","T","E","?","?","$","M","R","BOSS"],"items_purchased_type":["Card","Card","Card","Relic","Card","Relic"],"build_version":"2020-12-22","purchased_purges":0,"victory":false,"max_hp_per_floor":[72,72,72,72,72,72,72,72,72,72,72,72,72,72,72,72,72,72,72,72,72,72,72,77,77,77,77,77,77,77,77,77,77,77],"card_choices":[{"not_picked":["BowlingBash","Crescendo"],"picked":"FollowUp","floor":1.0},{"not_picked":["Weave","EmptyMind"],"picked":"Protect","floor":5.0},{"not_picked":["Nirvana","WheelKick"],"picked":"Brilliance","floor":6.0},{"not_picked":["Protect","FlurryOfBlows"],"picked":"FollowUp","floor":12.0},{"not_picked":["Sanctity","Tantrum"],"picked":"Swivel","floor":13.0},{"not_picked":["PathToVictory","BowlingBash"],"picked":"Halt","floor":14.0},{"not_picked":["Establishment","Blasphemy"],"picked":"Devotion","floor":16.0},{"not_picked":["EmptyBody","Worship"],"picked":"Vengeance","floor":18.0},{"not_picked":["Wireheading","ForeignInfluence+1"],"picked":"WindmillStrike","floor":20.0},{"not_picked":["WheelKick","Wireheading"],"picked":"PathToVictory+1","floor":21.0},{"not_picked":["WreathOfFlame","Swivel"],"picked":"SashWhip+1","floor":25.0},{"not_picked":["ThirdEye+1","FollowUp"],"picked":"Perseverance+1","floor":27.0},{"not_picked":["ThirdEye","CarveReality+1"],"picked":"FlurryOfBlows+1","floor":29},{"not_picked":["Omniscience","Consecrate+1"],"picked":"Sanctity+1","floor":31}],"player_experience":155382,"relics_obtained":[{"floor":6.0,"key":"Omamori"},{"floor":9.0,"key":"MealTicket"},{"floor":11.0,"key":"Toy Ornithopter"},{"floor":13.0,"key":"Bag of Marbles"},{"floor":25.0,"key":"Shuriken"},{"floor":26.0,"key":"Bottled Flame"},{"floor":27.0,"key":"Blood Vial"}],"event_choices":[{"damage_healed":0.0,"max_hp_gain":0.0,"max_hp_loss":0.0,"gold_gain":75.0,"event_name":"World of Goop","player_choice":"Gather Gold","floor":3.0,"gold_loss":0.0,"damage_taken":11.0},{"damage_healed":0.0,"max_hp_gain":0.0,"max_hp_loss":0.0,"gold_gain":0.0,"event_name":"WeMeetAgain","player_choice":"Paid Gold","floor":4.0,"gold_loss":84.0,"damage_taken":0.0,"relics_obtained":["Lantern"]},{"damage_healed":0.0,"max_hp_gain":0.0,"max_hp_loss":0.0,"gold_gain":0.0,"event_name":"Accursed Blacksmith","player_choice":"Rummage","floor":19.0,"gold_loss":0.0,"damage_taken":0.0,"relics_obtained":["WarpedTongs"],"cards_obtained":["Pain"]},{"damage_healed":0.0,"max_hp_gain":5.0,"max_hp_loss":0.0,"gold_gain":0.0,"event_name":"Forgotten Altar","player_choice":"Shed Blood","floor":24.0,"gold_loss":0.0,"damage_taken":18.0},{"cards_removed":["Strike_P"],"damage_healed":0.0,"max_hp_gain":0.0,"max_hp_loss":0.0,"gold_gain":0.0,"event_name":"Bonfire Elementals","player_choice":"Offered Basic","floor":28.0,"gold_loss":0.0,"damage_taken":0.0}],"is_beta":false,"boss_relics":[{"not_picked":["Ectoplasm","Tiny House"],"picked":"SacredBark"}],"items_purged_floors":[],"is_endless":false,"potions_floor_spawned":[12,13,14,16,20,25,31],"killed_by":"Collector","ascension_level":0}}