{"host":"2he95iptrbxkejc1","time":1609940019,"event":{"mods":["AchievementEnabler","BaseMod","Colored Powertips","Downfall","Hermit","Infinite Spire","Marisa????????","Minty Spire (QoL Compilation)","Random Character Mod","Replay The Spire","StSLib","Td1madao Mod","The Cursed","The Disciple","The Hierophant","The Marked","The Mystic","The Necromancer","The Poker Player","The Runesmith","The Servant 0.9.4"],"gold_per_floor":[99,110,130,146,56,76,126,159,187,199,229,253,280,306,335,347,347,347],"floor_reached":16,"playtime":1571,"items_purged":["Slimebound:Defend_Slimebound"],"score":110,"play_id":"04b4a00f-139d-4581-840e-4c52965a769f","local_time":"20210106133339","is_ascension_mode":false,"campfire_choices":[{"data":"Slimebound:Split","floor":1,"key":"SMITH"},{"data":"Slimebound:FirmFortitude","floor":10,"key":"SMITH"}],"circlet_count":0,"master_deck":["Slimebound:Strike_Slimebound","Slimebound:Strike_Slimebound","Slimebound:Strike_Slimebound","Slimebound:Tackle","Slimebound:Defend_Slimebound","Slimebound:Defend_Slimebound","Slimebound:Defend_Slimebound","Slimebound:Split+1","Slimebound:CorrosiveSpit","Slimebound:SamplingLick","Slimebound:SpikyOuterGoop","Slimebound:Gluttony","Slimebound:GoopSpray","Slimebound:FirmFortitude+1","Slimebound:RollThrough","Slimebound:ProtectTheBoss","Slimebound:LevelUp","Slimebound:MassFeed"],"relics":["Slimebound:AbsorbEndCombat","Pet Ghost","MawBank"],"acts_visited":["Exordium"],"potions_floor_usage":[6,8,16,16,16],"damage_taken":[{"damage":8,"enemies":"Cultist","floor":2,"turns":3},{"damage":14,"enemies":"Jaw Worm","floor":3,"turns":3},{"damage":8,"enemies":"Small Slimes","floor":4,"turns":3},{"damage":11,"enemies":"downfall:FleeingMerchant","floor":5,"turns":4},{"damage":20,"enemies":"Blue Slaver","floor":6,"turns":3},{"damage":35,"enemies":"3 Sentries","floor":8,"turns":7},{"damage":26,"enemies":"3 Louse","floor":9,"turns":3},{"damage":20,"enemies":"Exordium Thugs","floor":11,"turns":4},{"damage":17,"enemies":"Red Slaver","floor":12,"turns":3},{"damage":23,"enemies":"Large Slime","floor":13,"turns":6},{"damage":4,"enemies":"2 Fungi Beasts","floor":14,"turns":3},{"damage":10,"enemies":"Blue Slaver","floor":15,"turns":4},{"damage":93,"enemies":"downfall:Defect","floor":16,"turns":6}],"seed_played":"-8929558832546308431","potions_obtained":[{"floor":2,"key":"LifebloodPotion"},{"floor":4,"key":"Fruit Juice"},{"floor":6,"key":"Fire Potion"},{"floor":8,"key":"BlessingOfTheForge"},{"floor":13,"key":"SkillPotion"}],"is_trial":false,"path_per_floor":["R","M","M","M","$","M","T","E","M","R","M","M","M","M","M","B"],"character_chosen":"SLIMEBOUND","items_purchased":[],"campfire_rested":0,"item_purchase_floors":[],"current_hp_per_floor":[66,66,66,66,66,67,67,48,34,34,30,29,42,54,67,0,0,0],"gold":347,"neow_bonus":"TEN_PERCENT_HP_BONUS","is_daily":false,"chose_seed":false,"campfire_upgraded":2,"win_rate":0.0,"timestamp":1609940019,"path_taken":["R","M","M","M","?","M","T","E","M","R","M","M","M","M","M","BOSS"],"items_purchased_type":[],"build_version":"2020-12-22","purchased_purges":1,"victory":false,"max_hp_per_floor":[66,66,66,66,66,71,71,71,71,71,71,71,71,71,74,74,74,74],"card_choices":[{"not_picked":["Slimebound:SplitMire","Slimebound:ComboTackle"],"picked":"Slimebound:SamplingLick","floor":2},{"not_picked":["Slimebound:SlimeSpikes","Slimebound:AcidTongue"],"picked":"Slimebound:SpikyOuterGoop","floor":3},{"not_picked":["Slimebound:Grow","Slimebound:SlimeSpikes"],"picked":"Slimebound:Gluttony","floor":4},{"not_picked":["Slimebound:PressTheAttack","Slimebound:RainOfGoop","Slimebound:SplitMire"],"picked":"SKIP","floor":5},{"not_picked":["Slimebound:Schlurp","Slimebound:ForwardTackle"],"picked":"Slimebound:GoopSpray","floor":6},{"not_picked":["Slimebound:LeechingTouch","Slimebound:SlimeSlap"],"picked":"Slimebound:FirmFortitude","floor":8},{"not_picked":["Slimebound:GrowthPunch","Slimebound:LivingWall","Slimebound:ItLooksTasty"],"picked":"SKIP","floor":9},{"not_picked":["Slimebound:GrowthPunch","Slimebound:LivingWall","Slimebound:ItLooksTasty"],"picked":"SKIP","floor":9},{"not_picked":["Slimebound:PressTheAttack","Slimebound:FinishingTackle"],"picked":"Slimebound:RollThrough","floor":11},{"not_picked":["Slimebound:SlimeSpikes","Slimebound:RollThrough"],"picked":"Slimebound:ProtectTheBoss","floor":12},{"not_picked":["Slimebound:SplitBruiser","Slimebound:GoopSpray"],"picked":"Slimebound:LevelUp","floor":13},{"not_picked":["Slimebound:Dissolve","Slimebound:GoopSpray"],"picked":"Slimebound:MassFeed","floor":14},{"not_picked":["Slimebound:Schlurp","Slimebound:ViciousTackle","Slimebound:FinishingTackle"],"picked":"SKIP","floor":15}],"player_experience":78247,"relics_obtained":[{"floor":7,"key":"Pet Ghost"},{"floor":8,"key":"MawBank"}],"event_choices":[],"is_beta":false,"boss_relics":[],"items_purged_floors":[5],"is_endless":false,"potions_floor_spawned":[2,4,6,8,13,15],"killed_by":"downfall:Defect","ascension_level":0}}