{"host":"x3q4ieql2tr7v8o6","time":1609966483,"event":{"mods":["BaseMod","Better Altar","Better Note","Better Sensory Stone","Better Skull","Better Third Choice","Colored Map","Minty Spire (QoL Compilation)","StSLib"],"gold_per_floor":[110,35,50,200,200,233,250,284,335,353,353,26,49,49,49,145,145,169,192,192,192,192,192,43,43,118,151,151,186,201,221,221,221,221],"floor_reached":33,"playtime":1258,"items_purged":[],"score":653,"play_id":"bb722a51-ae7a-498b-a62f-ba703a037059","local_time":"20210106205443","is_ascension_mode":true,"campfire_choices":[{"floor":11,"key":"REST"},{"floor":15,"key":"REST"},{"data":"Acrobatics","floor":23,"key":"SMITH"},{"data":"Footwork","floor":25,"key":"SMITH"},{"data":"Bullet Time","floor":28,"key":"SMITH"},{"floor":32,"key":"REST"}],"circlet_count":0,"master_deck":["AscendersBane","Survivor","Neutralize","Masterful Stab","Flying Knee","Doubt","Pain","Dagger Throw+1","Dodge and Roll","Prepared","Slice+1","Footwork+1","Sucker Punch+1","Cloak And Dagger","Injury","Bullet Time","Bane+1","Underhanded Strike+1","Deflect","Backflip","Deadly Poison","Escape Plan","Acrobatics+1","Bullet Time+1","Dagger Throw+1","Predator+1","Flying Knee+1","Writhe","Flying Knee+1","Adrenaline","Skewer+1","Blur"],"relics":["Ring of the Snake","NeowsBlessing","WarpedTongs","Molten Egg 2","Toy Ornithopter","Oddly Smooth Stone","Gremlin Horn","Odd Mushroom","Bloody Idol","Pandora\u0027s Box","Akabeko","Vajra","Mummified Hand","Boot","Bottled Tornado"],"acts_visited":["Exordium","TheCity"],"potions_floor_usage":[8,16,16,18,27,33,33],"damage_taken":[{"damage":0,"enemies":"Small Slimes","floor":1,"turns":1},{"damage":0,"enemies":"2 Louse","floor":3,"turns":1},{"damage":0,"enemies":"Gremlin Nob","floor":6,"turns":1},{"damage":1,"enemies":"Cultist","floor":7,"turns":3},{"damage":15,"enemies":"3 Sentries","floor":8,"turns":12},{"damage":23,"enemies":"Exordium Thugs","floor":10,"turns":9},{"damage":19,"enemies":"The Mushroom Lair","floor":13,"turns":5},{"damage":41,"enemies":"Slime Boss","floor":16,"turns":17},{"damage":8,"enemies":"3 Byrds","floor":18,"turns":5},{"damage":0,"enemies":"Chosen","floor":19,"turns":3},{"damage":23,"enemies":"Slavers","floor":27,"turns":5},{"damage":41,"enemies":"Gremlin Leader","floor":29,"turns":7},{"damage":3,"enemies":"3 Cultists","floor":30,"turns":5},{"damage":2,"enemies":"Sentry and Sphere","floor":31,"turns":3},{"damage":56,"enemies":"Automaton","floor":33,"turns":14}],"seed_played":"-3156016116226475684","potions_obtained":[{"floor":1,"key":"FearPotion"},{"floor":6,"key":"DuplicationPotion"},{"floor":13,"key":"Ancient Potion"},{"floor":16,"key":"Strength Potion"},{"floor":18,"key":"Regen Potion"},{"floor":30,"key":"GhostInAJar"},{"floor":31,"key":"Dexterity Potion"}],"is_trial":false,"path_per_floor":["M","?","M","?","?","E","M","E","T","M","R","$","?","?","R","B",null,"M","M","?","?","?","R","$","R","T","E","R","E","M","M","R","B"],"character_chosen":"THE_SILENT","items_purchased":["Gremlin Horn","Footwork","Sucker Punch+1","Vajra"],"campfire_rested":3,"item_purchase_floors":[12,12,12,24],"current_hp_per_floor":[59,59,59,59,59,59,58,43,43,20,39,39,20,20,39,8,52,49,49,48,48,48,48,48,48,53,54,54,18,20,23,42,0,0],"gold":221,"neow_bonus":"THREE_ENEMY_KILL","is_daily":false,"chose_seed":false,"campfire_upgraded":3,"win_rate":0.0,"timestamp":1609966483,"path_taken":["M","?","M","?","?","E","M","E","T","?","R","$","?","?","R","BOSS","M","M","?","?","?","R","?","R","T","E","R","E","?","?","R","BOSS"],"items_purchased_type":["Relic","Card","Card","Relic"],"build_version":"2020-12-22","purchased_purges":0,"victory":false,"max_hp_per_floor":[66,66,66,66,66,66,66,66,66,66,66,66,66,66,66,66,66,66,66,66,66,66,66,66,66,66,66,66,66,66,66,66,66,66],"card_choices":[{"not_picked":["Blur","Expertise"],"picked":"Masterful Stab","floor":1},{"not_picked":["Deadly Poison","Infinite Blades"],"picked":"Flying Knee","floor":3},{"not_picked":["Deadly Poison","Dodge and Roll"],"picked":"Dagger Throw+1","floor":6},{"not_picked":["Acrobatics","Escape Plan"],"picked":"Dodge and Roll","floor":7},{"not_picked":["Flechettes+1","Outmaneuver"],"picked":"Prepared","floor":8},{"not_picked":["Calculated Gamble","Infinite Blades"],"picked":"Slice+1","floor":10},{"not_picked":["Flechettes+1","Outmaneuver"],"picked":"Cloak And Dagger","floor":13},{"not_picked":["After Image","Storm of Steel"],"picked":"Bullet Time","floor":16},{"not_picked":["Cloak And Dagger","Reflex"],"picked":"Predator+1","floor":18},{"not_picked":["Acrobatics","Prepared"],"picked":"Flying Knee+1","floor":19},{"not_picked":["Dagger Spray+1","Acrobatics"],"picked":"Flying Knee+1","floor":27},{"not_picked":["Slice+1","Deadly Poison"],"picked":"Adrenaline","floor":29},{"not_picked":["Bane+1","Acrobatics"],"picked":"Skewer+1","floor":30},{"not_picked":["Heel Hook+1","Expertise"],"picked":"Blur","floor":31}],"player_experience":702495,"relics_obtained":[{"floor":6,"key":"Molten Egg 2"},{"floor":8,"key":"Toy Ornithopter"},{"floor":9,"key":"Oddly Smooth Stone"},{"floor":13,"key":"Odd Mushroom"},{"floor":26,"key":"Mummified Hand"},{"floor":27,"key":"Boot"},{"floor":29,"key":"Bottled Tornado"}],"event_choices":[{"cards_removed":["Strike_G"],"damage_healed":0,"gold_gain":0,"player_choice":"Card Removal","damage_taken":0,"max_hp_gain":0,"max_hp_loss":0,"event_name":"The Cleric","floor":2,"gold_loss":75},{"damage_healed":0,"gold_gain":150,"player_choice":"AGREE","damage_taken":50,"max_hp_gain":0,"max_hp_loss":0,"event_name":"betterThird:BetterSerpent","floor":4,"gold_loss":0},{"damage_healed":0,"gold_gain":0,"player_choice":"Rummage","damage_taken":0,"relics_obtained":["WarpedTongs"],"max_hp_gain":0,"max_hp_loss":0,"event_name":"Accursed Blacksmith","floor":5,"gold_loss":0,"cards_obtained":["Pain"]},{"damage_healed":0,"gold_gain":0,"player_choice":"Fought Mushrooms","damage_taken":0,"max_hp_gain":0,"max_hp_loss":0,"event_name":"Mushrooms","floor":13,"gold_loss":0},{"damage_healed":0,"gold_gain":0,"player_choice":"Take Wound","damage_taken":0,"relics_obtained":["Golden Idol"],"max_hp_gain":0,"max_hp_loss":0,"event_name":"Golden Idol","floor":14,"gold_loss":0,"cards_obtained":["Injury"]},{"damage_healed":0,"gold_gain":0,"player_choice":" GoldIdol ","damage_taken":1,"relics_obtained":["Bloody Idol"],"max_hp_gain":49,"max_hp_loss":48,"event_name":"betterAltar:BetterAltar","floor":20,"potions_obtained":[],"relics_lost":["Golden Idol"],"gold_loss":0},{"damage_healed":0,"gold_gain":0,"player_choice":"Ignored","damage_taken":0,"max_hp_gain":0,"max_hp_loss":0,"event_name":"Ghosts","floor":21,"gold_loss":0},{"damage_healed":0,"gold_gain":0,"player_choice":"Opened","damage_taken":0,"relics_obtained":["Akabeko"],"max_hp_gain":0,"max_hp_loss":0,"event_name":"The Mausoleum","floor":22,"gold_loss":0,"cards_obtained":["Writhe"]}],"is_beta":false,"boss_relics":[{"not_picked":["HoveringKite","Coffee Dripper"],"picked":"Pandora\u0027s Box"}],"items_purged_floors":[],"is_endless":false,"potions_floor_spawned":[1,6,13,16,18,30,31],"killed_by":"Automaton","ascension_level":15}}