{"host":"1a3cjta80tad0aqj","time":1609944186,"event":{"mods":["2.2 Compatiblity","AchievementEnabler","BaseMod","Colored Map","DeckTracker","KOR Keyword Fix","Keyboard Shortcuts","Minty Spire (QoL Compilation)","Permanent Neow","Quick Restart","Random Character Button","StSLib","SuperFastMode","everything is the same but u backflip on backflip"],"gold_per_floor":[117,130,205,205,14,14,48,48,48,48,62,82,103,126,126,250,250,266,152,170,48,64,64,98,98,98,133,48,92,92,110,110,240,240,261,284,308,33,33,33,49,0,0,23,48,48,48,72,72,72],"floor_reached":51,"playtime":3113,"items_purged":["Zap","Defend_B","Darkness"],"score":709,"play_id":"fcaf0feb-453f-457f-9bdd-4256186abb8a","local_time":"20210106234306","is_ascension_mode":false,"campfire_choices":[{"data":"Sunder","floor":6.0,"key":"SMITH"},{"data":"Dualcast","floor":8.0,"key":"SMITH"},{"data":"Melter","floor":10.0,"key":"SMITH"},{"data":"Beam Cell","floor":15.0,"key":"SMITH"},{"floor":23.0,"key":"REST"},{"floor":32.0,"key":"REST"},{"floor":49,"key":"REST"}],"circlet_count":0,"master_deck":["Dualcast+1","Sunder+1","Compile Driver+1","Lockon+1","Melter+1","Beam Cell+1","Steam+1","Echo Form+1","Chill+1","Turbo+1","Sunder+1","Reinforced Body+1","Sunder+1","Meteor Strike+1","Reinforced Body+1","Amplify+1","Hello World+1","Rip and Tear+1","Scrape+1","Cold Snap+1","Barrage+1","Aggregate+1","Aggregate+1","Master of Strategy+1","Stack+1"],"relics":["Cracked Core","FossilizedHelix","Golden Idol","Membership Card","Lantern","CaptainsWheel","Fusion Hammer","Bag of Marbles","HandDrill","Gambling Chip","Orichalcum","Mango","Pen Nib","Eternal Feather","Pandora\u0027s Box","DollysMirror","Red Mask","Potion Belt","Mark of the Bloom","Akabeko"],"acts_visited":["Exordium","TheCity","TheBeyond"],"potions_floor_usage":[33,37,50,50],"damage_taken":[{"damage":0.0,"enemies":"Jaw Worm","floor":1.0,"turns":4.0},{"damage":0.0,"enemies":"Small Slimes","floor":2.0,"turns":2.0},{"damage":9.0,"enemies":"3 Sentries","floor":7.0,"turns":5.0},{"damage":0.0,"enemies":"2 Louse","floor":11.0,"turns":1.0},{"damage":0.0,"enemies":"2 Fungi Beasts","floor":12.0,"turns":2.0},{"damage":0.0,"enemies":"Blue Slaver","floor":13.0,"turns":3.0},{"damage":0.0,"enemies":"Large Slime","floor":14.0,"turns":2.0},{"damage":43.0,"enemies":"The Guardian","floor":16.0,"turns":8.0},{"damage":5.0,"enemies":"2 Thieves","floor":18.0,"turns":4.0},{"damage":0.0,"enemies":"3 Byrds","floor":20.0,"turns":5.0},{"damage":0.0,"enemies":"3 Cultists","floor":22.0,"turns":5.0},{"damage":2.0,"enemies":"Slavers","floor":24.0,"turns":4.0},{"damage":6.0,"enemies":"Gremlin Leader","floor":27.0,"turns":3.0},{"damage":0.0,"enemies":"Slavers","floor":29.0,"turns":4.0},{"damage":0.0,"enemies":"Shelled Parasite and Fungi","floor":31.0,"turns":2.0},{"damage":64,"enemies":"Automaton","floor":33,"turns":8},{"damage":0,"enemies":"Orb Walker","floor":35,"turns":2},{"damage":0,"enemies":"3 Shapes","floor":36,"turns":5},{"damage":0,"enemies":"Sphere and 2 Shapes","floor":37,"turns":5},{"damage":0,"enemies":"Jaw Worm Horde","floor":41,"turns":3},{"damage":0,"enemies":"4 Shapes","floor":44,"turns":6},{"damage":0,"enemies":"Maw","floor":45,"turns":5},{"damage":0,"enemies":"Sphere and 2 Shapes","floor":48,"turns":2},{"damage":67,"enemies":"Time Eater","floor":50,"turns":10}],"seed_played":"8010900525862990249","potions_obtained":[{"floor":1.0,"key":"SkillPotion"},{"floor":7.0,"key":"DistilledChaos"},{"floor":13.0,"key":"Fire Potion"},{"floor":18.0,"key":"Ancient Potion"},{"floor":20.0,"key":"EssenceOfSteel"},{"floor":27.0,"key":"LiquidMemories"},{"floor":33,"key":"SkillPotion"},{"floor":35,"key":"Explosive Potion"},{"floor":36,"key":"Block Potion"},{"floor":45,"key":"SpeedPotion"}],"is_trial":false,"path_per_floor":["M","M","?","?","$","R","E","R","T","R","M","M","M","M","R","B",null,"M","$","M","$","M","R","E","?","T","E","?","E","?","M","R","B",null,"M","M","M","$","?","?","M","?","T","M","M","?","T","M","R","B",null],"character_chosen":"DEFECT","items_purchased":["Membership Card","Lockon","Bag of Marbles","HandDrill","SteroidPotion","DollysMirror","Master of Strategy","Dexterity Potion"],"campfire_rested":3,"item_purchase_floors":[5,5,19,21,38,38,38,38],"current_hp_per_floor":[68,68,57,57,57,57,48,48,48,48,48,48,48,48,48,5,63,58,58,58,58,58,63,61,61,61,69,69,69,69,69,77,13,77,77,77,77,77,77,77,77,77,77,77,77,77,77,77,77,10],"gold":72,"neow_bonus":"ONE_RARE_RELIC","is_daily":false,"chose_seed":true,"campfire_upgraded":4,"win_rate":0.0,"timestamp":1609944186,"path_taken":["M","M","?","?","$","R","E","R","T","R","M","M","M","M","R","BOSS","M","$","M","$","M","R","E","?","T","E","?","E","?","M","R","BOSS","M","M","M","$","?","?","M","?","T","M","M","?","?","M","R","BOSS"],"items_purchased_type":["Relic","Card","Relic","Relic","Potion","Relic","Card","Potion"],"build_version":"2020-12-22","purchased_purges":3,"victory":true,"max_hp_per_floor":[68,68,68,63,63,63,63,63,63,63,63,63,63,63,63,63,63,63,63,63,63,63,63,63,63,63,77,77,77,77,77,77,77,77,77,77,77,77,77,77,77,77,77,77,77,77,77,77,77,77],"card_choices":[{"not_picked":["Steam Power","Go for the Eyes"],"picked":"Sunder","floor":1.0},{"not_picked":["Stack","Ball Lightning"],"picked":"Compile Driver","floor":2.0},{"not_picked":["Compile Driver","Hello World"],"picked":"Melter","floor":7.0},{"not_picked":["Stack","Gash"],"picked":"Beam Cell","floor":11.0},{"not_picked":["Undo","Barrage","Beam Cell"],"picked":"SKIP","floor":12.0},{"not_picked":["Barrage","Hello World","Darkness"],"picked":"SKIP","floor":13.0},{"not_picked":["Defragment","Scrape"],"picked":"Steam","floor":14.0},{"not_picked":["Hyperbeam","Buffer"],"picked":"Echo Form","floor":16.0},{"not_picked":["Compile Driver","Hello World"],"picked":"Chill+1","floor":18.0},{"not_picked":["Ball Lightning","Chaos","Recycle"],"picked":"SKIP","floor":20.0},{"not_picked":["Compile Driver","Conserve Battery"],"picked":"Turbo","floor":22.0},{"not_picked":["Coolheaded","Beam Cell+1"],"picked":"Sunder+1","floor":24.0},{"not_picked":["Tempest","Redo+1"],"picked":"Sunder","floor":27.0},{"not_picked":["Streamline","Buffer"],"picked":"Meteor Strike","floor":29.0},{"not_picked":["Blizzard","Defragment+1"],"picked":"Reinforced Body","floor":31.0},{"not_picked":["Redo","Rebound"],"picked":"Aggregate+1","floor":35},{"not_picked":["Go for the Eyes","Force Field+1"],"picked":"Genetic Algorithm+1","floor":36},{"not_picked":["Static Discharge+1","Recycle","Sweeping Beam+1"],"picked":"SKIP","floor":37},{"not_picked":["FTL","Redo"],"picked":"Stack+1","floor":41},{"not_picked":["Rip and Tear+1","Rebound","Streamline"],"picked":"SKIP","floor":44},{"not_picked":["Self Repair","Loop+1","Darkness"],"picked":"SKIP","floor":45},{"not_picked":["Cold Snap","Loop+1","Sweeping Beam"],"picked":"SKIP","floor":48}],"player_experience":148503,"relics_obtained":[{"floor":7.0,"key":"Lantern"},{"floor":9.0,"key":"CaptainsWheel"},{"floor":24.0,"key":"Gambling Chip"},{"floor":26.0,"key":"Orichalcum"},{"floor":27.0,"key":"Mango"},{"floor":29.0,"key":"Eternal Feather"},{"floor":43,"key":"Potion Belt"},{"floor":47,"key":"Akabeko"}],"event_choices":[{"damage_healed":0.0,"max_hp_gain":0.0,"max_hp_loss":0.0,"gold_gain":75.0,"event_name":"World of Goop","player_choice":"Gather Gold","floor":3.0,"gold_loss":0.0,"damage_taken":11.0},{"damage_healed":0.0,"max_hp_gain":0.0,"max_hp_loss":5.0,"gold_gain":0.0,"event_name":"Golden Idol","player_choice":"Lose Max HP","floor":4.0,"gold_loss":0.0,"damage_taken":0.0,"relics_obtained":["Golden Idol"]},{"damage_healed":0.0,"max_hp_gain":0.0,"max_hp_loss":0.0,"gold_gain":0.0,"event_name":"The Library","player_choice":"Read","floor":25.0,"gold_loss":0.0,"damage_taken":0.0,"cards_obtained":["Reinforced Body"]},{"damage_healed":0.0,"max_hp_gain":0.0,"max_hp_loss":0.0,"gold_gain":0.0,"event_name":"Addict","player_choice":"Obtained Relic","floor":28.0,"gold_loss":85.0,"damage_taken":0.0,"relics_obtained":["Pen Nib"]},{"damage_healed":0.0,"max_hp_gain":0.0,"max_hp_loss":0.0,"gold_gain":0.0,"event_name":"Ghosts","player_choice":"Ignored","floor":30.0,"gold_loss":0.0,"damage_taken":0.0},{"damage_healed":0,"gold_gain":0,"player_choice":"Ignored","damage_taken":0,"max_hp_gain":0,"max_hp_loss":0,"event_name":"The Moai Head","floor":39,"gold_loss":0},{"cards_removed":["Genetic Algorithm"],"damage_healed":0,"gold_gain":0,"player_choice":"Removed Skill","damage_taken":0,"max_hp_gain":0,"max_hp_loss":0,"event_name":"Falling","floor":40,"gold_loss":0},{"damage_healed":0,"gold_gain":0,"player_choice":"Paid","damage_taken":0,"relics_obtained":["Red Mask"],"max_hp_gain":0,"max_hp_loss":0,"event_name":"Tomb of Lord Red Mask","floor":42,"gold_loss":49},{"damage_healed":0,"gold_gain":0,"player_choice":"Upgrade","damage_taken":0,"relics_obtained":["Mark of the Bloom"],"max_hp_gain":0,"max_hp_loss":0,"event_name":"MindBloom","floor":46,"gold_loss":0,"cards_upgraded":["Compile Driver","Lockon","Steam","Echo Form","Turbo","Reinforced Body","Sunder","Meteor Strike","Reinforced Body","Amplify","Hello World","Rip and Tear","Scrape","Cold Snap","Barrage","Master of Strategy"]}],"is_beta":false,"boss_relics":[{"not_picked":["Black Star","Philosopher\u0027s Stone"],"picked":"Fusion Hammer"},{"not_picked":["Sozu","Runic Pyramid"],"picked":"Pandora\u0027s Box"}],"items_purged_floors":[19,21,38],"is_endless":false,"potions_floor_spawned":[1,7,13,18,20,27,33,35,36,45],"ascension_level":0}}