{"host":"t7mx8yfj1no5p62f","time":1609944724,"event":{"mods":["BaseMod","Colored Map","Colored Powertips","Minty Spire (QoL Compilation)","Relic Stats","StSLib"],"gold_per_floor":[14,14,34,51,25,55,55,66,66,95,112,112,145,164,164,243,243,253,268,268,278,296,296,296],"floor_reached":23,"playtime":896,"items_purged":[],"score":484,"play_id":"ad686876-65b0-4cef-89c9-9ce750baceda","local_time":"20210106095204","is_ascension_mode":true,"campfire_choices":[{"data":"Crippling Poison","floor":12.0,"key":"SMITH"},{"data":"Bouncing Flask","floor":15.0,"key":"SMITH"}],"circlet_count":0,"master_deck":["AscendersBane","Strike_G","Strike_G","Defend_G","Defend_G","Defend_G","Survivor","Neutralize","Doppelganger","Corpse Explosion+1","Backstab+1","Flying Knee","Dash","Bouncing Flask+1","Poisoned Stab","Crippling Poison+1","Well Laid Plans","Malaise","Dagger Spray+1","Reflex+1","Sucker Punch+1","Outmaneuver","Decay","Catalyst"],"relics":["Ring of the Snake","Snake Skull","HornCleat","Oddly Smooth Stone","Pantograph","Astrolabe"],"acts_visited":["Exordium","TheCity"],"potions_floor_usage":[],"damage_taken":[{"damage":1.0,"enemies":"Small Slimes","floor":1.0,"turns":4.0},{"damage":0.0,"enemies":"Jaw Worm","floor":3.0,"turns":4.0},{"damage":1.0,"enemies":"Cultist","floor":4.0,"turns":3.0},{"damage":8.0,"enemies":"Exordium Thugs","floor":5.0,"turns":4.0},{"damage":44.0,"enemies":"Gremlin Nob","floor":6.0,"turns":4.0},{"damage":0.0,"enemies":"Lots of Slimes","floor":8.0,"turns":2.0},{"damage":2.0,"enemies":"3 Sentries","floor":10.0,"turns":3.0},{"damage":0.0,"enemies":"Gremlin Gang","floor":11.0,"turns":4.0},{"damage":0.0,"enemies":"Gremlin Nob","floor":13.0,"turns":3.0},{"damage":1.0,"enemies":"Exordium Wildlife","floor":14.0,"turns":3.0},{"damage":4.0,"enemies":"Hexaghost","floor":16.0,"turns":7.0},{"damage":2.0,"enemies":"Spheric Guardian","floor":18.0,"turns":4.0},{"damage":4.0,"enemies":"2 Thieves","floor":19.0,"turns":2.0},{"damage":4,"enemies":"Cultist and Chosen","floor":21,"turns":3},{"damage":19,"enemies":"Shelled Parasite and Fungi","floor":22,"turns":7},{"damage":56,"enemies":"Gremlin Leader","floor":23,"turns":5}],"seed_played":"1743669658545008114","potions_obtained":[{"floor":5.0,"key":"ColorlessPotion"},{"floor":6.0,"key":"GamblersBrew"},{"floor":8.0,"key":"FairyPotion"},{"floor":13.0,"key":"Block Potion"},{"floor":21,"key":"SteroidPotion"}],"is_trial":false,"path_per_floor":["M","?","M","M","M","E","?","M","T","E","M","R","E","M","R","B",null,"M","M","?","M","M","E"],"character_chosen":"THE_SILENT","items_purchased":[],"campfire_rested":0,"item_purchase_floors":[],"current_hp_per_floor":[58,58,58,57,49,5,5,5,5,3,3,3,3,2,2,23,55,53,49,49,45,26,0,0],"gold":296,"neow_bonus":"TRANSFORM_TWO_CARDS","is_daily":false,"chose_seed":false,"campfire_upgraded":2,"win_rate":0.0,"timestamp":1609944724,"path_taken":["M","?","M","M","M","E","?","M","T","E","?","R","E","M","R","BOSS","M","M","?","?","M","E"],"items_purchased_type":[],"build_version":"2020-12-22","purchased_purges":0,"victory":false,"max_hp_per_floor":[66,66,66,66,66,66,66,66,66,66,66,66,66,66,66,66,66,66,66,66,66,66,66,66],"relic_stats":{"counters":[16,62],"Pantograph":25,"Astrolabe":["Dagger Spray","Reflex","Sucker Punch"],"Snake Skull":[58],"obtain_stats":[{"HornCleat":9,"Pantograph":13,"Astrolabe":17,"Oddly Smooth Stone":10,"Snake Skull":6,"Ring of the Snake":0},{"HornCleat":6,"Pantograph":9,"Astrolabe":11,"Oddly Smooth Stone":7,"Snake Skull":5,"Ring of the Snake":0},{"HornCleat":21,"Pantograph":31,"Astrolabe":41,"Oddly Smooth Stone":24,"Snake Skull":19,"Ring of the Snake":0}],"Ring of the Snake":[32]},"card_choices":[{"not_picked":["Sucker Punch","Deflect"],"picked":"Backstab","floor":1.0},{"not_picked":["Setup","Dagger Spray"],"picked":"Flying Knee","floor":3.0},{"not_picked":["Poisoned Stab","Infinite Blades"],"picked":"Dash","floor":4.0},{"not_picked":["Outmaneuver","Blade Dance"],"picked":"Bouncing Flask","floor":5.0},{"not_picked":["Distraction","Concentrate"],"picked":"Poisoned Stab","floor":6.0},{"not_picked":["Bane","Predator"],"picked":"Crippling Poison","floor":8.0},{"not_picked":["Dagger Throw","Flechettes","Dagger Spray"],"picked":"SKIP","floor":10.0},{"not_picked":["Distraction","Terror","Cloak And Dagger"],"picked":"SKIP","floor":11.0},{"not_picked":["Outmaneuver","Prepared"],"picked":"Well Laid Plans","floor":13.0},{"not_picked":["Dodge and Roll","Dagger Throw","Deflect"],"picked":"SKIP","floor":14.0},{"not_picked":["Corpse Explosion","Doppelganger"],"picked":"Malaise","floor":16.0},{"not_picked":["Flechettes","Distraction"],"picked":"Outmaneuver","floor":18.0},{"not_picked":["Dash","Dagger Spray","Backflip"],"picked":"SKIP","floor":19.0},{"not_picked":["Tactician","Slice","Deadly Poison"],"picked":"SKIP","floor":21},{"not_picked":["Sucker Punch","Dash"],"picked":"Catalyst","floor":22}],"player_experience":1664531,"relics_obtained":[{"floor":6.0,"key":"Snake Skull"},{"floor":9.0,"key":"HornCleat"},{"floor":10.0,"key":"Oddly Smooth Stone"},{"floor":13.0,"key":"Pantograph"}],"event_choices":[{"damage_healed":0.0,"max_hp_gain":0.0,"max_hp_loss":0.0,"gold_gain":0.0,"event_name":"Living Wall","player_choice":"Grow","floor":2.0,"gold_loss":0.0,"damage_taken":0.0,"cards_upgraded":["Corpse Explosion"]},{"damage_healed":0.0,"max_hp_gain":0.0,"max_hp_loss":0.0,"gold_gain":0.0,"event_name":"Upgrade Shrine","player_choice":"Upgraded","floor":7.0,"gold_loss":0.0,"damage_taken":0.0,"cards_upgraded":["Backstab"]},{"damage_healed":0.0,"max_hp_gain":0.0,"max_hp_loss":0.0,"gold_gain":0.0,"event_name":"Wheel of Change","player_choice":"Cursed","floor":20.0,"gold_loss":0.0,"damage_taken":0.0,"cards_obtained":["Decay"]}],"is_beta":false,"boss_relics":[{"not_picked":["Pandora\u0027s Box","Black Star"],"picked":"Astrolabe"}],"items_purged_floors":[],"is_endless":false,"potions_floor_spawned":[5,6,8,11,13,21],"killed_by":"Gremlin Leader","ascension_level":20}}