{"host":"nqsrckqog5ia9mbo","time":1609954531,"event":{"mods":["AchievementEnabler","BaseMod","Colored Map","Highlight Path","Minty Spire (QoL Compilation)"],"gold_per_floor":[118,134,134,158,158,158,196,196,250,250,12,30,30,54,54,175,175,198,297,297,257,148,148,189,204,204,204,204],"floor_reached":27,"playtime":1752,"items_purged":["Strike_R"],"score":309,"play_id":"630625c7-695c-4754-9d12-9295acd94b42","local_time":"20210106183531","is_ascension_mode":true,"campfire_choices":[{"data":"Bash","floor":6.0,"key":"SMITH"},{"data":"Shrug It Off","floor":8.0,"key":"SMITH"},{"data":"Ghostly Armor","floor":10.0,"key":"SMITH"},{"floor":13.0,"key":"REST"},{"data":"Battle Trance","floor":15.0,"key":"SMITH"},{"floor":23.0,"key":"REST"}],"circlet_count":0,"master_deck":["Strike_R","Strike_R","Strike_R","Strike_R+1","Defend_R","Defend_R","Defend_R","Defend_R","Bash+1","Iron Wave","Shrug It Off+1","Ghostly Armor+1","Battle Trance+1","Double Tap","Offering","J.A.X.+1","Flame Barrier","Demon Form","Ghostly Armor+1"],"relics":["Burning Blood","Bag of Preparation","Golden Idol","Red Skull","Omamori","Philosopher\u0027s Stone","Mercury Hourglass","Self Forming Clay"],"acts_visited":["Exordium","TheCity"],"potions_floor_usage":[27],"damage_taken":[{"damage":1.0,"enemies":"Cultist","floor":1.0,"turns":4.0},{"damage":5.0,"enemies":"Small Slimes","floor":2.0,"turns":5.0},{"damage":3.0,"enemies":"Jaw Worm","floor":4.0,"turns":5.0},{"damage":18.0,"enemies":"Gremlin Nob","floor":7.0,"turns":5.0},{"damage":0.0,"enemies":"2 Fungi Beasts","floor":12.0,"turns":4.0},{"damage":5.0,"enemies":"Exordium Thugs","floor":14.0,"turns":11.0},{"damage":72.0,"enemies":"Slime Boss","floor":16.0,"turns":10.0},{"damage":29.0,"enemies":"Shell Parasite","floor":18.0,"turns":6.0},{"damage":46.0,"enemies":"Book of Stabbing","floor":24.0,"turns":7.0},{"damage":13.0,"enemies":"2 Thieves","floor":25.0,"turns":4.0},{"damage":20,"enemies":"Slavers","floor":27,"turns":6}],"seed_played":"-8714803919499239439","potions_obtained":[{"floor":4.0,"key":"LiquidMemories"},{"floor":12.0,"key":"FearPotion"},{"floor":14.0,"key":"Explosive Potion"},{"floor":16.0,"key":"BlessingOfTheForge"},{"floor":18.0,"key":"ElixirPotion"}],"is_trial":false,"path_per_floor":["M","M","?","M","?","R","E","R","T","R","$","M","R","M","R","B",null,"M","?","?","?","$","R","E","M","T","E"],"character_chosen":"IRONCLAD","items_purchased":["Battle Trance","Omamori","Flame Barrier"],"campfire_rested":2,"item_purchase_floors":[11,11,22],"current_hp_per_floor":[77,78,58,61,61,61,49,49,49,49,49,55,79,80,80,14,64,41,41,41,41,41,65,25,18,18,0,0],"gold":204,"neow_bonus":"RANDOM_COMMON_RELIC","is_daily":false,"chose_seed":false,"campfire_upgraded":4,"win_rate":0.0,"timestamp":1609954531,"path_taken":["M","?","?","M","?","R","E","R","T","R","$","M","R","?","R","BOSS","M","?","?","?","$","R","E","?","T","E"],"items_purchased_type":["Card","Relic","Card"],"build_version":"2020-12-22","purchased_purges":1,"victory":false,"max_hp_per_floor":[80,80,80,80,80,80,80,80,80,80,80,80,80,80,80,80,80,80,80,80,80,80,80,80,80,80,80,80],"card_choices":[{"not_picked":["Twin Strike","Armaments"],"picked":"Iron Wave","floor":1.0},{"not_picked":["Warcry","Headbutt"],"picked":"Shrug It Off","floor":2.0},{"not_picked":["Blood for Blood","Power Through"],"picked":"Ghostly Armor","floor":4.0},{"not_picked":["Rupture","Entrench","Pummel"],"picked":"SKIP","floor":7.0},{"not_picked":["Twin Strike","Dark Embrace","Pommel Strike"],"picked":"SKIP","floor":12.0},{"not_picked":["Armaments","Fire Breathing"],"picked":"Double Tap","floor":14.0},{"not_picked":["Berserk","Juggernaut"],"picked":"Offering","floor":16.0},{"not_picked":["Headbutt","Disarm","Wild Strike"],"picked":"SKIP","floor":18.0},{"not_picked":["Sever Soul+1","Dropkick"],"picked":"Demon Form","floor":24.0},{"not_picked":["Flex+1","Havoc"],"picked":"Ghostly Armor+1","floor":25.0}],"player_experience":156077,"relics_obtained":[{"floor":7.0,"key":"Red Skull"},{"floor":24.0,"key":"Mercury Hourglass"},{"floor":26.0,"key":"Self Forming Clay"}],"event_choices":[{"damage_healed":0.0,"max_hp_gain":0.0,"max_hp_loss":0.0,"gold_gain":0.0,"event_name":"Golden Idol","player_choice":"Take Damage","floor":3.0,"gold_loss":0.0,"damage_taken":20.0,"relics_obtained":["Golden Idol"]},{"damage_healed":0.0,"max_hp_gain":0.0,"max_hp_loss":0.0,"gold_gain":0.0,"event_name":"Match and Keep!","player_choice":"0 cards matched","floor":5.0,"gold_loss":0.0,"damage_taken":0.0,"cards_obtained":[]},{"damage_healed":0.0,"max_hp_gain":0.0,"max_hp_loss":0.0,"gold_gain":99.0,"event_name":"Nest","player_choice":"Stole From Cult","floor":19.0,"gold_loss":0.0,"damage_taken":0.0},{"damage_healed":0.0,"max_hp_gain":0.0,"max_hp_loss":0.0,"gold_gain":0.0,"event_name":"Drug Dealer","player_choice":"Obtain J.A.X.","floor":20.0,"gold_loss":0.0,"damage_taken":0.0,"cards_obtained":["J.A.X."]},{"damage_healed":0.0,"max_hp_gain":0.0,"max_hp_loss":0.0,"gold_gain":0.0,"event_name":"Designer","player_choice":"Upgraded Two","floor":21.0,"gold_loss":40.0,"damage_taken":0.0,"cards_upgraded":["J.A.X.","Strike_R"]}],"is_beta":false,"boss_relics":[{"not_picked":["Fusion Hammer","SlaversCollar"],"picked":"Philosopher\u0027s Stone"}],"items_purged_floors":[22],"is_endless":false,"potions_floor_spawned":[4,12,14,16,18],"killed_by":"Slavers","ascension_level":7}}