{"host":"ws1rigs6jhqnf67d","time":1609936160,"event":{"mods":["BaseMod","Friendly Minions","KinomotoSakuraMod(ƒæ÷Æ±æ”£)","Kiyohime£®«Âºß£©","Lobotomy","LobotomyExtend","Marisa£®ÏF”Í°°ƒß¿Ì…≥£©","Minty Spire (QoL Compilation)","Remilia£®¿Ÿ√◊¿Ú—«£©","StSLib","The Bug Knight","Youmu£®ªÍ∆«—˝√Œ£©","[IsaacMod]“‘»ˆº‚À˛"],"gold_per_floor":[120,136,149,167,184,212,212,240,263,296,326,326,363,384,393,485,494,586,611,463,498,513,513,532,575,600,631,669,669,696,696,696,788,788,804,824,824,844,550,559,591,602,602,628,649,733,796,831,831,866,866],"floor_reached":50,"playtime":1937,"items_purged":[],"score":1510,"play_id":"5e584c8a-9a24-490f-931f-576998ba1cb5","local_time":"20210106202920","is_ascension_mode":true,"campfire_choices":[{"floor":7,"key":"REST"}],"circlet_count":0,"master_deck":["AscendersBane","SpecialBullet","SpecialBullet","SpecialBullet","SpecialBullet","SpecialBullet","SpecialBullet","SpecialBullet","ControlCode","InformationCode","SecurityCode","Twilight","CrumblingArmor","OldLady","GoldRush+1","TT2Protocol","UniverseFragment","Twilight","GoldRush","SummonCall","TrainingCode","Lamp+6","DisciplinaryCode","Logging"],"relics":["CogitoBucket","HushsDoor","SteamSale","Art of War","LetterFromLob","SalivaCoin","Centennial Puzzle","CeramicFish","AspirationHeart","Question Card","Busted Crown","Theresia","Bronze Scales","HowToJump","Bag of Marbles","Anchor","AtMidnight","Omamori","Akabeko","Cursed Key","Toxic Egg 2","Peace Pipe","Boot","AntiCross","BlankCard","Smiling Mask","CatCart"],"acts_visited":["Exordium","TheCity","TheBeyond"],"potions_floor_usage":[6,10,18,50],"damage_taken":[{"damage":7,"enemies":"2 Louse","floor":1,"turns":2},{"damage":0,"enemies":"Small Slimes","floor":2,"turns":3},{"damage":12,"enemies":"Jaw Worm","floor":3,"turns":2},{"damage":42,"enemies":"Exordium Thugs","floor":4,"turns":4},{"damage":2,"enemies":"2 Fungi Beasts","floor":5,"turns":3},{"damage":7,"enemies":"Gremlin Nob","floor":6,"turns":4},{"damage":0,"enemies":"HollowMod:MossKnight","floor":8,"turns":3},{"damage":7,"enemies":"3 Louse","floor":10,"turns":3},{"damage":17,"enemies":"Exordium Wildlife","floor":11,"turns":3},{"damage":9,"enemies":"Lagavulin","floor":13,"turns":4},{"damage":6,"enemies":"Lots of Slimes","floor":14,"turns":2},{"damage":0,"enemies":"Slime Boss","floor":16,"turns":4},{"damage":22,"enemies":"Shell Parasite","floor":18,"turns":3},{"damage":12,"enemies":"Chosen","floor":19,"turns":2},{"damage":23,"enemies":"Centurion and Healer","floor":21,"turns":3},{"damage":0,"enemies":"Shelled Parasite and Fungi","floor":22,"turns":2},{"damage":0,"enemies":"3 Cultists","floor":24,"turns":3},{"damage":11,"enemies":"Gremlin Leader","floor":25,"turns":3},{"damage":9,"enemies":"Snecko","floor":27,"turns":3},{"damage":0,"enemies":"Book of Stabbing","floor":28,"turns":3},{"damage":0,"enemies":"Slavers","floor":30,"turns":2},{"damage":21,"enemies":"Collector","floor":33,"turns":3},{"damage":0,"enemies":"3 Shapes","floor":35,"turns":1},{"damage":0,"enemies":"3 Darklings","floor":36,"turns":2},{"damage":0,"enemies":"Spire Growth","floor":38,"turns":1},{"damage":0,"enemies":"Giant Head","floor":41,"turns":3},{"damage":0,"enemies":"4 Shapes","floor":42,"turns":2},{"damage":0,"enemies":"Nemesis","floor":44,"turns":2},{"damage":0,"enemies":"Jaw Worm Horde","floor":45,"turns":1},{"damage":5,"enemies":"Giant Head","floor":46,"turns":2},{"damage":10,"enemies":"Orin","floor":47,"turns":5},{"damage":8,"enemies":"Transient","floor":48,"turns":5},{"damage":189,"enemies":"Time Eater","floor":50,"turns":4}],"seed_played":"4485669840436124767","potions_obtained":[{"floor":3,"key":"Weak Potion"},{"floor":4,"key":"GamblersBrew"},{"floor":6,"key":"SkillPotion"},{"floor":14,"key":"ColorlessPotion"},{"floor":18,"key":"FearPotion"},{"floor":33,"key":"Fire Potion"}],"is_trial":false,"path_per_floor":["M","M","M","M","M","E","R","E","T","M","M","?","E","M","R","B",null,"M","M","$","M","M","E","M","E","T","M","E","R","E","?","R","B",null,"M","M","?","M","$","R","E","M","T","E","M","E","?","M","R","B"],"character_chosen":"Angela","items_purchased":["GoldRush","Bronze Scales","HowToJump","Lamp","Toxic Egg 2","Peace Pipe"],"campfire_rested":1,"item_purchase_floors":[17,20,20,39,39,39],"current_hp_per_floor":[63,69,65,31,37,38,58,66,66,77,68,68,67,69,69,81,79,65,61,61,46,54,54,62,59,59,58,69,69,77,77,77,67,76,79,79,79,79,79,79,79,79,79,79,79,79,79,79,79,0,0],"gold":866,"neow_bonus":"RANDOM_COMMON_RELIC","is_daily":false,"chose_seed":false,"campfire_upgraded":0,"win_rate":0.0,"timestamp":1609936160,"path_taken":["M","M","M","M","M","E","R","E","T","M","M","?","E","M","R","BOSS","M","M","$","M","M","E","M","E","T","M","E","R","E","?","R","BOSS","M","M","?","M","$","R","E","M","T","E","?","E","?","M","R","BOSS"],"items_purchased_type":["Card","Relic","Relic","Card","Relic","Relic"],"build_version":"2020-12-22","purchased_purges":0,"victory":false,"max_hp_per_floor":[69,69,69,69,69,69,69,69,69,79,79,79,79,79,79,83,79,79,79,79,79,79,79,79,79,79,79,79,79,79,79,79,79,79,79,79,79,79,79,79,79,79,79,79,79,79,79,79,79,79,79],"card_choices":[{"not_picked":["TodaysExpression","Noise"],"picked":"SKIP","floor":1},{"not_picked":["Laetitia_ego"],"picked":"Twilight","floor":2},{"not_picked":["LittlePrince","Wellcheers"],"picked":"CrumblingArmor","floor":3},{"not_picked":["BlueScar","BlackSwan_ego"],"picked":"SKIP","floor":3},{"not_picked":["Lantern","Hypocrisy"],"picked":"SKIP","floor":4},{"not_picked":["Horn","Soda"],"picked":"SKIP","floor":5},{"not_picked":["Bloodbath","MeatLantern"],"picked":"OldLady","floor":6},{"not_picked":["BlueScar"],"picked":"GoldRush","floor":6},{"not_picked":["Harvest","BlueScar"],"picked":"SKIP","floor":8},{"not_picked":["Diffraction","Tough"],"picked":"SKIP","floor":10},{"not_picked":["CUTE","RedEyes"],"picked":"SKIP","floor":11},{"not_picked":["Soda","Regret_ego"],"picked":"SKIP","floor":13},{"not_picked":["CherryBlossom","ParadiseLost","Beak"],"picked":"SKIP","floor":14},{"not_picked":["Murderer","HappyTeddy"],"picked":"UniverseFragment","floor":16},{"not_picked":["Justitia","DaCapo"],"picked":"Twilight","floor":16},{"not_picked":["SolemnVow"],"picked":"SKIP","floor":18},{"not_picked":["SolemnVow"],"picked":"SKIP","floor":19},{"not_picked":["Tough"],"picked":"SKIP","floor":21},{"not_picked":["SomewhereSpear"],"picked":"SKIP","floor":22},{"not_picked":["Beak"],"picked":"SKIP","floor":24},{"not_picked":["Wingbeat"],"picked":"SKIP","floor":25},{"not_picked":["RapturousDream"],"picked":"SKIP","floor":27},{"not_picked":["Noise"],"picked":"SKIP","floor":28},{"not_picked":["Hypocrisy+1"],"picked":"SKIP","floor":30},{"not_picked":["Penitence+1"],"picked":"SKIP","floor":35},{"not_picked":["CherryBlossom"],"picked":"SKIP","floor":36},{"not_picked":["Adoration"],"picked":"SKIP","floor":38},{"not_picked":["Tough+1"],"picked":"SKIP","floor":41},{"not_picked":["Tough"],"picked":"SKIP","floor":42},{"not_picked":["ShedSkin+1"],"picked":"SKIP","floor":44},{"not_picked":[],"picked":"Logging","floor":45},{"not_picked":["Regret_ego"],"picked":"SKIP","floor":46},{"not_picked":["Beak"],"picked":"SKIP","floor":48}],"player_experience":778786,"relics_obtained":[{"floor":1,"key":"LetterFromLob"},{"floor":6,"key":"SalivaCoin"},{"floor":8,"key":"Centennial Puzzle"},{"floor":9,"key":"CeramicFish"},{"floor":13,"key":"Question Card"},{"floor":25,"key":"Bag of Marbles"},{"floor":26,"key":"Anchor"},{"floor":27,"key":"AtMidnight"},{"floor":28,"key":"Omamori"},{"floor":30,"key":"Akabeko"},{"floor":41,"key":"Boot"},{"floor":43,"key":"AntiCross"},{"floor":44,"key":"BlankCard"},{"floor":46,"key":"Smiling Mask"},{"floor":47,"key":"CatCart"}],"event_choices":[{"damage_healed":0,"gold_gain":0,"player_choice":"Grow","damage_taken":0,"max_hp_gain":0,"max_hp_loss":0,"event_name":"Living Wall","floor":12,"gold_loss":0,"cards_upgraded":["GoldRush"]},{"cards_removed":["SpecialBullet"],"damage_healed":0,"gold_gain":0,"player_choice":"Elegance","damage_taken":0,"max_hp_gain":0,"max_hp_loss":0,"event_name":"Back to Basics","floor":31,"gold_loss":0},{"damage_healed":0,"gold_gain":0,"player_choice":"Fight","damage_taken":0,"max_hp_gain":0,"max_hp_loss":0,"event_name":"OrinTheCat","floor":47,"gold_loss":0}],"is_beta":false,"boss_relics":[{"not_picked":["Velvet Choker","Runic Dome"],"picked":"Busted Crown"},{"not_picked":[]},{"not_picked":["Calling Bell","SacredBark"],"picked":"Cursed Key"},{"not_picked":[]}],"items_purged_floors":[],"is_endless":false,"potions_floor_spawned":[3,4,6,8,14,16,18,21,22,24,25,28,33,36,38,42,45,47,48],"killed_by":"Time Eater","ascension_level":15}}