{"host":"qxtzqh2wotmxx3mc","time":1609898296,"event":{"mods":["AchievementEnabler","BaseMod","Better Altar","Better Note","Better Sensory Stone","Better Skull","Better Synergies","Better Third Choice","Better Vampires","Block Reminder","Displayed Cursed Tome","Minty Spire (QoL Compilation)","Potionbrewer","Quick Restart","Relic Stats","Replay The Spire","StSLib","Trackpad","Wandering Minibosses"],"gold_per_floor":[118,174,189,364,364,389,389,389,389,389,408,438,438,456,456,558,558,577,577,450,467,484,484,497,497,497,95,126,126,158,68,68,173,173,193,68,81,92,92,92,107,107,107,158,173,173,173,72,72,72],"floor_reached":51,"playtime":2971,"items_purged":["potionbrewer:PotionbrewerDefend","potionbrewer:PotionbrewerDefend","Doubt"],"score":796,"play_id":"604c4ac6-6ef7-47fc-bdbf-d666b4f261e0","local_time":"20210105175816","is_ascension_mode":false,"campfire_choices":[{"data":"potionbrewer:Toxicity","floor":7,"key":"SMITH"},{"floor":13,"key":"REST"},{"floor":15,"key":"DIG"},{"data":"potionbrewer:Hoarder","floor":23,"key":"SMITH"},{"floor":25,"key":"REST"},{"floor":32,"key":"REST"},{"data":"potionbrewer:ChemicalSpill","floor":40,"key":"SMITH"},{"data":"potionbrewer:Biohazard","floor":42,"key":"SMITH"},{"data":"potionbrewer:PotionbrewerStrike","floor":46,"key":"SMITH"},{"data":"Madness","floor":49,"key":"SMITH"}],"circlet_count":0,"master_deck":["potionbrewer:PotionbrewerStrike","potionbrewer:PotionbrewerStrike+1","potionbrewer:PotionbrewerDefend","potionbrewer:PotionbrewerDefend+1","potionbrewer:Collect+1","potionbrewer:ChemicalSpill+1","potionbrewer:Toxicity+1","potionbrewer:FuelCell+1","potionbrewer:BlindingSpray+1","potionbrewer:ExothermicReaction+1","Doppelganger+1","potionbrewer:Hoarder+1","potionbrewer:Biohazard+1","potionbrewer:Prototype","potionbrewer:BeatDown+1","potionbrewer:Prototype","potionbrewer:UnstableFormula+1","potionbrewer:Prototype","potionbrewer:Prototype","potionbrewer:Prototype","potionbrewer:Prototype","potionbrewer:Prototype","potionbrewer:Prototype","CurseOfTheBell","potionbrewer:Prototype","potionbrewer:UnstableFormula+1","potionbrewer:Contingency+1","potionbrewer:Prototype","potionbrewer:Prototype","potionbrewer:Prototype","Madness+1","Madness"],"relics":["potionbrewer:PotionKit","NeowsBlessing","Molten Egg 2","trackpad:BottledTsunami","Oddly Smooth Stone","Onion Ring","Bottled Lightning","Strawberry","Busted Crown","Eternal Feather","Strange Spoon","War Paint","MealTicket","Red Mask","Calling Bell","Toy Ornithopter","Iron Hammer","Gambling Chip","Replay:Ringing Soul","Pondfish Scales"],"acts_visited":["Exordium","TheCity","TheBeyond"],"potions_floor_usage":[11,14,14,16,16,16,18,18,21,21,22,24,24,28,28,30,30,33,33,33,35,37,38,38,38,41,44,44,45,50,50,50,50,50,50,50],"damage_taken":[{"damage":0,"enemies":"Small Slimes","floor":1,"turns":1},{"damage":0,"enemies":"Jaw Worm","floor":3,"turns":1},{"damage":0,"enemies":"3 Sentries","floor":6,"turns":2},{"damage":0,"enemies":"Cultist","floor":11,"turns":3},{"damage":13,"enemies":"Lagavulin","floor":12,"turns":5},{"damage":7,"enemies":"2 Fungi Beasts","floor":14,"turns":4},{"damage":0,"enemies":"Slime Boss","floor":16,"turns":4},{"damage":0,"enemies":"Chosen","floor":18,"turns":4},{"damage":14,"enemies":"3 Byrds","floor":21,"turns":3},{"damage":4,"enemies":"Centurion and Healer","floor":22,"turns":5},{"damage":20,"enemies":"Snake Plant","floor":24,"turns":3},{"damage":32,"enemies":"Slavers","floor":28,"turns":5},{"damage":27,"enemies":"Masked Bandits","floor":30,"turns":4},{"damage":19,"enemies":"Champ","floor":33,"turns":8},{"damage":9,"enemies":"3 Darklings","floor":35,"turns":4},{"damage":0,"enemies":"Orb Walker","floor":37,"turns":3},{"damage":24,"enemies":"Writhing Mass","floor":38,"turns":6},{"damage":20,"enemies":"Spire Growth","floor":41,"turns":5},{"damage":19,"enemies":"2 Orb Walkers","floor":44,"turns":4},{"damage":14,"enemies":"4 Shapes","floor":45,"turns":5},{"damage":15,"enemies":"Awakened One","floor":50,"turns":11}],"seed_played":"9025825009430779204","potions_obtained":[{"floor":2,"key":"Cursed Concoction"},{"floor":12,"key":"BlessingOfTheForge"},{"floor":14,"key":"AttackPotion"},{"floor":16,"key":"EssenceOfSteel"},{"floor":18,"key":"Reflective Coating"},{"floor":21,"key":"SpeedPotion"},{"floor":24,"key":"Regen Potion"},{"floor":28,"key":"Regen Potion"},{"floor":33,"key":"Adrenaline Potion"},{"floor":37,"key":"Energy Potion"}],"is_trial":false,"path_per_floor":["M","?","M","?","?","E","R","?","T","?","M","E","R","M","R","B",null,"M","?","$","M","M","R","M","R","T","$","E","?","?","?","R","B",null,"M","$","M","M","?","R","M","R","T","?","M","R","?","$","R","B",null],"character_chosen":"POTIONBREWER","items_purchased":["potionbrewer:UnstableFormula+1","Strange Spoon","War Paint","potionbrewer:QuicksilverPotion"],"campfire_rested":3,"item_purchase_floors":[20,27,27,48],"current_hp_per_floor":[75,57,57,57,57,57,57,30,30,30,30,17,39,32,39,39,82,82,82,82,68,64,64,44,68,68,68,50,50,28,28,64,45,82,73,82,82,73,73,82,67,82,82,66,60,78,70,85,91,80],"gold":72,"neow_bonus":"THREE_ENEMY_KILL","is_daily":false,"chose_seed":false,"campfire_upgraded":6,"win_rate":0.0,"timestamp":1609898296,"path_taken":["M","?","?","?","?","E","R","?","T","?","?","E","R","M","R","BOSS","M","?","$","M","?","R","M","R","T","$","E","?","?","?","R","BOSS","M","$","?","M","?","R","M","R","T","?","M","R","?","$","R","BOSS"],"items_purchased_type":["Card","Relic","Relic","Potion"],"build_version":"2020-12-22","purchased_purges":3,"victory":true,"max_hp_per_floor":[75,75,75,75,75,75,75,75,75,75,75,75,75,75,82,82,82,82,82,82,82,82,82,82,82,82,82,82,82,82,82,82,82,82,82,82,82,82,82,82,82,82,82,85,88,88,91,91,91,91],"relic_stats":{"Strange Spoon":[49],"Busted Crown":28,"counters":[21,90],"Gambling Chip":[7],"Eternal Feather":60,"MealTicket":24,"War Paint":["potionbrewer:Collect","potionbrewer:PotionbrewerDefend"],"obtain_stats":[{"NeowsBlessing":0,"Oddly Smooth Stone":8,"Eternal Feather":26,"War Paint":27,"potionbrewer:PotionKit":0,"Calling Bell":34,"Strange Spoon":27,"Replay:Ringing Soul":43,"Pondfish Scales":44,"Busted Crown":17,"Strawberry":15,"Gambling Chip":34,"Molten Egg 2":2,"Onion Ring":9,"MealTicket":28,"Iron Hammer":34,"Red Mask":30,"Bottled Lightning":12,"trackpad:BottledTsunami":6,"Toy Ornithopter":34},{"NeowsBlessing":0,"Oddly Smooth Stone":3,"Eternal Feather":11,"War Paint":11,"potionbrewer:PotionKit":0,"Calling Bell":14,"Strange Spoon":11,"Replay:Ringing Soul":18,"Pondfish Scales":19,"Busted Crown":7,"Strawberry":6,"Gambling Chip":14,"Molten Egg 2":1,"Onion Ring":3,"MealTicket":12,"Iron Hammer":14,"Red Mask":13,"Bottled Lightning":5,"trackpad:BottledTsunami":3,"Toy Ornithopter":14},{"NeowsBlessing":0,"Oddly Smooth Stone":4,"Eternal Feather":35,"War Paint":35,"potionbrewer:PotionKit":0,"Calling Bell":52,"Strange Spoon":35,"Replay:Ringing Soul":70,"Pondfish Scales":74,"Busted Crown":20,"Strawberry":16,"Gambling Chip":52,"Molten Egg 2":1,"Onion Ring":4,"MealTicket":40,"Iron Hammer":52,"Red Mask":44,"Bottled Lightning":12,"trackpad:BottledTsunami":4,"Toy Ornithopter":52}],"Toy Ornithopter":29},"card_choices":[{"not_picked":["potionbrewer:TestFormula","potionbrewer:CausticBarrier"],"picked":"potionbrewer:Toxicity","floor":1},{"not_picked":["potionbrewer:FlashPowder+1","potionbrewer:OneTwoPunch+1"],"picked":"potionbrewer:FuelCell","floor":2},{"not_picked":["potionbrewer:Brandish","potionbrewer:VolatileSolution+1"],"picked":"potionbrewer:BlindingSpray+1","floor":3},{"not_picked":["potionbrewer:QuickStep","potionbrewer:Smack+1"],"picked":"potionbrewer:ExothermicReaction+1","floor":6},{"not_picked":["potionbrewer:UnstableFormula+1","potionbrewer:ChemicalWeapons+1"],"picked":"potionbrewer:Hoarder","floor":11},{"not_picked":["potionbrewer:AnotherRound","potionbrewer:QuickStep","potionbrewer:Prototype"],"picked":"potionbrewer:Biohazard","floor":12},{"not_picked":["potionbrewer:Contingency+1","potionbrewer:TimeBomb+1","potionbrewer:HazardousMaterials"],"picked":"potionbrewer:Prototype","floor":14},{"not_picked":["potionbrewer:TheFinalStraw+1","potionbrewer:Transmute+1"],"picked":"potionbrewer:BeatDown+1","floor":16},{"not_picked":["potionbrewer:FlashPowder+1"],"picked":"potionbrewer:Prototype","floor":18},{"not_picked":["potionbrewer:ChemicalRage+1"],"picked":"potionbrewer:Prototype","floor":21},{"not_picked":["potionbrewer:WizBang+1"],"picked":"potionbrewer:Prototype","floor":22},{"not_picked":["potionbrewer:Smack+1"],"picked":"potionbrewer:Prototype","floor":24},{"not_picked":["potionbrewer:FortifiedSerum"],"picked":"potionbrewer:Prototype","floor":28},{"not_picked":["potionbrewer:AnotherRound"],"picked":"potionbrewer:Prototype","floor":30},{"not_picked":["potionbrewer:Bribery"],"picked":"potionbrewer:Prototype","floor":33},{"not_picked":["potionbrewer:OneTwoPunch+1"],"picked":"potionbrewer:Prototype","floor":35},{"not_picked":[],"picked":"potionbrewer:UnstableFormula+1","floor":37},{"not_picked":["potionbrewer:Prototype"],"picked":"potionbrewer:Contingency+1","floor":38},{"not_picked":["potionbrewer:TimeBomb+1"],"picked":"potionbrewer:Prototype","floor":41},{"not_picked":["potionbrewer:ChokingPowder+1"],"picked":"potionbrewer:Prototype","floor":44},{"not_picked":["potionbrewer:FortifiedSerum"],"picked":"potionbrewer:Prototype","floor":45}],"player_experience":117670,"relics_obtained":[{"floor":2,"key":"Molten Egg 2"},{"floor":6,"key":"trackpad:BottledTsunami"},{"floor":9,"key":"Onion Ring"},{"floor":12,"key":"Bottled Lightning"},{"floor":15,"key":"Strawberry"},{"floor":26,"key":"Eternal Feather"},{"floor":28,"key":"MealTicket"},{"floor":30,"key":"Red Mask"},{"floor":34,"key":"Toy Ornithopter"},{"floor":34,"key":"Iron Hammer"},{"floor":34,"key":"Gambling Chip"},{"floor":43,"key":"Replay:Ringing Soul"},{"floor":44,"key":"Pondfish Scales"}],"event_choices":[{"damage_healed":0,"gold_gain":175,"player_choice":"AGREE","damage_taken":189,"max_hp_gain":0,"max_hp_loss":0,"event_name":"betterThird:BetterSerpent","floor":4,"gold_loss":0},{"damage_healed":0,"gold_gain":1,"player_choice":"Card Relic ","damage_taken":27,"max_hp_gain":0,"max_hp_loss":0,"event_name":"betterThird:BetterScrap","floor":8,"gold_loss":0,"cards_obtained":["Doppelganger","Immolate"]},{"damage_healed":0,"gold_gain":0,"player_choice":"Grow","damage_taken":0,"max_hp_gain":0,"max_hp_loss":0,"event_name":"Living Wall","floor":10,"gold_loss":0,"cards_upgraded":["Doppelganger"]},{"cards_removed":["potionbrewer:Prototype"],"damage_healed":0,"gold_gain":0,"player_choice":"Give","damage_taken":0,"max_hp_gain":0,"max_hp_loss":0,"event_name":"betterNote:BetterNote","floor":19,"gold_loss":0,"cards_obtained":["None"]},{"damage_healed":0,"gold_gain":0,"player_choice":"Ignored","damage_taken":0,"max_hp_gain":0,"max_hp_loss":0,"event_name":"Ghosts","floor":29,"gold_loss":0},{"damage_healed":0,"gold_gain":0,"player_choice":"Fought Bandits","damage_taken":0,"max_hp_gain":0,"max_hp_loss":0,"event_name":"Masked Bandits","floor":30,"gold_loss":0},{"cards_removed":["potionbrewer:PotionbrewerStrike"],"damage_healed":0,"gold_gain":0,"player_choice":"Upgrade and Remove","damage_taken":0,"max_hp_gain":0,"max_hp_loss":0,"event_name":"Designer","floor":31,"gold_loss":90,"cards_upgraded":["potionbrewer:FuelCell"]},{"damage_healed":0,"gold_gain":0,"player_choice":"Fight","damage_taken":0,"max_hp_gain":0,"max_hp_loss":0,"event_name":"Mysterious Sphere","floor":44,"gold_loss":0},{"damage_healed":0,"gold_gain":0,"player_choice":"Embrace Madness","damage_taken":11,"max_hp_gain":0,"max_hp_loss":0,"event_name":"Winding Halls","floor":47,"gold_loss":0,"cards_obtained":["Madness","Madness"]}],"is_beta":false,"boss_relics":[{"not_picked":["Runic Pyramid","Velvet Choker"],"picked":"Busted Crown"},{"not_picked":["ChewingGum","Philosopher\u0027s Stone"],"picked":"Calling Bell"}],"items_purged_floors":[20,27,36],"is_endless":false,"potions_floor_spawned":[12,14,16,18,21,24,28,33,37,44],"ascension_level":0}}