{"host":"jh3le8zafogi7i0y","time":1609941387,"event":{"mods":["AchievementEnabler","Act Like it!","Aspiration","Astrologer","BaseMod","BetterRewards","Block Reminder","Colored Map","Colored Powertips","Conspire","Downfall","Duelist Mod","Friendly Minions","GungeonMod","Halation","Hallownest","Highlight Path","Hubris","Infinite Spire","Jorbs\u0027s Wanderer Trilogy","Lobotomy","Minty Spire (QoL Compilation)","Rare Cards Sparkle","Replay The Spire","SOS???????","Shop Mod","StSLib","Synergy Search","The Administrix","The Animator","The Blue Laboratory","The Death Knight","The Jungle","The Kombatant","The Runesmith","[IsaacMod]????","vexMod"],"gold_per_floor":[119,131,60,71,71,71,71,87,87,99,109,128,128,144,144,240,240,259,259,259,259],"floor_reached":20,"playtime":15529,"items_purged":[],"score":193,"play_id":"0af277d7-b73f-48ba-a3f1-956e14576402","local_time":"20210106205627","is_ascension_mode":false,"campfire_choices":[{"data":"AdministrixMod:Metempsychosis","floor":6,"key":"SMITH"},{"floor":13,"key":"REST"},{"data":"AdministrixMod:NoblePath","floor":15,"key":"SMITH"}],"circlet_count":0,"master_deck":["AdministrixMod:RedCloak","AdministrixMod:Defend_Administrix","AdministrixMod:Defend_Administrix","AdministrixMod:Defend_Administrix","AdministrixMod:Defend_Administrix","AdministrixMod:BlueCloak","AdministrixMod:GuanyinBlessing","AdministrixMod:Metempsychosis+1","WhitesApple","AdministrixMod:HaveItAll","AdministrixMod:ImmortalGrace","AdministrixMod:QuietConspiracy","OldLady","AdministrixMod:GirlsDoItBetter","AdministrixMod:NoblePath+1","Scorched","AdministrixMod:Convergence","QueenBee","AdministrixMod:DreamsMausoleum","Laetitia","Parasite","AdministrixMod:BattleforgedBonds","AdministrixMod:FuneraryRites+1","AdministrixMod:DeathByGlamour+1","AdministrixMod:CrackingPangu+1","AdministrixMod:CenturiesAscent","MHz","Bite","Bite","Bite","Bite","Bite"],"relics":["AdministrixMod:ConductorRitualBaton","HushsDoor","CogitoBucket","DoctorsRemote","conspire:DeflatedDodgeball","Theresia","Astrolabe"],"acts_visited":["Exordium","TheCity"],"potions_floor_usage":[11,11,18,20],"damage_taken":[{"damage":0,"enemies":"Cultist","floor":1,"turns":3},{"damage":0,"enemies":"Jaw Worm","floor":2,"turns":4},{"damage":0,"enemies":"2 Louse","floor":4,"turns":3},{"damage":6,"enemies":"Exordium Thugs","floor":8,"turns":4},{"damage":25,"enemies":"Red Slaver","floor":10,"turns":4},{"damage":0,"enemies":"Large Slime","floor":11,"turns":6},{"damage":0,"enemies":"3 Louse","floor":12,"turns":2},{"damage":0,"enemies":"2 Fungi Beasts","floor":14,"turns":2},{"damage":12,"enemies":"The Guardian","floor":16,"turns":7},{"damage":19,"enemies":"2 Thieves","floor":18,"turns":3},{"damage":45,"enemies":"conspire:FuzzyDice","floor":20,"turns":3}],"seed_played":"1538432669947328214","potions_obtained":[{"floor":1,"key":"Elixir"},{"floor":2,"key":"PowerPotion"},{"floor":10,"key":"Dexterity Potion"},{"floor":11,"key":"AttackPotion"},{"floor":18,"key":"Guardian:BlockOnCardUsePotion"}],"is_trial":false,"path_per_floor":["M","M","$","M","?","R","?","M","T","M","M","M","R","M","R","B",null,"M","?","M"],"character_chosen":"TheAdministrix","items_purchased":["AdministrixMod:HaveItAll"],"campfire_rested":1,"item_purchase_floors":[3],"current_hp_per_floor":[65,65,65,65,65,65,65,59,59,34,34,34,53,53,53,44,65,46,45,0,0],"gold":259,"neow_bonus":"","is_daily":false,"chose_seed":false,"campfire_upgraded":2,"win_rate":0.0,"timestamp":1609941387,"path_taken":["M","M","$","?","?","R","?","M","T","M","?","M","R","M","R","BOSS","M","?","M"],"items_purchased_type":["Card"],"build_version":"2020-12-22","purchased_purges":0,"victory":false,"max_hp_per_floor":[65,65,65,65,65,65,65,65,65,65,65,65,65,65,65,65,65,65,45,45,45],"card_choices":[{"not_picked":[],"picked":"Bomb","floor":0},{"not_picked":["AdministrixMod:SipOfSparks","AdministrixMod:RebukeDesires"],"picked":"AdministrixMod:GuanyinBlessing","floor":1},{"not_picked":["FairyFestival","UniverseFragment"],"picked":"CherryBlossoms","floor":1},{"not_picked":["AdministrixMod:NoblePath","AdministrixMod:SealAway"],"picked":"AdministrixMod:Metempsychosis","floor":2},{"not_picked":["UniverseFragment","WallGazer"],"picked":"WhitesApple","floor":2},{"not_picked":["AdministrixMod:SyncreticSurge","AdministrixMod:Transition"],"picked":"AdministrixMod:ImmortalGrace","floor":4},{"not_picked":["SpiderBud","CrumblingArmor"],"picked":"Variant","floor":4},{"not_picked":["AdministrixMod:Transition","AdministrixMod:RegentEdict"],"picked":"AdministrixMod:QuietConspiracy","floor":8},{"not_picked":["Porccubus","WallGazer"],"picked":"OldLady","floor":8},{"not_picked":["AdministrixMod:ExtolVirtue","AdministrixMod:DiversionaryTactic"],"picked":"AdministrixMod:GirlsDoItBetter","floor":10},{"not_picked":["CrumblingArmor","HeroicMonk"],"picked":"Wellcheers","floor":10},{"not_picked":["AdministrixMod:PassageOfAges","AdministrixMod:MixOfMercury"],"picked":"AdministrixMod:NoblePath","floor":11},{"not_picked":["CrumblingArmor","Murderer"],"picked":"Scorched","floor":11},{"not_picked":["AdministrixMod:FiendishCrimson","AdministrixMod:ChooseYourEnd"],"picked":"AdministrixMod:Convergence","floor":12},{"not_picked":["PunishingBird","Porccubus"],"picked":"QueenBee","floor":12},{"not_picked":["AdministrixMod:ImmortalPurity","AdministrixMod:DiversionaryTactic"],"picked":"AdministrixMod:DreamsMausoleum","floor":14},{"not_picked":["PunishingBird","CrumblingArmor"],"picked":"Laetitia","floor":14},{"not_picked":["AdministrixMod:BrewingCloister","AdministrixMod:FaithfulFlames"],"picked":"AdministrixMod:BattleforgedBonds","floor":16},{"not_picked":["AdministrixMod:LightOfYourLife","AdministrixMod:RebukeDesires"],"picked":"AdministrixMod:CenturiesAscent","floor":18},{"not_picked":["MeatLantern","FairyFestival"],"picked":"MHz","floor":18}],"player_experience":220977,"relics_obtained":[{"floor":9,"key":"conspire:DeflatedDodgeball"}],"event_choices":[{"damage_healed":0,"gold_gain":0,"player_choice":"Ignored","damage_taken":0,"max_hp_gain":0,"max_hp_loss":0,"event_name":"Liars Game","floor":5,"gold_loss":0},{"damage_healed":0,"gold_gain":0,"player_choice":"Ignored","damage_taken":0,"max_hp_gain":0,"max_hp_loss":0,"event_name":"WeMeetAgain","floor":7,"gold_loss":0},{"damage_healed":0,"gold_gain":0,"player_choice":"Became a vampire","damage_taken":0,"max_hp_gain":0,"max_hp_loss":20,"event_name":"Vampires","floor":19,"gold_loss":0,"cards_obtained":["Bite","Bite","Bite","Bite","Bite"]}],"is_beta":false,"boss_relics":[{"not_picked":["aspiration:DefectSkillbook","vexMod:DeviousBotling"],"picked":"Astrolabe"},{"not_picked":[]}],"items_purged_floors":[],"is_endless":false,"potions_floor_spawned":[1,2,10,11,18],"killed_by":"conspire:FuzzyDice","ascension_level":0}}