{"host":"d61fcf2p3sjwe6yo","time":1609966399,"event":{"mods":["AchievementEnabler","BaseMod","Colored Map","Downfall","Minty Spire (QoL Compilation)","StSLib","SuperFastMode"],"gold_per_floor":[99,111,124,140,140,140,140,140,153,78,111,111,36,21,37,140,140,140,157,175,275,325,375,375,402,402,422,220,220,370,404,423,518,518,518,235,247,397,416,442,442,477,402,247,247,101,101,151,169,169,169,202,77,77,77],"floor_reached":56,"playtime":3353,"items_purged":["Slimebound:Strike_Slimebound","Slimebound:Tackle","Slimebound:Defend_Slimebound"],"score":1700,"play_id":"7270d203-79ac-464b-9048-0758ec0f4129","local_time":"20210106235319","is_ascension_mode":true,"campfire_choices":[{"data":"Slimebound:Split","floor":1.0,"key":"SMITH"},{"floor":8.0,"key":"RECALL"},{"data":"Slimebound:CorrosiveSpit","floor":10.0,"key":"SMITH"},{"data":"Slimebound:SlimeSlap","floor":13.0,"key":"SMITH"},{"data":"Slimebound:Darklings","floor":18.0,"key":"SMITH"},{"data":"Slimebound:SplitSpecialist","floor":26.0,"key":"SMITH"},{"data":"Slimebound:LevelUp","floor":29.0,"key":"SMITH"},{"data":"Slimebound:TagTeam","floor":35.0,"key":"SMITH"},{"data":"Slimebound:Prepare","floor":43.0,"key":"SMITH"},{"data":"Slimebound:LivingWall","floor":45.0,"key":"SMITH"},{"data":"Slimebound:SlimeBarrage","floor":47.0,"key":"SMITH"},{"data":"expansioncontent:Chronoboost","floor":54.0,"key":"SMITH"}],"circlet_count":0,"master_deck":["Slimebound:Strike_Slimebound+1","Slimebound:Defend_Slimebound+1","Slimebound:Defend_Slimebound","Slimebound:Defend_Slimebound","Slimebound:Split+1","Slimebound:CorrosiveSpit+1","Slimebound:RallyTheTroops+1","Slimebound:LivingWall+1","Slimebound:SplitSpecialist+1","Slimebound:SlimeSlap+1","Slimebound:Darklings+1","Slimebound:DuplicatedForm","Slimebound:LevelUp+1","Slimebound:SlimeBarrage+1","Slimebound:GoopSpray+1","Slimebound:Prepare+1","Slimebound:TagTeam+1","Slimebound:ServeAndProtect+1","Slimebound:OneTwoCombo","expansioncontent:Chronoboost+1","Slimebound:LevelUp","Slimebound:Recollect"],"relics":["Slimebound:AbsorbEndCombat","Spirit Poop","Orichalcum","downfall:HeartBlessingRed","Juzu Bracelet","downfall:HeartBlessingGreen","Coffee Dripper","downfall:CloakOfManyFaces","CultistMask","FaceOfCleric","NlothsMask","GremlinMask","SsserpentHead","Dream Catcher","Ginger","Mummified Hand","Tiny Chest","Sozu","downfall:GremlinWheel","Anchor","Unceasing Top","downfall:HeartBlessingBlue","Happy Flower","Lantern","hexamod:BolsterEngine","Guardian:GemstoneGun","Ornamental Fan"],"acts_visited":["Exordium","TheCity","TheBeyond","TheEnding"],"potions_floor_usage":[],"damage_taken":[{"damage":21.0,"enemies":"Jaw Worm","floor":2.0,"turns":4.0},{"damage":9.0,"enemies":"Cultist","floor":3.0,"turns":3.0},{"damage":18.0,"enemies":"Small Slimes","floor":4.0,"turns":3.0},{"damage":33.0,"enemies":"Gremlin Gang","floor":9.0,"turns":5.0},{"damage":11.0,"enemies":"3 Sentries","floor":11.0,"turns":4.0},{"damage":15.0,"enemies":"downfall:FleeingMerchant","floor":14.0,"turns":4.0},{"damage":12.0,"enemies":"3 Louse","floor":15.0,"turns":4.0},{"damage":24.0,"enemies":"downfall:Watcher","floor":16.0,"turns":9.0},{"damage":12.0,"enemies":"Spheric Guardian","floor":19.0,"turns":3.0},{"damage":32.0,"enemies":"Shell Parasite","floor":20.0,"turns":3.0},{"damage":27.0,"enemies":"downfall:FaceTrader","floor":21.0,"turns":5.0},{"damage":57.0,"enemies":"Book of Stabbing","floor":25.0,"turns":5.0},{"damage":24.0,"enemies":"Centurion and Healer","floor":27.0,"turns":5.0},{"damage":24.0,"enemies":"downfall:FleeingMerchant","floor":28.0,"turns":4.0},{"damage":58.0,"enemies":"downfall:Defect","floor":30.0,"turns":5.0},{"damage":37.0,"enemies":"Gremlin Leader","floor":31.0,"turns":6.0},{"damage":32.0,"enemies":"Shelled Parasite and Fungi","floor":32.0,"turns":4.0},{"damage":57.0,"enemies":"downfall:Ironclad","floor":33.0,"turns":8.0},{"damage":16.0,"enemies":"3 Darklings","floor":37.0,"turns":2.0},{"damage":19.0,"enemies":"3 Darklings","floor":38.0,"turns":1.0},{"damage":27.0,"enemies":"Orb Walker","floor":39.0,"turns":3.0},{"damage":28.0,"enemies":"Reptomancer","floor":40.0,"turns":3.0},{"damage":43.0,"enemies":"Giant Head","floor":42.0,"turns":5.0},{"damage":41.0,"enemies":"downfall:FleeingMerchant","floor":44.0,"turns":3.0},{"damage":27.0,"enemies":"Spire Growth","floor":49.0,"turns":3.0},{"damage":64.0,"enemies":"downfall:Silent","floor":50.0,"turns":5.0},{"damage":79.0,"enemies":"downfall:CharBossMerchant","floor":52.0,"turns":6.0},{"damage":39,"enemies":"downfall:NeowBoss","floor":55,"turns":15}],"seed_played":"599164718456486427","potions_obtained":[{"floor":2.0,"key":"LiquidMemories"},{"floor":9.0,"key":"Explosive Potion"},{"floor":15.0,"key":"SkillPotion"},{"floor":19.0,"key":"sneckomod:MuddlingPotion"},{"floor":27.0,"key":"Explosive Potion"},{"floor":32.0,"key":"Guardian:BlockOnCardUsePotion"}],"is_trial":false,"path_per_floor":["R","M","M","M","?","?","T","R","M","R","E","?","R","$","M","B",null,"R","M","M","?","?","?","T","E","R","M","$","R","?","E","M","B",null,"R","?","M","?","M","E","T","E","R","$","R","$","R","?","M","B",null,"E","$","R","B",null],"character_chosen":"SLIMEBOUND","items_purchased":["Slimebound:LevelUp","Slimebound:SlimeBarrage","Slimebound:OneTwoCombo","Happy Flower","Lantern","hexamod:BolsterEngine"],"campfire_rested":0,"item_purchase_floors":[28,28,44,44,44,46],"current_hp_per_floor":[54,45,48,42,42,42,42,42,23,23,24,24,24,27,31,41,55,55,55,58,60,60,60,60,34,34,45,52,52,40,40,39,17,55,55,75,76,77,78,79,79,76,86,76,76,76,76,71,76,62,85,44,44,44,63],"gold":77,"neow_bonus":"ONE_RANDOM_RARE_CARD","is_daily":false,"chose_seed":false,"campfire_upgraded":11,"win_rate":0.0,"timestamp":1609966399,"path_taken":["R","M","M","M","?","?","T","R","M","R","E","?","R","?","M","BOSS","R","M","M","?","?","?","T","E","R","M","$","R","?","E","M","BOSS","R","?","M","?","M","E","T","E","R","$","R","$","R","?","M","BOSS","E","$","R","BOSS"],"items_purchased_type":["Card","Card","Card","Relic","Relic","Relic"],"build_version":"2020-12-22","purchased_purges":3,"victory":true,"max_hp_per_floor":[60,60,60,60,60,60,60,60,60,60,60,60,60,60,60,60,60,60,60,60,60,60,60,60,61,61,62,63,63,64,65,66,67,67,67,75,76,77,78,79,79,80,90,91,91,91,91,91,92,93,93,94,94,94,95],"card_choices":[{"not_picked":["Slimebound:FirmFortitude","Slimebound:Equalize","Slimebound:GrowthPunch"],"picked":"SKIP","floor":2.0},{"not_picked":["Slimebound:Schlurp","Slimebound:LeechEnergy","Slimebound:SlimeSpikes"],"picked":"SKIP","floor":3.0},{"not_picked":["Slimebound:FirmFortitude","Slimebound:GrowthPunch","Slimebound:ServeAndProtect"],"picked":"SKIP","floor":4.0},{"not_picked":["Slimebound:SlimeBrawl","Slimebound:TongueLash"],"picked":"Slimebound:LivingWall","floor":9.0},{"not_picked":["Slimebound:ServeAndProtect","Slimebound:SlimeTap"],"picked":"Slimebound:SplitSpecialist","floor":11.0},{"not_picked":["Slimebound:GoopSpray","Slimebound:ServeAndProtect","Slimebound:Schlurp"],"picked":"SKIP","floor":14.0},{"not_picked":["Slimebound:Schlurp","Slimebound:DivideAndConquer","Slimebound:SlimeSpikes"],"picked":"SKIP","floor":15.0},{"not_picked":["Slimebound:PrepareCrush","Slimebound:OozeBath"],"picked":"Slimebound:Darklings","floor":16.0},{"not_picked":["Slimebound:SlimeSpikes","Slimebound:FinishingTackle","Slimebound:ServeAndProtect+1"],"picked":"SKIP","floor":19.0},{"not_picked":["Slimebound:SplitBruiser","Slimebound:RollThrough","Slimebound:RainOfGoop+1"],"picked":"SKIP","floor":20.0},{"not_picked":["Slimebound:SlimeTap","Slimebound:PressTheAttack+1","Slimebound:HungryTackle+1"],"picked":"SKIP","floor":25.0},{"not_picked":["Slimebound:GrowthPunch","Slimebound:DivideAndConquer+1","Slimebound:ComboTackle+1"],"picked":"SKIP","floor":27.0},{"not_picked":["Slimebound:SlimeSpikes","Slimebound:Dissolve"],"picked":"Slimebound:DuplicatedForm","floor":28.0},{"not_picked":["Slimebound:Equalize","Slimebound:LeechEnergy"],"picked":"Slimebound:GoopSpray+1","floor":30.0},{"not_picked":["Slimebound:SplitBruiser+1","Slimebound:ComboTackle"],"picked":"Slimebound:Prepare","floor":31.0},{"not_picked":["Slimebound:Chomp","Slimebound:RainOfGoop","Slimebound:ComboTackle"],"picked":"SKIP","floor":32.0},{"not_picked":["Slimebound:SelfFormingGoo","Slimebound:Teamwork"],"picked":"Slimebound:TagTeam","floor":33.0},{"not_picked":["Slimebound:Schlurp","Slimebound:SplitMire+1","Slimebound:SplitAcid"],"picked":"SKIP","floor":37.0},{"not_picked":["Slimebound:Schlurp","Slimebound:SplitBruiser","Slimebound:LeechingTouch"],"picked":"SKIP","floor":39.0},{"not_picked":["Slimebound:Equalize","Slimebound:TongueLash+1","Slimebound:GoopSpray+1"],"picked":"SKIP","floor":40.0},{"not_picked":["Slimebound:SamplingLick","Slimebound:WasteNot","Slimebound:ComboTackle+1"],"picked":"SKIP","floor":42.0},{"not_picked":["Slimebound:Gluttony","Slimebound:ComboTackle+1"],"picked":"Slimebound:ServeAndProtect+1","floor":44.0},{"not_picked":["expansioncontent:DecasProtection","expansioncontent:BronzeBeam"],"picked":"expansioncontent:Chronoboost","floor":48.0},{"not_picked":["Slimebound:ViciousTackle+1","Slimebound:SplitLeeching"],"picked":"Slimebound:LevelUp","floor":49.0},{"not_picked":["Slimebound:RainOfGoop","Slimebound:ServeAndProtect+1"],"picked":"Slimebound:Recollect","floor":52.0}],"player_experience":448278,"relics_obtained":[{"floor":7.0,"key":"Orichalcum"},{"floor":11.0,"key":"Juzu Bracelet"},{"floor":21.0,"key":"downfall:CloakOfManyFaces"},{"floor":25.0,"key":"Dream Catcher"},{"floor":30.0,"key":"Ginger"},{"floor":30.0,"key":"Mummified Hand"},{"floor":31.0,"key":"Tiny Chest"},{"floor":38.0,"key":"downfall:GremlinWheel"},{"floor":40.0,"key":"Anchor"},{"floor":42.0,"key":"Unceasing Top"},{"floor":52.0,"key":"Guardian:GemstoneGun"},{"floor":54.0,"key":"Ornamental Fan"}],"event_choices":[{"cards_removed":["Regret"],"damage_healed":0.0,"max_hp_gain":0.0,"max_hp_loss":0.0,"gold_gain":0.0,"event_name":"Bonfire Elementals","player_choice":"Offered Curse","floor":6.0,"gold_loss":0.0,"damage_taken":0.0,"relics_obtained":["Spirit Poop"]},{"damage_healed":0.0,"max_hp_gain":0.0,"max_hp_loss":0.0,"gold_gain":0.0,"cards_transformed":["Slimebound:Strike_Slimebound"],"event_name":"Transmorgrifier","player_choice":"Transformed","floor":12.0,"gold_loss":0.0,"damage_taken":0.0,"cards_obtained":["Slimebound:SlimeSlap"]},{"damage_healed":0.0,"max_hp_gain":0.0,"max_hp_loss":0.0,"gold_gain":0.0,"event_name":"Ghosts","player_choice":"Ignored","floor":22.0,"gold_loss":0.0,"damage_taken":0.0},{"damage_healed":0.0,"max_hp_gain":0.0,"max_hp_loss":0.0,"gold_gain":0.0,"event_name":"Vampires","player_choice":"Ignored","floor":23.0,"gold_loss":0.0,"damage_taken":0.0},{"damage_healed":0.0,"max_hp_gain":0.0,"max_hp_loss":0.0,"gold_gain":0.0,"event_name":"Wheel of Change","player_choice":"Relic","floor":54.0,"gold_loss":0.0,"damage_taken":0.0}],"is_beta":false,"boss_relics":[{"not_picked":["SacredBark","Runic Dome"],"picked":"Coffee Dripper"},{"not_picked":["expansioncontent:StudyCardRelic","Cursed Key"],"picked":"Sozu"}],"items_purged_floors":[28,44,53],"is_endless":false,"potions_floor_spawned":[2,9,15,19,27,32,38,40,42],"ascension_level":7}}