{"host":"isy2gwbfe91wqj1j","time":1609943564,"event":{"mods":["AchievementEnabler","BaseMod","Better Altar","Better Match","Better Note","Better Sensory Stone","Better Skull","Better Third Choice","BetterRewards","Minty Spire (QoL Compilation)","StSLib"],"gold_per_floor":[118,118,118,136,156,171,171,206,206,4,4,4,4,23,23,23,23],"floor_reached":16,"playtime":419,"items_purged":["Strike_B"],"score":150,"play_id":"2f5cf645-fb47-4693-8ef5-3b14ad0feedf","local_time":"20210106073244","is_ascension_mode":false,"campfire_choices":[{"data":"Gash","floor":7,"key":"SMITH"},{"data":"Redo","floor":13,"key":"SMITH"},{"data":"Scrape","floor":15,"key":"SMITH"}],"circlet_count":0,"master_deck":["Strike_B","Strike_B","Strike_B","Defend_B","Defend_B","Defend_B","Defend_B","Zap","Dualcast","Redo+1","Gash+1","Finesse","Conserve Battery","Scrape+1"],"relics":["Cracked Core","Membership Card","Dead Branch","Boot","Sundial","MawBank","Singing Bowl","FossilizedHelix"],"acts_visited":["Exordium"],"potions_floor_usage":[],"damage_taken":[{"damage":5,"enemies":"Small Slimes","floor":1,"turns":3},{"damage":1,"enemies":"Jaw Worm","floor":4,"turns":3},{"damage":9,"enemies":"2 Louse","floor":5,"turns":2},{"damage":5,"enemies":"Looter","floor":6,"turns":3},{"damage":28,"enemies":"Gremlin Nob","floor":8,"turns":4},{"damage":0,"enemies":"2 Fungi Beasts","floor":14,"turns":3},{"damage":16,"enemies":"The Guardian","floor":16,"turns":5}],"seed_played":"5017199659364868469","potions_obtained":[{"floor":6,"key":"Swift Potion"}],"is_trial":false,"path_per_floor":["M","?","?","M","M","M","R","E","T","$","T","?","R","M","R","B"],"character_chosen":"DEFECT","items_purchased":["Membership Card","Dead Branch","Singing Bowl","Finesse"],"campfire_rested":0,"item_purchase_floors":[0,0,10,10],"current_hp_per_floor":[70,70,58,57,48,43,43,15,15,15,15,15,15,15,15,0,0],"gold":23,"neow_bonus":"","is_daily":false,"chose_seed":false,"campfire_upgraded":3,"win_rate":0.0,"timestamp":1609943564,"path_taken":["M","?","?","M","M","M","R","E","T","$","?","?","R","M","R","BOSS"],"items_purchased_type":["Relic","Relic","Relic","Card"],"build_version":"2020-12-22","purchased_purges":1,"victory":false,"max_hp_per_floor":[75,75,75,75,75,75,75,75,75,75,75,75,75,75,75,75,75],"card_choices":[{"not_picked":["Tempest","Sweeping Beam","Loop"],"picked":"SKIP","floor":1},{"not_picked":["Compile Driver","Go for the Eyes","Static Discharge"],"picked":"SKIP","floor":4},{"not_picked":["Barrage","Hologram"],"picked":"Redo","floor":5},{"not_picked":["Go for the Eyes","White Noise"],"picked":"Gash","floor":6},{"not_picked":["Redo","Leap","Coolheaded"],"picked":"SKIP","floor":8},{"not_picked":["Recycle","Sweeping Beam"],"picked":"Scrape","floor":14}],"player_experience":147637,"relics_obtained":[{"floor":8,"key":"Sundial"},{"floor":9,"key":"MawBank"},{"floor":11,"key":"FossilizedHelix"}],"event_choices":[{"damage_healed":70,"gold_gain":0,"player_choice":"Leave","damage_taken":0,"max_hp_gain":0,"max_hp_loss":75,"event_name":"betterThird:BetterShining","floor":2,"gold_loss":0},{"damage_healed":0,"gold_gain":0,"player_choice":"Relic ","damage_taken":12,"max_hp_gain":0,"max_hp_loss":0,"event_name":"betterThird:BetterScrap","floor":3,"gold_loss":0,"cards_obtained":["Footwork"]},{"damage_healed":0,"gold_gain":1,"player_choice":"4","damage_taken":0,"max_hp_gain":0,"max_hp_loss":0,"event_name":"betterStone:BetterStone","floor":12,"gold_loss":0,"cards_obtained":["Conserve Battery"]}],"is_beta":false,"boss_relics":[],"items_purged_floors":[10],"is_endless":false,"potions_floor_spawned":[6],"killed_by":"The Guardian","ascension_level":0}}