{"host":"qihv10mixs26xc23","time":1609942359,"event":{"mods":["100% Spire Juice","AchievementEnabler","Act Like it!","BaseMod","BetterRewards","Downfall","Gensokyo","Googly Eyes","Hermit","Koishi","Marisa????????","Minty Spire (QoL Compilation)","Remilia??????","Replay The Spire","Shop Mod","StSLib","The Marked","The Servant 0.9.4"],"gold_per_floor":[110,124,63,73,83,108,36,55,55,55,65,92,105,125,125,224,224,234,247,247,2,2,20,36,55,55,70,70,88,88,88,88,186,186,202,222,59,59,59],"floor_reached":38,"playtime":2687,"items_purged":["Defend_G"],"score":644,"play_id":"a24416b8-c9d8-4de0-b552-ce128ee57c80","local_time":"20210106091239","is_ascension_mode":false,"campfire_choices":[{"floor":15,"key":"REST"},{"floor":28,"key":"REST"},{"floor":30,"key":"REST"},{"data":"Infinite Blades","floor":32,"key":"SMITH"}],"circlet_count":0,"master_deck":["Defend_G","Defend_G","Defend_G","Defend_G","Survivor","Neutralize","Replay:SS_forest_6","Dagger Spray","Prepared","Well Laid Plans+1","Poisoned Stab","Die Die Die","Quick Slash","Prepared","Accuracy","Dagger Spray","Noxious Fumes","Poisoned Stab","Infinite Blades","Envenom","AbeCurse","Poisoned Stab","Flying Knee","Hidden Blade","Infinite Blades+1","Bite","Bite","Bite","Bite","Bite","Bane","Infinite Blades","Toxin Wave","Blade Dance","Infinite Blades+1","Bane","Die Die Die","Infinite Blades+1","Poisoned Stab+1","Cloak And Dagger","Cloak And Dagger","Hidden Blade"],"relics":["Strawberry","InkBottle","Sizzling Blood","Snack Pack","Abe\u0027s Treasure","Lantern","Kunai","Ring of Chaos"],"acts_visited":["Exordium","TheCity","TheBeyond"],"potions_floor_usage":[12,16,16,23,23,33,35,38],"damage_taken":[{"damage":1,"enemies":"2 Louse","floor":1,"turns":3},{"damage":0,"enemies":"Small Slimes","floor":2,"turns":4},{"damage":1,"enemies":"Jaw Worm","floor":4,"turns":6},{"damage":2,"enemies":"3 Louse","floor":5,"turns":3},{"damage":24,"enemies":"Replay:BlueRogue","floor":6,"turns":7},{"damage":0,"enemies":"2 Fungi Beasts","floor":8,"turns":2},{"damage":7,"enemies":"Large Slime","floor":11,"turns":8},{"damage":34,"enemies":"Gremlin Nob","floor":12,"turns":4},{"damage":16,"enemies":"Exordium Wildlife","floor":13,"turns":4},{"damage":7,"enemies":"Gremlin Gang","floor":14,"turns":4},{"damage":37,"enemies":"Slime Boss","floor":16,"turns":9},{"damage":26,"enemies":"2 Thieves","floor":18,"turns":4},{"damage":1,"enemies":"3 Byrds","floor":19,"turns":5},{"damage":36,"enemies":"Centurion and Healer","floor":23,"turns":6},{"damage":18,"enemies":"Chosen and Byrds","floor":24,"turns":5},{"damage":47,"enemies":"Snake Plant","floor":25,"turns":5},{"damage":20,"enemies":"Cultist and Chosen","floor":27,"turns":5},{"damage":4,"enemies":"Chosen and Byrds","floor":29,"turns":4},{"damage":51,"enemies":"Pondfish","floor":33,"turns":9},{"damage":34,"enemies":"3 Shapes","floor":35,"turns":4},{"damage":23,"enemies":"Orb Walker","floor":36,"turns":3},{"damage":37,"enemies":"Spire Growth","floor":38,"turns":3}],"seed_played":"3168327454679453786","potions_obtained":[{"floor":2,"key":"Adrenaline Potion"},{"floor":6,"key":"Block Potion"},{"floor":8,"key":"BlessingOfTheForge"},{"floor":12,"key":"BlessingOfTheForge"},{"floor":19,"key":"Adrenaline Potion"},{"floor":24,"key":"sneckomod:MuddlingPotion"},{"floor":33,"key":"SkillPotion"},{"floor":35,"key":"EssenceOfSteel"}],"is_trial":false,"path_per_floor":["M","M","$","M","M","E","$","M","T","?","M","E","M","M","R","B",null,"M","M","?","$","?","M","M","M","T","M","R","M","R","?","R","B",null,"M","M","$","M"],"character_chosen":"THE_SILENT","items_purchased":["Well Laid Plans+1","Quick Slash","Prepared","Hidden Blade","Infinite Blades","Lantern","Cloak And Dagger","Hidden Blade"],"campfire_rested":3,"item_purchase_floors":[3,7,7,21,21,21,37,37],"current_hp_per_floor":[69,69,69,68,66,49,49,49,49,53,50,28,26,25,49,28,81,63,70,55,55,55,41,47,20,20,18,36,52,60,60,60,51,60,34,25,25,0,0],"gold":59,"neow_bonus":"RANDOM_COLORLESS","is_daily":false,"chose_seed":false,"campfire_upgraded":1,"win_rate":0.0,"timestamp":1609942359,"path_taken":["M","M","$","M","M","E","$","M","T","?","M","E","M","M","R","BOSS","M","M","?","$","?","M","M","M","T","M","R","M","R","?","R","BOSS","M","M","$","M"],"items_purchased_type":["Card","Card","Card","Card","Card","Relic","Card","Card"],"build_version":"2020-12-22","purchased_purges":1,"victory":false,"max_hp_per_floor":[70,70,70,70,70,77,77,77,77,81,81,81,81,81,81,81,81,81,81,86,86,60,60,60,60,60,60,60,60,60,60,60,60,60,60,60,60,60,60],"card_choices":[{"not_picked":["Replay:SS_fish_3","ReplayTheSpireMod:Trickstab"],"picked":"Replay:SS_forest_6","floor":0},{"not_picked":["Dash","Slice"],"picked":"Dagger Spray","floor":1},{"not_picked":["Reflex","Acrobatics"],"picked":"Prepared","floor":2},{"not_picked":["PiercingWail","Prepared"],"picked":"Poisoned Stab","floor":4},{"not_picked":["Catalyst","Quick Slash"],"picked":"Die Die Die","floor":5},{"not_picked":["Underhanded Strike","Deflect","Choke"],"picked":"SKIP","floor":6},{"not_picked":["Riddle With Holes","Poisoned Stab"],"picked":"Accuracy","floor":8},{"not_picked":["Catalyst","Sucker Punch"],"picked":"Dagger Spray","floor":11},{"not_picked":["Blur","Replay:Poison Smokescreen"],"picked":"Noxious Fumes","floor":12},{"not_picked":["Outmaneuver","Caltrops"],"picked":"Poisoned Stab","floor":13},{"not_picked":["Leg Sweep","Outmaneuver"],"picked":"Infinite Blades","floor":14},{"not_picked":["A Thousand Cuts","Bullet Time"],"picked":"Envenom","floor":16},{"not_picked":["ReplayTheSpireMod:Tripwire+1","Deflect"],"picked":"Poisoned Stab","floor":18},{"not_picked":["PiercingWail","Sucker Punch"],"picked":"Flying Knee","floor":19},{"not_picked":["Dodge and Roll+1","Deadly Poison"],"picked":"Bane","floor":23},{"not_picked":["Caltrops+1","Flechettes"],"picked":"Infinite Blades","floor":24},{"not_picked":["Dodge and Roll","Dagger Throw"],"picked":"Toxin Wave","floor":25},{"not_picked":["Bane","Dagger Spray+1"],"picked":"Blade Dance","floor":27},{"not_picked":["Backflip","Blur"],"picked":"Infinite Blades+1","floor":29},{"not_picked":["Replay:Bag of Tricks","A Thousand Cuts"],"picked":"Die Die Die","floor":33},{"not_picked":["Well Laid Plans+1","Dagger Spray"],"picked":"Infinite Blades+1","floor":35},{"not_picked":["Quick Slash","Deadly Poison+1"],"picked":"Poisoned Stab+1","floor":36}],"player_experience":60155,"relics_obtained":[{"floor":6,"key":"Strawberry"},{"floor":9,"key":"InkBottle"},{"floor":12,"key":"Snack Pack"},{"floor":26,"key":"Kunai"}],"event_choices":[{"damage_healed":0,"gold_gain":0,"player_choice":"Shed Blood","damage_taken":20,"max_hp_gain":5,"max_hp_loss":0,"event_name":"Forgotten Altar","floor":20,"gold_loss":0},{"damage_healed":0,"gold_gain":0,"player_choice":"Became a vampire","damage_taken":0,"max_hp_gain":0,"max_hp_loss":26,"event_name":"Vampires","floor":22,"gold_loss":0,"cards_obtained":["Bite","Bite","Bite","Bite","Bite"]},{"damage_healed":0,"gold_gain":0,"player_choice":"Read","damage_taken":0,"max_hp_gain":0,"max_hp_loss":0,"event_name":"The Library","floor":31,"gold_loss":0,"cards_obtained":["Bane"]}],"is_beta":false,"boss_relics":[{"not_picked":["Ectoplasm","Snecko Scales"],"picked":"Abe\u0027s Treasure"},{"not_picked":["Snecko Eye","Runic Dome"],"picked":"Ring of Chaos"}],"items_purged_floors":[37],"is_endless":false,"potions_floor_spawned":[2,6,8,12,14,19,24,33,35],"killed_by":"Spire Growth","ascension_level":0}}