{"host":"f5ezd1v29dtbwkzo","time":1609915163,"event":{"mods":["2.2 Compatiblity","BaseMod","Hermit","Hubris","Infinite Spire","Minty Spire (QoL Compilation)","Rare Cards Sparkle","Replay The Spire","StSLib"],"gold_per_floor":[119,139,156,167,167,199,209,209,236,236,212,229,229,255,255,353,353,365,382,399,114,114,149,168,168,168,168,267,267,296,309,309,404,404,424,424,424,443,41,41,69,69,120,133,166,176,176,193,193,193],"floor_reached":51,"playtime":2287,"items_purged":[],"score":1057,"play_id":"9e3e31e8-9ddf-4a60-b33f-4b08aab2e53b","local_time":"20210106093923","is_ascension_mode":false,"campfire_choices":[{"floor":8,"key":"REST"},{"data":"Armaments","floor":10,"key":"SMITH"},{"data":"Replay:Undeath\u0027s Touch","floor":13,"key":"SMITH"},{"floor":15,"key":"REST"},{"data":"Enlightenment","floor":25,"key":"SMITH"},{"data":"Barricade","floor":27,"key":"SMITH"},{"data":"Replay:Undeath\u0027s Touch","floor":29,"key":"SMITH"},{"floor":32,"key":"REST"},{"data":"Dramatic Entrance","floor":40,"key":"SMITH"},{"data":"Feed","floor":40,"key":"SMITH"},{"data":"Replay:Undeath\u0027s Touch","floor":42,"key":"SMITH"},{"data":"Flex","floor":42,"key":"SMITH"},{"data":"Secret Weapon","floor":47,"key":"SMITH"},{"data":"ReplayTheSpireMod:Limb From Limb","floor":47,"key":"SMITH"},{"floor":49,"key":"DIG"}],"circlet_count":0,"master_deck":["Strike_R","Strike_R","Strike_R+1","Defend_R","Defend_R","Defend_R","Bash","Armaments+1","ReplayTheSpireMod:Limb From Limb+1","Thunderclap+1","Shrug It Off","Evolve","Replay:Undeath\u0027s Touch+1","Pummel","Barricade+1","Replay:Undeath\u0027s Touch+1","Enlightenment+1","Secret Weapon+1","Replay:Undeath\u0027s Touch+1","Flex+1","Feed+1","ReplayTheSpireMod:Stacked+1","Dramatic Entrance+1","Iron Wave+1","ReplayTheSpireMod:Limb From Limb+1"],"relics":["SlaversCollar","hubris:Icosahedron","Nunchaku","MealTicket","Whetstone","PreservedInsect","Replay:Drink Me","infinitespire:Satchel","Replay:Wax Seal","Replay:Arrowhead","hubris:CrackedHourglass","hubris:Towel","Sling","infinitespire:Lucky Rock","infinitespire:Magic Flask","Ancient Tea Set","Strawberry","Kunai"],"acts_visited":["Exordium","TheCity","TheBeyond"],"potions_floor_usage":[7,18,50],"damage_taken":[{"damage":0,"enemies":"Small Slimes","floor":1,"turns":3},{"damage":3,"enemies":"Jaw Worm","floor":2,"turns":4},{"damage":6,"enemies":"2 Louse","floor":3,"turns":2},{"damage":5,"enemies":"Looter","floor":4,"turns":4},{"damage":10,"enemies":"3 Sentries","floor":6,"turns":8},{"damage":4,"enemies":"Blue Slaver","floor":7,"turns":2},{"damage":12,"enemies":"Lagavulin","floor":11,"turns":7},{"damage":6,"enemies":"Gremlin Gang","floor":12,"turns":4},{"damage":25,"enemies":"The Guardian","floor":16,"turns":9},{"damage":15,"enemies":"3 Byrds","floor":18,"turns":7},{"damage":10,"enemies":"Shell Parasite","floor":19,"turns":6},{"damage":1,"enemies":"Chosen and Byrds","floor":20,"turns":6},{"damage":0,"enemies":"Gremlin Leader","floor":23,"turns":4},{"damage":0,"enemies":"Snake Plant","floor":24,"turns":2},{"damage":0,"enemies":"Replay:Snechameleon","floor":30,"turns":3},{"damage":0,"enemies":"Snecko","floor":31,"turns":3},{"damage":3,"enemies":"Pondfish","floor":33,"turns":7},{"damage":0,"enemies":"3 Shapes","floor":35,"turns":3},{"damage":17,"enemies":"3 Darklings","floor":38,"turns":4},{"damage":0,"enemies":"Giant Head","floor":41,"turns":5},{"damage":0,"enemies":"Sphere and 2 Shapes","floor":44,"turns":2},{"damage":0,"enemies":"R_Hoarder","floor":45,"turns":7},{"damage":10,"enemies":"Maw","floor":46,"turns":6},{"damage":5,"enemies":"Spire Growth","floor":48,"turns":3},{"damage":2,"enemies":"Awakened One","floor":50,"turns":9}],"seed_played":"5206474489691337779","potions_obtained":[{"floor":3,"key":"Strength Potion"},{"floor":4,"key":"LiquidMemories"},{"floor":6,"key":"Adrenaline Potion"},{"floor":11,"key":"ElixirPotion"},{"floor":23,"key":"SpeedPotion"},{"floor":30,"key":"BlessingOfTheForge"},{"floor":33,"key":"BloodPotion"},{"floor":38,"key":"LifebloodPotion"}],"is_trial":false,"path_per_floor":["M","M","M","M","?","E","M","R","T","R","E","M","R","T","R","B",null,"M","M","M","$","?","E","M","R","T","R","?","R","E","M","R","B",null,"M","?","?","M","$","R","E","R","T","M","E","M","R","M","R","B",null],"character_chosen":"IRONCLAD","items_purchased":["Enlightenment","Secret Weapon","Sling","infinitespire:Lucky Rock","Dramatic Entrance"],"campfire_rested":3,"item_purchase_floors":[21,21,39,39,39],"current_hp_per_floor":[80,77,71,66,66,56,52,76,76,76,64,58,58,58,80,55,60,45,35,34,49,49,49,49,49,49,49,49,49,49,49,60,57,60,63,63,63,46,61,61,61,61,61,61,72,66,66,61,61,63],"gold":193,"neow_bonus":"BOSS_RELIC","is_daily":false,"chose_seed":false,"campfire_upgraded":11,"win_rate":0.0,"timestamp":1609915163,"path_taken":["M","M","M","M","?","E","M","R","T","R","E","M","R","?","R","BOSS","M","M","M","$","?","E","M","R","T","R","?","R","E","M","R","BOSS","M","?","?","?","$","R","E","R","T","M","E","M","R","?","R","BOSS"],"items_purchased_type":["Card","Card","Relic","Relic","Card"],"build_version":"2020-12-22","purchased_purges":0,"victory":true,"max_hp_per_floor":[80,80,80,80,80,80,80,80,80,80,80,80,80,80,80,80,60,60,60,60,60,60,60,60,60,60,60,60,60,60,60,60,60,60,63,63,63,63,63,63,63,63,63,63,74,78,78,78,78,82],"card_choices":[{"not_picked":["Bloodletting","ReplayReversal"],"picked":"Armaments","floor":1},{"not_picked":["Warcry","Rampage"],"picked":"ReplayTheSpireMod:Limb From Limb","floor":2},{"not_picked":["Warcry","Heavy Blade"],"picked":"Thunderclap","floor":3},{"not_picked":["Pommel Strike","Heavy Blade"],"picked":"Shrug It Off","floor":4},{"not_picked":["Sword Boomerang","Second Wind"],"picked":"Evolve","floor":6},{"not_picked":["ReplayTheSpireMod:Strike From Hell","Berserk"],"picked":"Replay:Undeath\u0027s Touch","floor":7},{"not_picked":["infinitespire:OneForAll","Whirlwind"],"picked":"Pummel","floor":11},{"not_picked":["True Grit","Twin Strike","Burning Pact"],"picked":"SKIP","floor":12},{"not_picked":["Bludgeon","Double Tap"],"picked":"Barricade","floor":16},{"not_picked":["Infernal Blade","Havoc+1"],"picked":"Replay:Undeath\u0027s Touch","floor":18},{"not_picked":["ReplayTheSpireMod:LeadingStrike","Pommel Strike","Blood for Blood+1"],"picked":"SKIP","floor":19},{"not_picked":["Iron Wave","Carnage+1","Wild Strike"],"picked":"SKIP","floor":20},{"not_picked":["Hemokinesis","Shockwave"],"picked":"Replay:Undeath\u0027s Touch","floor":23},{"not_picked":["Run Through","True Grit","Iron Wave+1"],"picked":"SKIP","floor":24},{"not_picked":["Clash","Barricade"],"picked":"Flex","floor":30},{"not_picked":["Thunderclap","Disarm","Evolve"],"picked":"SKIP","floor":31},{"not_picked":["Immolate","Exhume"],"picked":"Feed","floor":33},{"not_picked":["Rampage+1","Burning Pact+1","Clothesline+1"],"picked":"SKIP","floor":35},{"not_picked":["Shrug It Off","Twin Strike"],"picked":"ReplayTheSpireMod:Stacked+1","floor":38},{"not_picked":["Havoc","Exhume"],"picked":"Iron Wave+1","floor":41},{"not_picked":["Pommel Strike+1","Armaments","Shrug It Off+1"],"picked":"SKIP","floor":44},{"not_picked":["Infernal Blade","hubris:ReadiedAction"],"picked":"ReplayTheSpireMod:Limb From Limb+1","floor":45},{"not_picked":["Life Link+1","Run Through+1","Iron Wave+1"],"picked":"SKIP","floor":46},{"not_picked":["Havoc","Run Through","Rage"],"picked":"SKIP","floor":48}],"player_experience":348905,"relics_obtained":[{"floor":6,"key":"Nunchaku"},{"floor":9,"key":"MealTicket"},{"floor":11,"key":"Whetstone"},{"floor":14,"key":"PreservedInsect"},{"floor":23,"key":"infinitespire:Satchel"},{"floor":26,"key":"Replay:Wax Seal"},{"floor":30,"key":"Replay:Arrowhead"},{"floor":41,"key":"infinitespire:Magic Flask"},{"floor":43,"key":"Ancient Tea Set"},{"floor":45,"key":"Strawberry"},{"floor":49,"key":"Kunai"}],"event_choices":[{"damage_healed":0,"gold_gain":0,"player_choice":"Ignored","damage_taken":0,"max_hp_gain":0,"max_hp_loss":0,"event_name":"Beggar","floor":22,"gold_loss":0},{"damage_healed":0,"gold_gain":99,"player_choice":"Stole From Cult","damage_taken":0,"max_hp_gain":0,"max_hp_loss":0,"event_name":"Nest","floor":28,"gold_loss":0},{"damage_healed":0,"gold_gain":0,"player_choice":"Full Heal","damage_taken":0,"max_hp_gain":0,"max_hp_loss":0,"event_name":"Wheel of Change","floor":37,"gold_loss":0}],"is_beta":false,"boss_relics":[{"not_picked":["Busted Crown","hubris:HollowSoul"],"picked":"Replay:Drink Me"},{"not_picked":["hubris:TerracottaHorce","infinitespire:Burning Sword"],"picked":"hubris:CrackedHourglass"}],"items_purged_floors":[],"is_endless":false,"potions_floor_spawned":[3,4,6,11,23,24,30,33,38,41,45],"ascension_level":0}}