{"host":"5c1rfni4ms1ztn71","time":1609914262,"event":{"mods":["AchievementEnabler","BaseMod","ChefMod","Downfall","Duelist Mod","Hermit","Hubris","Infinite Spire","Jorbs\u0027s Wanderer Trilogy","Marisa????????","Minty Spire (QoL Compilation)","Potionbrewer","Replay The Spire","Robot Space Explorer","SOS???????","Somnambulant","StSLib","Td1madao Mod","The Administrix","The Animator","The Bladedancer","The Bug Knight","The Construct","The Cursed","The Death Knight","The Disciple","The Forsaken","The Hierophant","The Mystic","The Necromancer","The Poker Player","The Runesmith","The Senshi","The Servant 0.9.4","The Wild Card","???Mod??????Boss"],"gold_per_floor":[109,161,4,15,28,28,28,47,47,47,58,75,94,112,112,215,215,229,248,264,278,290,290,200,200,200,200,213,232,245,256,256,351,351,361,375,389,106,130,130,171,193,220,220,0,12,28,48,48,48],"floor_reached":51,"playtime":6782,"items_purged":[],"score":935,"play_id":"ced1332b-f4bd-415f-83c9-1acc53884cbd","local_time":"20210106012422","is_ascension_mode":false,"metric_token":2322,"campfire_choices":[{"data":"PokerPlayerMod:TrumpStrike","floor":6.0,"key":"SMITH"},{"data":"PokerPlayerMod:WasteCollection","floor":10.0,"key":"SMITH"},{"data":"PokerPlayerMod:ItsShowtime","floor":23.0,"key":"SMITH"},{"data":"PokerPlayerMod:Promotion","floor":25.0,"key":"SMITH"},{"data":"PokerPlayerMod:Manipulation","floor":27.0,"key":"SMITH"},{"data":"theWildCard:Loki","floor":32.0,"key":"SMITH"},{"floor":40.0,"key":"REST"},{"data":"PokerPlayerMod:Extraction","floor":44,"key":"SMITH"},{"data":"PokerPlayerMod:Extraction","floor":49,"key":"SMITH"}],"circlet_count":0,"master_deck":["PokerPlayerMod:Diamond1","PokerPlayerMod:Diamond3","PokerPlayerMod:Diamond3","PokerPlayerMod:Diamond4","PokerPlayerMod:Diamond5","PokerPlayerMod:Spade1","PokerPlayerMod:Spade2","PokerPlayerMod:Spade3","PokerPlayerMod:Spade4","PokerPlayerMod:Club1","PokerPlayerMod:Club2","PokerPlayerMod:Heart2","PokerPlayerMod:TrumpStrike+1","PokerPlayerMod:BadJoker","PokerPlayerMod:CloakAndDiamond","PokerPlayerMod:HotShotCut+1","PokerPlayerMod:Spade6","PokerPlayerMod:Diamond4","PokerPlayerMod:SpadeStrike","PokerPlayerMod:WasteCollection+1","PokerPlayerMod:Fold","PokerPlayerMod:Manipulation+1","PokerPlayerMod:ItsShowtime+1","PokerPlayerMod:JackOfSpades","theWildCard:Loki+1","PokerPlayerMod:Promotion+1","PokerPlayerMod:Raise","PokerPlayerMod:FillThePot","PokerPlayerMod:Trickery","PokerPlayerMod:Sharpen+1","PokerPlayerMod:Diamond5","PokerPlayerMod:HiddenCard","PokerPlayerMod:Extraction+1","PokerPlayerMod:Diamond5","PokerPlayerMod:ClubsClub","PokerPlayerMod:Spade10+","theDuelist:SummoningCurse","Knight Kick","PokerPlayerMod:WasteCollection","expansioncontent:GuardianWhirl","ReplayTheSpireMod:Book of Names","PokerPlayerMod:Raise+1","PokerPlayerMod:Diamond2","PokerPlayerMod:FlyingCard","PokerPlayerMod:ClubsClub","PokerPlayerMod:ClubDance","PokerPlayerMod:DiamondStrike","PokerPlayerMod:HotShotCut","PokerPlayerMod:Configure","PokerPlayerMod:Extraction+1","PokerPlayerMod:Club4","PokerPlayerMod:FillThePot","PokerPlayerMod:DiamondStrike"],"relics":["PokerPlayerMod:DeckCase","ReplayTheSpireMod:TigerMarble","DeathKnight:SindragosasSkull","Runesmith:UraniumAnvil","Replay:Bottled Flurry","ReplayTheSpireMod:SealedPack","infinitespire:EvilPickle","ClockworkSouvenir","hubris:SlimyHat","Replay:Wax Seal","Vajra"],"acts_visited":["Exordium","TheCity","TheBeyond"],"potions_floor_usage":[41,48,50,50],"damage_taken":[{"damage":0.0,"enemies":"Cultist","floor":1.0,"turns":3.0},{"damage":0.0,"enemies":"2 Louse","floor":4.0,"turns":1.0},{"damage":0.0,"enemies":"Small Slimes","floor":5.0,"turns":1.0},{"damage":0.0,"enemies":"3 Louse","floor":8.0,"turns":2.0},{"damage":6.0,"enemies":"2 Fungi Beasts","floor":11.0,"turns":3.0},{"damage":0.0,"enemies":"Lots of Slimes","floor":12.0,"turns":2.0},{"damage":0.0,"enemies":"3 Louse","floor":13.0,"turns":1.0},{"damage":0.0,"enemies":"Blue Slaver","floor":14.0,"turns":3.0},{"damage":0.0,"enemies":"Slime Boss","floor":16.0,"turns":3.0},{"damage":0.0,"enemies":"3 Byrds","floor":18.0,"turns":2.0},{"damage":0.0,"enemies":"Chosen","floor":19.0,"turns":1.0},{"damage":0.0,"enemies":"3 Cultists","floor":20.0,"turns":4.0},{"damage":0.0,"enemies":"Snake Plant","floor":21.0,"turns":2.0},{"damage":0.0,"enemies":"Centurion and Healer","floor":22.0,"turns":3.0},{"damage":11.0,"enemies":"Shelled Parasite and Fungi","floor":28.0,"turns":4.0},{"damage":0.0,"enemies":"Sentry and Sphere","floor":29.0,"turns":3.0},{"damage":12.0,"enemies":"3 Cultists","floor":30.0,"turns":4.0},{"damage":0.0,"enemies":"Cultist and Chosen","floor":31.0,"turns":3.0},{"damage":3.0,"enemies":"Pondfish","floor":33.0,"turns":13.0},{"damage":0.0,"enemies":"Orb Walker","floor":35.0,"turns":3.0},{"damage":0.0,"enemies":"3 Shapes","floor":36.0,"turns":2.0},{"damage":7.0,"enemies":"Maw","floor":37.0,"turns":5.0},{"damage":7.0,"enemies":"Sphere and 2 Shapes","floor":39.0,"turns":2.0},{"damage":0,"enemies":"Giant Head","floor":41,"turns":6},{"damage":0,"enemies":"3 Darklings","floor":42,"turns":1},{"damage":0,"enemies":"Spire Growth","floor":46,"turns":1},{"damage":0,"enemies":"Maw","floor":47,"turns":3},{"damage":0,"enemies":"Sphere and 2 Shapes","floor":48,"turns":3},{"damage":0,"enemies":"Replay:Hell Engine","floor":50,"turns":7}],"seed_played":"488913935436812423","potions_obtained":[{"floor":1.0,"key":"sneckomod:MuddlingPotion"},{"floor":5.0,"key":"Toxic Potion"},{"floor":12.0,"key":"Energy Potion"},{"floor":18.0,"key":"potionbrewer:DiscountPotion"},{"floor":20.0,"key":"PowerPotion"},{"floor":30.0,"key":"LifebloodPotion"},{"floor":31.0,"key":"SpeedPotion"},{"floor":35.0,"key":"potionbrewer:AcidPotion"},{"floor":39.0,"key":"PowerPotion"},{"floor":41,"key":"EssenceOfSteel"},{"floor":48,"key":"Explosive Potion"}],"is_trial":false,"path_per_floor":["M","T","$","M","M","R","?","M","T","R","M","M","M","M","R","B",null,"M","M","M","M","M","R","?","R","T","R","M","M","M","M","R","B",null,"M","M","M","$","M","R","E","M","T","R","$","M","M","M","R","B",null],"character_chosen":"THE_POKER_PLAYER","items_purchased":["PokerPlayerMod:HotShotCut","PokerPlayerMod:Spade6","PokerPlayerMod:ClubsClub","PokerPlayerMod:ClubDance","ClockworkSouvenir","PokerPlayerMod:Extraction","Vajra"],"campfire_rested":1,"item_purchase_floors":[3,3,38,38,38,45,45],"current_hp_per_floor":[57,57,57,57,57,57,57,57,57,57,51,51,51,51,51,51,57,57,57,57,57,57,57,57,57,57,57,46,46,34,34,34,39,57,57,57,50,50,43,57,57,57,57,57,57,57,57,57,57,57],"gold":48,"neow_bonus":"TEN_PERCENT_HP_BONUS","is_daily":false,"chose_seed":false,"campfire_upgraded":8,"win_rate":0.0,"timestamp":1609914262,"path_taken":["M","?","$","M","M","R","?","M","T","R","M","M","?","M","R","BOSS","M","M","M","M","M","R","?","R","T","R","M","M","M","?","R","BOSS","M","M","M","$","M","R","E","M","T","R","$","M","M","M","R","BOSS"],"items_purchased_type":["Card","Card","Card","Card","Relic","Card","Relic"],"build_version":"2020-12-22","purchased_purges":0,"victory":true,"max_hp_per_floor":[57,57,57,57,57,57,57,57,57,57,57,57,57,57,57,57,57,57,57,57,57,57,57,57,57,57,57,57,57,57,57,57,57,57,57,57,57,57,57,57,57,57,57,57,57,57,57,57,57,57],"card_choices":[{"not_picked":["PokerPlayerMod:Spade1","PokerPlayerMod:Extraction"],"picked":"PokerPlayerMod:CloakAndDiamond","floor":1.0},{"not_picked":["PokerPlayerMod:Club3","PokerPlayerMod:Club6"],"picked":"PokerPlayerMod:Diamond4","floor":4.0},{"not_picked":["PokerPlayerMod:Club4","PokerPlayerMod:Diamond2"],"picked":"PokerPlayerMod:SpadeStrike","floor":5.0},{"not_picked":["PokerPlayerMod:Club4","PokerPlayerMod:Diamond1"],"picked":"PokerPlayerMod:WasteCollection","floor":8.0},{"not_picked":["PokerPlayerMod:DamnStraight","PokerPlayerMod:Club2"],"picked":"PokerPlayerMod:Fold","floor":11.0},{"not_picked":["PokerPlayerMod:Spade2","PokerPlayerMod:Spade1"],"picked":"PokerPlayerMod:Manipulation","floor":12.0},{"not_picked":["PokerPlayerMod:Diamond4","PokerPlayerMod:Spade1"],"picked":"PokerPlayerMod:ItsShowtime","floor":13.0},{"not_picked":["PokerPlayerMod:DartThrow","PokerPlayerMod:ClubsClub"],"picked":"PokerPlayerMod:JackOfSpades","floor":14.0},{"not_picked":["PokerPlayerMod:Duplicate","PokerPlayerMod:WasteCollection"],"picked":"PokerPlayerMod:Promotion","floor":16.0},{"not_picked":["PokerPlayerMod:Diamond1","PokerPlayerMod:Fold+1"],"picked":"PokerPlayerMod:Raise","floor":18.0},{"not_picked":["PokerPlayerMod:Club5","PokerPlayerMod:CardBurn"],"picked":"PokerPlayerMod:FillThePot","floor":19.0},{"not_picked":["PokerPlayerMod:Fold","PokerPlayerMod:Spade5"],"picked":"PokerPlayerMod:Trickery","floor":20.0},{"not_picked":["PokerPlayerMod:Spade4","PokerPlayerMod:Diamond2"],"picked":"PokerPlayerMod:Sharpen+1","floor":21.0},{"not_picked":["PokerPlayerMod:Diamond2","PokerPlayerMod:Spade5"],"picked":"PokerPlayerMod:Diamond5","floor":22.0},{"not_picked":["PokerPlayerMod:DartThrow","PokerPlayerMod:CloakAndDiamond"],"picked":"PokerPlayerMod:HiddenCard","floor":28.0},{"not_picked":["PokerPlayerMod:ClubDance+1","PokerPlayerMod:Spade4"],"picked":"PokerPlayerMod:Extraction","floor":29.0},{"not_picked":["PokerPlayerMod:Spade3","PokerPlayerMod:SecondChance"],"picked":"PokerPlayerMod:Diamond5","floor":30.0},{"not_picked":["PokerPlayerMod:Spade1","PokerPlayerMod:Spade4"],"picked":"PokerPlayerMod:ClubsClub","floor":31.0},{"not_picked":["PokerPlayerMod:Promotion","PokerPlayerMod:VarietyAttack"],"picked":"PokerPlayerMod:Spade10+","floor":33.0},{"not_picked":["Guardian:TwinSlam","theWildCard:CallToAdventure"],"picked":"Knight Kick","floor":34.0},{"not_picked":["PokerPlayerMod:StackedDeck","PokerPlayerMod:SecretDealer"],"picked":"PokerPlayerMod:WasteCollection","floor":34.0},{"not_picked":["hubris:Insight","expansioncontent:LastStand"],"picked":"expansioncontent:GuardianWhirl","floor":34.0},{"not_picked":["hubris:Fate","infinitespire:Oblivion"],"picked":"ReplayTheSpireMod:Book of Names","floor":34.0},{"not_picked":["PokerPlayerMod:CardBurn+1","PokerPlayerMod:Spade3"],"picked":"PokerPlayerMod:Raise+1","floor":35.0},{"not_picked":["PokerPlayerMod:Fold","PokerPlayerMod:RiskyBet+1"],"picked":"PokerPlayerMod:Diamond2","floor":36.0},{"not_picked":["PokerPlayerMod:Spade3","PokerPlayerMod:HeartStrike+1"],"picked":"PokerPlayerMod:FlyingCard","floor":37.0},{"not_picked":["PokerPlayerMod:ClubsClub","PokerPlayerMod:MagicTrick+1"],"picked":"PokerPlayerMod:DiamondStrike","floor":39.0},{"not_picked":["PokerPlayerMod:Configure","PokerPlayerMod:Spade3"],"picked":"PokerPlayerMod:HotShotCut","floor":41},{"not_picked":["PokerPlayerMod:Diamond4","PokerPlayerMod:DartThrow"],"picked":"PokerPlayerMod:Configure","floor":42},{"not_picked":["PokerPlayerMod:Club1","PokerPlayerMod:Diamond1"],"picked":"PokerPlayerMod:Club4","floor":46},{"not_picked":["PokerPlayerMod:Diamond1","PokerPlayerMod:MagicTrick+1"],"picked":"PokerPlayerMod:FillThePot","floor":47},{"not_picked":["PokerPlayerMod:Configure","PokerPlayerMod:Heart1"],"picked":"PokerPlayerMod:DiamondStrike","floor":48}],"player_experience":44953,"relics_obtained":[{"floor":2.0,"key":"ReplayTheSpireMod:TigerMarble"},{"floor":9.0,"key":"DeathKnight:SindragosasSkull"},{"floor":26.0,"key":"Replay:Bottled Flurry"},{"floor":41,"key":"hubris:SlimyHat"},{"floor":43,"key":"Replay:Wax Seal"}],"event_choices":[{"damage_healed":0.0,"max_hp_gain":0.0,"max_hp_loss":0.0,"gold_gain":0.0,"event_name":"Accursed Blacksmith","player_choice":"Forge","floor":7.0,"gold_loss":0.0,"damage_taken":0.0,"cards_upgraded":["PokerPlayerMod:HotShotCut"]},{"cards_removed":["PokerPlayerMod:Mulligan"],"damage_healed":0.0,"max_hp_gain":0.0,"max_hp_loss":0.0,"gold_gain":0.0,"event_name":"Designer","player_choice":"Upgrade and Remove","floor":24.0,"gold_loss":90.0,"damage_taken":0.0,"cards_upgraded":["PokerPlayerMod:Diamond3"]}],"is_beta":false,"boss_relics":[{"not_picked":["theForsaken:PaleLantern","Replay:Wanted Poster"],"picked":"Runesmith:UraniumAnvil"},{"not_picked":["hubris:GrandSneckoEye","Ring of Chaos"],"picked":"ReplayTheSpireMod:SealedPack"}],"items_purged_floors":[],"is_endless":false,"potions_floor_spawned":[1,5,12,14,18,20,30,31,35,39,41,48],"ascension_level":0}}