{"host":"60fhthqyb911n2zd","time":1609911221,"event":{"mods":["BaseMod","Mimic Mod","Minty Spire (QoL Compilation)","Replay The Spire","Shop Mod","StSLib","The Jungle"],"gold_per_floor":[116,116,127,202,202,234,21,21,55,84,84,94,94,110,110,208,208,226,242,81,81,180,180,215,215,251,271,289,289,289],"floor_reached":29,"playtime":835,"items_purged":["Regret","Strike_B"],"score":304,"play_id":"99208988-bef6-491a-9d29-729336011147","local_time":"20210106133341","is_ascension_mode":true,"campfire_choices":[{"data":"Redo","floor":8,"key":"SMITH"},{"floor":11,"key":"REST"},{"data":"Zap","floor":13,"key":"SMITH"},{"floor":15,"key":"REST"},{"data":"Creative AI","floor":23,"key":"SMITH"},{"floor":25,"key":"REST"}],"circlet_count":0,"master_deck":["Strike_B","Strike_B","Defend_B","Defend_B","Defend_B","Defend_B","Zap+1","Dualcast","Auto Shields","Redo+1","Redo","Streamline","Redo","Creative AI+1","Conserve Battery","Conserve Battery+1","Ball Lightning","Cold Snap","Ball Lightning","Ball Lightning","Leap"],"relics":["Cracked Core","NeowsBlessing","TungstenRod","Replay:Rubber Ducky","MerchantsRug","Blood Vial","Replay:Antivirus Software","Nuclear Battery","MutagenicStrength","InkBottle","Replay:WaspNest"],"acts_visited":["Exordium","TheCity"],"potions_floor_usage":[10,27],"damage_taken":[{"damage":0,"enemies":"2 Louse","floor":1,"turns":1},{"damage":0,"enemies":"Jaw Worm","floor":3,"turns":1},{"damage":0,"enemies":"Gremlin Nob","floor":6,"turns":1},{"damage":0,"enemies":"Cultist","floor":9,"turns":8},{"damage":13,"enemies":"Lagavulin","floor":10,"turns":5},{"damage":0,"enemies":"Cultist","floor":12,"turns":3},{"damage":7,"enemies":"Blue Slaver","floor":14,"turns":4},{"damage":56,"enemies":"Fading Forest","floor":16,"turns":11},{"damage":2,"enemies":"Chosen","floor":18,"turns":5},{"damage":6,"enemies":"Shell Parasite","floor":19,"turns":6},{"damage":63,"enemies":"Gremlin Leader","floor":24,"turns":10},{"damage":0,"enemies":"3 Cultists","floor":26,"turns":5},{"damage":15,"enemies":"3 Cultists","floor":27,"turns":5},{"damage":12,"enemies":"Snake Plant","floor":28,"turns":3},{"damage":13,"enemies":"Book of Stabbing","floor":29,"turns":5}],"seed_played":"84747693243066949","potions_obtained":[{"floor":1,"key":"CultistPotion"},{"floor":3,"key":"AttackPotion"},{"floor":10,"key":"DuplicationPotion"},{"floor":19,"key":"SneckoOil"}],"is_trial":false,"path_per_floor":["M","?","M","?","?","E","$","R","MIM","E","R","M","R","M","R","B",null,"M","M","$","?","?","R","E","R","MIM","M","M","E"],"character_chosen":"DEFECT","items_purchased":["MerchantsRug","Ball Lightning","Cold Snap"],"campfire_rested":3,"item_purchase_floors":[7,20,20],"current_hp_per_floor":[75,68,68,57,57,57,57,57,57,46,68,70,70,65,75,29,75,73,69,69,69,69,69,8,30,32,19,9,0,0],"gold":289,"neow_bonus":"THREE_ENEMY_KILL","is_daily":false,"chose_seed":false,"campfire_upgraded":3,"win_rate":0.0,"timestamp":1609911221,"path_taken":["M","?","M","?","?","E","$","R","MIM","E","R","?","R","M","R","BOSS","M","M","$","?","?","R","E","R","MIM","M","M","E"],"items_purchased_type":["Relic","Card","Card"],"build_version":"2020-12-22","purchased_purges":2,"victory":false,"max_hp_per_floor":[75,75,75,75,75,75,75,75,75,75,75,75,75,75,75,75,75,75,75,75,75,75,75,75,75,75,75,75,75,75],"card_choices":[{"not_picked":["Stack","Skim"],"picked":"Auto Shields","floor":1},{"not_picked":["Hologram","Panic Button"],"picked":"Redo","floor":3},{"not_picked":["Gash","Barrage","Echo Form"],"picked":"SKIP","floor":6},{"not_picked":["Coolheaded","FIFO Queue"],"picked":"Redo","floor":9},{"not_picked":["Barrage","ReplayTheSpireMod:System Scan"],"picked":"Streamline","floor":10},{"not_picked":["Steam","Sweeping Beam"],"picked":"Redo","floor":12},{"not_picked":["Gash","Compile Driver","Hologram"],"picked":"SKIP","floor":14},{"not_picked":["ReplayTheSpireMod:Fabricate Wheel","Biased Cognition"],"picked":"Creative AI","floor":16},{"not_picked":["Coolheaded","Streamline+1"],"picked":"Conserve Battery","floor":18},{"not_picked":["Capacitor","Reinforced Body+1"],"picked":"Conserve Battery+1","floor":19},{"not_picked":["Melter","Sweeping Beam"],"picked":"Ball Lightning","floor":24},{"not_picked":["Turbo","Rebound"],"picked":"Ball Lightning","floor":26},{"not_picked":["Compile Driver","Hologram+1"],"picked":"Leap","floor":27},{"not_picked":["Skim+1","Core Surge","Consume"],"picked":"SKIP","floor":28}],"player_experience":491998,"relics_obtained":[{"floor":6,"key":"Replay:Rubber Ducky"},{"floor":9,"key":"Blood Vial"},{"floor":10,"key":"Replay:Antivirus Software"},{"floor":24,"key":"InkBottle"},{"floor":26,"key":"Replay:WaspNest"}],"event_choices":[{"cards_removed":["Strike_B"],"damage_healed":0,"gold_gain":0,"player_choice":"Card Removal","damage_taken":7,"max_hp_gain":0,"max_hp_loss":0,"event_name":"Golden Wing","floor":2,"gold_loss":0},{"damage_healed":0,"gold_gain":75,"player_choice":"Gather Gold","damage_taken":11,"max_hp_gain":0,"max_hp_loss":0,"event_name":"World of Goop","floor":4,"gold_loss":0},{"damage_healed":0,"gold_gain":0,"player_choice":"Box","damage_taken":0,"relics_obtained":["TungstenRod"],"max_hp_gain":0,"max_hp_loss":0,"event_name":"Big Fish","floor":5,"gold_loss":0,"cards_obtained":["Regret"]},{"damage_healed":0,"gold_gain":0,"player_choice":"Inject Mutagens","damage_taken":0,"relics_obtained":["MutagenicStrength"],"max_hp_gain":0,"max_hp_loss":0,"event_name":"Drug Dealer","floor":21,"gold_loss":0},{"damage_healed":0,"gold_gain":99,"player_choice":"Stole From Cult","damage_taken":0,"max_hp_gain":0,"max_hp_loss":0,"event_name":"Nest","floor":22,"gold_loss":0}],"is_beta":false,"boss_relics":[{"not_picked":["Black Star","Runic Dome"],"picked":"Nuclear Battery"}],"items_purged_floors":[7,20],"is_endless":false,"potions_floor_spawned":[1,3,10,19],"killed_by":"Book of Stabbing","ascension_level":2}}