{"host":"c3lc60y5x60jlt1y","time":1609911295,"event":{"mods":["AchievementEnabler","BaseMod","Bestiary","Colored Map","Minty Spire (QoL Compilation)","Quick Restart","StSLib","ojb\u0027s Info Mod"],"gold_per_floor":[117,117,132,147,147,177,177,177,177,177,102,16,16,43,43,120,120,138,4,12,30,50,85,85,116,116,116,149,49,61,111,111,188,188,203,229,241,241,260,260,260],"floor_reached":40,"playtime":45553,"items_purged":["Strike_G","Regret"],"score":904,"play_id":"60e16280-b37b-41e7-a2fd-4408a8ec6337","local_time":"20210106073455","is_ascension_mode":true,"campfire_choices":[{"floor":8,"key":"REST"},{"data":"Phantasmal Killer","floor":10,"key":"SMITH"},{"data":"Footwork","floor":15,"key":"SMITH"},{"data":"Wraith Form v2","floor":24,"key":"SMITH"},{"floor":27,"key":"REST"},{"data":"Crippling Poison","floor":32,"key":"SMITH"}],"circlet_count":0,"master_deck":["AscendersBane","Strike_G","Strike_G","Defend_G","Defend_G","Defend_G","Defend_G","Defend_G","Survivor","Neutralize","Dagger Throw","Phantasmal Killer+1","Predator","Underhanded Strike","Eviscerate+1","Blade Dance","Footwork+1","Acrobatics","Wraith Form v2+1","Dodge and Roll","Blade Dance","Caltrops+1","Predator+1","Backflip","Crippling Poison+1","Backflip","Adrenaline","Bouncing Flask","Writhe","Madness","Madness","Underhanded Strike"],"relics":["Ring of the Snake","NeowsBlessing","Ancient Tea Set","InkBottle","Oddly Smooth Stone","Unceasing Top","Cursed Key","Meat on the Bone","Blood Vial","Bottled Tornado","Pocketwatch","Busted Crown","Regal Pillow"],"acts_visited":["Exordium","TheCity","TheBeyond"],"potions_floor_usage":[14,16,25,28,33,39,40],"damage_taken":[{"damage":0,"enemies":"Small Slimes","floor":1,"turns":1},{"damage":0,"enemies":"Cultist","floor":3,"turns":1},{"damage":0,"enemies":"Jaw Worm","floor":4,"turns":1},{"damage":32,"enemies":"Gremlin Nob","floor":6,"turns":4},{"damage":20,"enemies":"3 Sentries","floor":14,"turns":6},{"damage":15,"enemies":"Hexaghost","floor":16,"turns":6},{"damage":2,"enemies":"Spheric Guardian","floor":18,"turns":3},{"damage":2,"enemies":"2 Thieves","floor":20,"turns":4},{"damage":0,"enemies":"Snecko","floor":21,"turns":5},{"damage":0,"enemies":"Sentry and Sphere","floor":22,"turns":3},{"damage":9,"enemies":"Book of Stabbing","floor":23,"turns":5},{"damage":30,"enemies":"Gremlin Leader","floor":25,"turns":8},{"damage":21,"enemies":"Book of Stabbing","floor":28,"turns":8},{"damage":7,"enemies":"Chosen and Byrds","floor":30,"turns":7},{"damage":32,"enemies":"Champ","floor":33,"turns":15},{"damage":0,"enemies":"3 Shapes","floor":35,"turns":5},{"damage":14,"enemies":"3 Darklings","floor":37,"turns":5},{"damage":12,"enemies":"Jaw Worm Horde","floor":39,"turns":4},{"damage":43,"enemies":"Reptomancer","floor":40,"turns":4}],"seed_played":"4204298451951841149","potions_obtained":[{"floor":6,"key":"Regen Potion"},{"floor":14,"key":"DuplicationPotion"},{"floor":16,"key":"BlessingOfTheForge"},{"floor":22,"key":"CunningPotion"},{"floor":25,"key":"PowerPotion"},{"floor":35,"key":"Swift Potion"},{"floor":37,"key":"AttackPotion"}],"is_trial":false,"path_per_floor":["M","?","M","M","?","E","?","R","T","R","?","$","?","E","R","B",null,"M","$","M","M","M","E","R","E","T","R","E","$","M","?","R","B",null,"M","T","M","?","M","E"],"character_chosen":"THE_SILENT","items_purchased":["Footwork","Blade Dance"],"campfire_rested":2,"item_purchase_floors":[12,19],"current_hp_per_floor":[59,59,59,59,59,27,20,39,39,39,39,39,28,23,23,8,52,50,50,48,48,48,39,39,21,21,40,33,33,40,40,40,22,55,57,57,45,33,35,0,0],"gold":260,"neow_bonus":"THREE_ENEMY_KILL","is_daily":false,"chose_seed":false,"campfire_upgraded":4,"win_rate":0.0,"timestamp":1609911295,"path_taken":["M","?","M","?","?","E","?","R","T","R","?","?","?","E","R","BOSS","M","$","M","M","M","E","R","E","T","R","E","$","M","?","R","BOSS","M","?","?","?","M","E"],"items_purchased_type":["Card","Card"],"build_version":"2020-12-22","purchased_purges":2,"victory":false,"max_hp_per_floor":[66,66,66,66,66,66,66,66,66,66,66,66,66,66,66,66,66,66,66,66,66,66,66,66,66,66,66,66,66,66,66,66,66,66,66,66,66,66,66,66,66],"card_choices":[{"not_picked":["Backflip","PiercingWail"],"picked":"Dagger Throw","floor":1},{"not_picked":["Flying Knee","Predator"],"picked":"Underhanded Strike","floor":3},{"not_picked":["Dagger Throw","Sucker Punch"],"picked":"Eviscerate","floor":4},{"not_picked":["Riddle With Holes","Catalyst"],"picked":"Blade Dance","floor":6},{"not_picked":["Concentrate","Slice"],"picked":"Acrobatics","floor":14},{"not_picked":["Corpse Explosion","Unload"],"picked":"Wraith Form v2","floor":16},{"not_picked":["Flying Knee","Cloak And Dagger"],"picked":"Dodge and Roll","floor":18},{"not_picked":["Bane","Glass Knife"],"picked":"Caltrops+1","floor":20},{"not_picked":["Footwork","Sucker Punch"],"picked":"Predator+1","floor":21},{"not_picked":["Deadly Poison","Predator","Catalyst"],"picked":"SKIP","floor":22},{"not_picked":["After Image","Deadly Poison"],"picked":"Backflip","floor":23},{"not_picked":["Choke","Blur+1"],"picked":"Crippling Poison","floor":25},{"not_picked":["Flying Knee","Dagger Spray","Dagger Throw"],"picked":"SKIP","floor":28},{"not_picked":["Deadly Poison","Cloak And Dagger"],"picked":"Backflip","floor":30},{"not_picked":["Grand Finale","Malaise"],"picked":"Adrenaline","floor":33},{"not_picked":[],"picked":"Bouncing Flask","floor":35},{"not_picked":["Deflect"],"picked":"SKIP","floor":37},{"not_picked":[],"picked":"Underhanded Strike","floor":39}],"player_experience":7522848,"relics_obtained":[{"floor":6,"key":"Ancient Tea Set"},{"floor":9,"key":"InkBottle"},{"floor":14,"key":"Unceasing Top"},{"floor":23,"key":"Meat on the Bone"},{"floor":25,"key":"Blood Vial"},{"floor":26,"key":"Bottled Tornado"},{"floor":28,"key":"Pocketwatch"},{"floor":36,"key":"Regal Pillow"}],"event_choices":[{"damage_healed":0,"gold_gain":0,"player_choice":"2 cards matched","damage_taken":0,"max_hp_gain":0,"max_hp_loss":0,"event_name":"Match and Keep!","floor":2,"gold_loss":0,"cards_obtained":["Phantasmal Killer","Predator"]},{"damage_healed":0,"gold_gain":0,"player_choice":"Grow","damage_taken":0,"max_hp_gain":0,"max_hp_loss":0,"event_name":"Living Wall","floor":5,"gold_loss":0,"cards_upgraded":["Eviscerate"]},{"cards_removed":["Strike_G"],"damage_healed":0,"gold_gain":0,"player_choice":"Card Removal","damage_taken":7,"max_hp_gain":0,"max_hp_loss":0,"event_name":"Golden Wing","floor":7,"gold_loss":0},{"cards_removed":["Strike_G"],"damage_healed":0,"gold_gain":0,"player_choice":"Card Removal","damage_taken":0,"max_hp_gain":0,"max_hp_loss":0,"event_name":"The Cleric","floor":11,"gold_loss":75},{"damage_healed":0,"gold_gain":0,"player_choice":"Success","damage_taken":11,"relics_obtained":["Oddly Smooth Stone"],"max_hp_gain":0,"max_hp_loss":0,"event_name":"Scrap Ooze","floor":13,"gold_loss":0},{"damage_healed":0,"gold_gain":50,"player_choice":"Pray","damage_taken":0,"max_hp_gain":0,"max_hp_loss":0,"event_name":"Golden Shrine","floor":31,"gold_loss":0},{"damage_healed":0,"gold_gain":0,"player_choice":"Embrace Madness","damage_taken":12,"max_hp_gain":0,"max_hp_loss":0,"event_name":"Winding Halls","floor":38,"gold_loss":0,"cards_obtained":["Madness","Madness"]}],"is_beta":false,"boss_relics":[{"not_picked":["Ectoplasm","Calling Bell"],"picked":"Cursed Key"},{"not_picked":["Tiny House","Empty Cage"],"picked":"Busted Crown"}],"items_purged_floors":[19,29],"is_endless":false,"potions_floor_spawned":[6,14,16,22,23,25,35,37],"killed_by":"Reptomancer","ascension_level":20}}