{"host":"08z5bj28eube4vug","time":1609908143,"event":{"mods":["2.2 Compatiblity","Abigail Mod","Act Like it!","BaseMod","Beaked The Cultist","Bestiary","Friendly Minions","Gensokyo","GungeonMod","Hallownest","Kiyohime????","Koishi","Lobotomy","Marisa????????","Minty Spire (QoL Compilation)","Prisma Mod","Remilia??????","Replay The Spire","StSLib","Td1madao Mod","The Alterego","The Bug Knight","The Jungle","The Sage","The Senshi","The Servant 0.9.4","Waifu the Spire","WarShipGirlsR/????R mod","Yuri Mod"],"gold_per_floor":[111,122,122,122,46,78,78,88,88,88,88,3,3,16,16,112,112,131,131,150,166,119,119,151,151,151,161,176,176,176],"floor_reached":29,"playtime":1461,"items_purged":[],"score":292,"play_id":"189383cc-d891-4d41-b7ec-c0b30a9969e7","local_time":"20210106074223","is_ascension_mode":true,"campfire_choices":[{"data":"rmod:tearstotiara","floor":7,"key":"SMITH"},{"data":"rmod:intelligenceanalysis","floor":11,"key":"SMITH"},{"data":"rmod:unsinkable","floor":13,"key":"SMITH"},{"data":"rmod:seals","floor":15,"key":"SMITH"},{"data":"rmod:diamondstrike","floor":23,"key":"SMITH"},{"data":"rmod:lonelyqueen","floor":25,"key":"SMITH"}],"circlet_count":0,"master_deck":["rmod:strick","rmod:strick","rmod:strick","rmod:defend","rmod:defend","rmod:defend","rmod:defend","rmod:basicallowance","rmod:maingunfire","rmod:seals+1","rmod:overbreakdown","rmod:goodfighter+1","rmod:intelligenceanalysis+1","rmod:tearstotiara+1","rmod:unsinkable+1","rmod:launchingtorpedo","rmod:firesupport","rmod:acesubmarine","CurseOfTheBell","rmod:diamondstrike+1","rmod:lonelyqueen+1","rmod:selfconfidence","rmod:fletcherpendant","rmod:secretscript","rmod:diaomin"],"relics":["rmod:firstchargereward","Bag of Preparation","Matryoshka","Strawberry","Sundial","Calling Bell","Ginger","Pet Ghost","Gremlin Horn","Smiling Mask","sagemod:Singing_Vial","Question Card"],"acts_visited":["Exordium","TheCity"],"potions_floor_usage":[18,21],"damage_taken":[{"damage":0,"enemies":"Cultist","floor":1,"turns":4},{"damage":8,"enemies":"Small Slimes","floor":2,"turns":4},{"damage":10,"enemies":"Gremlin Nob","floor":6,"turns":3},{"damage":0,"enemies":"Jaw Worm","floor":8,"turns":1},{"damage":0,"enemies":"3 Louse","floor":14,"turns":2},{"damage":23,"enemies":"The Guardian","floor":16,"turns":10},{"damage":0,"enemies":"3 Byrds","floor":18,"turns":4},{"damage":0,"enemies":"2 Thieves","floor":20,"turns":2},{"damage":0,"enemies":"Chosen and Byrds","floor":21,"turns":4},{"damage":22,"enemies":"Book of Stabbing","floor":24,"turns":4},{"damage":27,"enemies":"3 Cultists","floor":27,"turns":3},{"damage":24,"enemies":"Centurion and Healer","floor":28,"turns":4},{"damage":6,"enemies":"Shelled Parasite and Fungi","floor":29,"turns":2}],"seed_played":"74806222162692401","potions_obtained":[{"floor":2,"key":"Elixir"},{"floor":18,"key":"AttackPotion"},{"floor":24,"key":"Dexterity Potion"}],"is_trial":false,"path_per_floor":["M","M","?","?","$","E","R","M","T","T","R","$","R","M","R","B",null,"M","?","M","M","$","R","E","R","T","M","M","M"],"character_chosen":"PRAEFECT","items_purchased":["rmod:intelligenceanalysis","Fire Potion","rmod:unsinkable","rmod:launchingtorpedo","rmod:fletcherpendant"],"campfire_rested":0,"item_purchase_floors":[5,5,12,12,22],"current_hp_per_floor":[75,67,60,60,60,50,50,50,50,57,57,57,57,57,57,34,82,82,82,82,82,82,82,60,60,60,33,9,3,3],"gold":176,"neow_bonus":"ONE_RANDOM_RARE_CARD","is_daily":false,"chose_seed":false,"campfire_upgraded":6,"win_rate":0.0,"timestamp":1609908143,"path_taken":["M","M","?","?","$","E","R","M","T","?","R","$","R","M","R","BOSS","M","?","M","M","$","R","E","R","T","M","M","M"],"items_purchased_type":["Card","Potion","Card","Card","Card"],"build_version":"2020-12-22","purchased_purges":0,"victory":false,"max_hp_per_floor":[75,75,75,75,75,75,75,75,75,82,82,82,82,82,82,82,82,82,82,82,82,82,82,82,82,82,82,82,82,82],"card_choices":[{"not_picked":["rmod:circuitoustactics","rmod:punchline"],"picked":"rmod:overbreakdown","floor":1},{"not_picked":["rmod:combined","rmod:bulid"],"picked":"rmod:circuitoustactics","floor":2},{"not_picked":["rmod:supportescort","rmod:bulid"],"picked":"rmod:tearstotiara","floor":6},{"not_picked":["rmod:steelsupply","rmod:sl","rmod:supportescort"],"picked":"SKIP","floor":8},{"not_picked":["rmod:ring","rmod:ridicule"],"picked":"rmod:firesupport","floor":14},{"not_picked":["rmod:desperatesituation","rmod:seals"],"picked":"rmod:acesubmarine","floor":16},{"not_picked":["rmod:aviationdawn","rmod:luckystar"],"picked":"rmod:diamondstrike","floor":18},{"not_picked":["rmod:circuitoustactics","rmod:steelsupply"],"picked":"rmod:lonelyqueen","floor":20},{"not_picked":["rmod:luckystar+1","rmod:highspeedshooting+1"],"picked":"rmod:selfconfidence","floor":21},{"not_picked":["rmod:supportescort","rmod:intelligenceanalysis"],"picked":"rmod:secretscript","floor":24},{"not_picked":["rmod:steelsupply","rmod:aluminumsupply","rmod:supportescort"],"picked":"rmod:diaomin","floor":27},{"not_picked":["rmod:garrisonisland","rmod:capitalist","rmod:ring+1","rmod:intelligenceanalysis"],"picked":"Singing Bowl","floor":28}],"player_experience":744399,"relics_obtained":[{"floor":6,"key":"Bag of Preparation"},{"floor":9,"key":"Matryoshka"},{"floor":10,"key":"Strawberry"},{"floor":10,"key":"Sundial"},{"floor":17,"key":"Ginger"},{"floor":17,"key":"Pet Ghost"},{"floor":17,"key":"Gremlin Horn"},{"floor":24,"key":"Smiling Mask"},{"floor":26,"key":"sagemod:Singing_Vial"},{"floor":26,"key":"Question Card"}],"event_choices":[{"cards_removed":["rmod:strick"],"damage_healed":0,"gold_gain":0,"player_choice":"Card Removal","damage_taken":7,"max_hp_gain":0,"max_hp_loss":0,"event_name":"Golden Wing","floor":3,"gold_loss":0}],"is_beta":false,"boss_relics":[{"not_picked":["Abe\u0027s Treasure","Painkiller Herb"],"picked":"Calling Bell"}],"items_purged_floors":[],"is_endless":false,"potions_floor_spawned":[2,18,24],"killed_by":"Shelled Parasite and Fungi","ascension_level":4}}