{"host":"0ulgfg5uyx5zlmwg","time":1609937161,"event":{"mods":["Act Like it!","BaseMod","BetterRewards","Challenge The Spire","Grow up Mod","Marked Mod","Minty Spire (QoL Compilation)","RumiaBox-露米娅的神秘盒子","Shop Mod","Spicy Shops","StSLib","TestMod","Transform Curses","vexMod","【功能Mod】混沌之环修复补丁","【遗物卡牌】REMEMod","篝火指南"],"gold_per_floor":[119,137,137,137,150,177,81,114,114,141,141,141,152,166,82,185,185,185],"floor_reached":17,"playtime":1133,"items_purged":[],"score":234,"play_id":"fbbe1600-3534-4da9-ad3c-05eaf92402c5","local_time":"20210106204601","is_ascension_mode":true,"campfire_choices":[{"data":"Sword Boomerang","floor":11,"key":"SMITH"}],"circlet_count":0,"master_deck":["Strike_R","Strike_R","Strike_R","Strike_R","Defend_R","Defend_R","Defend_R","Defend_R","Bash","Panache","Headbutt+1","Spot Weakness","Headbutt","Sword Boomerang+1","testmod-PerfectCombo","Thunderclap+1","Headbutt","Flex","Sentinel","Trip","Reaper"],"relics":["Burning Blood","testmod-TestBox","REME_ComplimentaryCards","testmod-IncinerationGenerator","AddBug","SecretRecord","SecretRecord","SecretRecord","AddBug"],"acts_visited":["Exordium","TheCity"],"potions_floor_usage":[2,16],"damage_taken":[{"damage":3,"enemies":"Jaw Worm","floor":1,"turns":3},{"damage":7,"enemies":"Small Slimes","floor":2,"turns":3},{"damage":0,"enemies":"Cultist","floor":5,"turns":2},{"damage":16,"enemies":"Lagavulin","floor":6,"turns":5},{"damage":22,"enemies":"3 Sentries","floor":8,"turns":4},{"damage":18,"enemies":"Lagavulin","floor":10,"turns":3},{"damage":5,"enemies":"3 Louse","floor":13,"turns":2},{"damage":3,"enemies":"Lots of Slimes","floor":14,"turns":2},{"damage":114,"enemies":"Hexaghost","floor":16,"turns":5}],"seed_played":"-816140964154010980","potions_obtained":[{"floor":1,"key":"Fruit Juice"},{"floor":13,"key":"BloodPotion"},{"floor":16,"key":"BloodPotion"}],"is_trial":false,"path_per_floor":["M","M","?","?","M","E","R","E","T","E","R","?","M","M","R","B",null],"character_chosen":"IRONCLAD","items_purchased":["testmod-PerfectCombo","Trip"],"campfire_rested":0,"item_purchase_floors":[7,15],"current_hp_per_floor":[100,114,124,134,145,145,155,149,159,157,167,177,188,201,211,162,255,255],"gold":185,"neow_bonus":"THREE_CARDS","is_daily":false,"chose_seed":false,"campfire_upgraded":1,"win_rate":0.0,"timestamp":1609937161,"path_taken":["M","M","?","?","?","E","R","E","T","E","R","?","?","M","R","BOSS"],"items_purchased_type":["Card","Card"],"build_version":"2020-12-22","purchased_purges":0,"victory":false,"max_hp_per_floor":[100,115,125,135,145,155,165,175,185,195,205,215,225,235,245,255,255,255],"card_choices":[{"not_picked":["Pommel Strike","Havoc"],"picked":"Headbutt","floor":0},{"not_picked":["Clothesline","Wild Strike","Blood for Blood"],"picked":"SKIP","floor":1},{"not_picked":["Hemokinesis","REME_SingleHolding"],"picked":"Spot Weakness","floor":2},{"not_picked":["Uppercut","Reckless Charge"],"picked":"Headbutt","floor":5},{"not_picked":["Rampage","Berserk"],"picked":"Sword Boomerang","floor":6},{"not_picked":["Body Slam","Iron Wave"],"picked":"Thunderclap","floor":8},{"not_picked":["True Grit","Twin Strike"],"picked":"Headbutt","floor":10},{"not_picked":["Combust","Intimidate"],"picked":"Flex","floor":13},{"not_picked":["Shockwave","Armaments"],"picked":"Sentinel","floor":14},{"not_picked":["Exhume","Impervious"],"picked":"Reaper","floor":16}],"player_experience":477034,"relics_obtained":[{"floor":1,"key":"AddBug"},{"floor":5,"key":"SecretRecord"},{"floor":6,"key":"testmod-HeartOfDaVinci"},{"floor":8,"key":"testmod-BalancedPeriapt"},{"floor":10,"key":"vexMod:CardConverter"},{"floor":13,"key":"SecretRecord"}],"event_choices":[{"damage_healed":0,"gold_gain":0,"player_choice":"Grow","damage_taken":0,"max_hp_gain":0,"max_hp_loss":0,"event_name":"Living Wall","floor":3,"gold_loss":0,"cards_upgraded":["Headbutt"]},{"cards_removed":["Strike_R"],"damage_healed":0,"gold_gain":0,"player_choice":"Purged","damage_taken":0,"max_hp_gain":0,"max_hp_loss":0,"event_name":"Purifier","floor":4,"gold_loss":0},{"damage_healed":0,"gold_gain":0,"player_choice":"Forge","damage_taken":0,"max_hp_gain":0,"max_hp_loss":0,"event_name":"Accursed Blacksmith","floor":12,"gold_loss":0,"cards_upgraded":["Thunderclap"]}],"is_beta":false,"boss_relics":[{"not_picked":["Black Star","Empty Cage"],"picked":"AddBug"}],"items_purged_floors":[],"is_endless":false,"potions_floor_spawned":[1,13,16],"ascension_level":1}}