{"host":"cv77zuuuekizn3ic","time":1609932551,"event":{"mods":["AchievementEnabler","BaseMod","Marisa£®ÏF”Í°°ƒß¿Ì…≥£©","Minty Spire (QoL Compilation)","StSLib","Waifu the Spire","everything is the same but u backflip on backflip","slay the spire mod where everything is the same but ironclad has a cowboy hat"],"gold_per_floor":[110,110,110,110,124,124,159,174,174,174,190,203,216,226,226,226,226],"floor_reached":16,"playtime":567,"items_purged":[],"score":258,"play_id":"0c587817-1896-49e0-988a-c50625e126e3","local_time":"20210106192911","is_ascension_mode":true,"campfire_choices":[{"data":"Armaments","floor":6.0,"key":"SMITH"},{"data":"Dark Embrace","floor":10.0,"key":"SMITH"},{"data":"Disarm","floor":15.0,"key":"SMITH"}],"circlet_count":0,"master_deck":["AscendersBane","Strike_R+1","Strike_R","Strike_R","Strike_R","Defend_R","Defend_R","Defend_R","Defend_R+1","Bash","Armaments+1","Shrug It Off","Power Through","Dark Embrace+1","Seeing Red","Seeing Red","Disarm+1","Second Wind"],"relics":["Burning Blood","NeowsBlessing","Kunai","Pen Nib","Ornamental Fan"],"acts_visited":["Exordium"],"potions_floor_usage":[16,16],"damage_taken":[{"damage":0.0,"enemies":"Small Slimes","floor":1.0,"turns":1.0},{"damage":0.0,"enemies":"Jaw Worm","floor":5.0,"turns":1.0},{"damage":0.0,"enemies":"Gremlin Nob","floor":7.0,"turns":1.0},{"damage":3.0,"enemies":"2 Louse","floor":8.0,"turns":3.0},{"damage":9.0,"enemies":"Looter","floor":11.0,"turns":5.0},{"damage":1.0,"enemies":"Large Slime","floor":12.0,"turns":8.0},{"damage":5.0,"enemies":"Lots of Slimes","floor":13.0,"turns":7.0},{"damage":2.0,"enemies":"Red Slaver","floor":14.0,"turns":6.0},{"damage":61,"enemies":"Hexaghost","floor":16,"turns":16}],"seed_played":"-5326198115765405914","potions_obtained":[{"floor":7.0,"key":"SkillPotion"},{"floor":8.0,"key":"Block Potion"}],"is_trial":false,"path_per_floor":["M","?","?","?","M","R","E","M","T","R","M","M","M","M","R","B"],"character_chosen":"IRONCLAD","items_purchased":[],"campfire_rested":0,"item_purchase_floors":[],"current_hp_per_floor":[74,69,46,39,45,45,51,54,54,54,51,56,57,61,61,0,0],"gold":226,"neow_bonus":"THREE_ENEMY_KILL","is_daily":false,"chose_seed":false,"campfire_upgraded":3,"win_rate":0.0,"timestamp":1609932551,"path_taken":["M","?","?","?","M","R","E","M","T","R","M","M","M","M","R","BOSS"],"items_purchased_type":[],"build_version":"2020-12-22","purchased_purges":0,"victory":false,"max_hp_per_floor":[75,75,75,75,75,75,75,75,75,75,75,75,75,75,75,75,75],"card_choices":[{"not_picked":["Warcry","Heavy Blade"],"picked":"Armaments","floor":1.0},{"not_picked":["Clash","Twin Strike"],"picked":"Shrug It Off","floor":5.0},{"not_picked":["Shockwave","Havoc"],"picked":"Power Through","floor":7.0},{"not_picked":["Intimidate","Spot Weakness"],"picked":"Dark Embrace","floor":8.0},{"not_picked":["Clothesline","Perfected Strike"],"picked":"Seeing Red","floor":11.0},{"not_picked":["Rampage","Wild Strike"],"picked":"Seeing Red","floor":12.0},{"not_picked":["Double Tap","Iron Wave"],"picked":"Disarm","floor":13.0},{"not_picked":["Infernal Blade","Iron Wave"],"picked":"Second Wind","floor":14.0}],"player_experience":760047,"relics_obtained":[{"floor":7.0,"key":"Pen Nib"},{"floor":9.0,"key":"Ornamental Fan"}],"event_choices":[{"damage_healed":0.0,"max_hp_gain":0.0,"max_hp_loss":0.0,"gold_gain":0.0,"event_name":"Scrap Ooze","player_choice":"Success","floor":2.0,"gold_loss":0.0,"damage_taken":5.0,"relics_obtained":["Kunai"]},{"damage_healed":0.0,"max_hp_gain":0.0,"max_hp_loss":0.0,"gold_gain":0.0,"event_name":"Shining Light","player_choice":"Entered Light","floor":3.0,"gold_loss":0.0,"damage_taken":23.0,"cards_upgraded":["Strike_R","Defend_R"]},{"cards_removed":["Strike_R"],"damage_healed":0.0,"max_hp_gain":0.0,"max_hp_loss":0.0,"gold_gain":0.0,"event_name":"Golden Wing","player_choice":"Card Removal","floor":4.0,"gold_loss":0.0,"damage_taken":7.0}],"is_beta":false,"boss_relics":[],"items_purged_floors":[],"is_endless":false,"potions_floor_spawned":[7,8,12],"killed_by":"Hexaghost","ascension_level":20}}