{"host":"6a06qhlf17v5rcww","time":1609917911,"event":{"mods":["Act Like it!","BaseMod","Beaked The Cultist","Better Altar","Better Match","Better Note","Better Sensory Stone","Better Skull","Better Third Choice","Better Vampires","BetterRewards","Block Reminder","Colored Powertips","Downfall","Gensokyo","Hallownest","Hermit","Infinite Spire","Minty Spire (QoL Compilation)","Prisma Mod","Rare Cards Sparkle","Replay The Spire","Shade Mod","StSLib","The Bug Knight","The Cursed","The Jungle","The Marked","The Witch"],"gold_per_floor":[115,45,45,61,61,61,94,94,146,146,160,160,176,101,101,205,205,223,236,236,258,258,258,286,286,286,286,286,318,279,279,279,399,399,429,467,483,483],"floor_reached":37,"playtime":4729,"items_purged":[],"score":435,"play_id":"82af510e-0c8c-49e6-83ae-894ecd5cb6ed","local_time":"20210106022511","is_ascension_mode":false,"campfire_choices":[{"data":"HollowMod:FocusHealStart","floor":6.0,"key":"SMITH"},{"floor":10.0,"key":"REST"},{"data":"HollowMod:Hiveblood","floor":12.0,"key":"SMITH"},{"data":"HollowMod:NewJinnsSoul","floor":15.0,"key":"SMITH"},{"data":"Hallownest:skillGreenpathMap","floor":23.0,"key":"SMITH"},{"data":"sneckomod:Unknown","floor":25.0,"key":"SMITH"},{"data":"HollowMod:SiblingsSouls","floor":28.0,"key":"SMITH"},{"data":"HollowMod:MawleksShell","floor":32.0,"key":"SMITH"}],"circlet_count":0,"master_deck":["HollowMod:NailStrikeStart","HollowMod:NailStrikeStart","HollowMod:NailStrikeStart","HollowMod:NailStrikeStart","HollowMod:QuickDashStart+1","HollowMod:QuickDashStart","HollowMod:QuickDashStart","HollowMod:QuickDashStart","HollowMod:FocusHealStart+1","HollowMod:PogoStrike","HollowMod:Hiveblood+1","HollowMod:NewLittleFool+1","HollowMod:PerfectDash","HollowMod:SoulEater","HollowMod:NewJinnsSoul+1","HollowMod:Hiveblood","HollowMod:DashSlash","Hallownest:skillGreenpathMap+1","HollowMod:AwokenDreamNail","NighInvulnerability","infinitespire:UltimateForm","Panacea","HollowMod:AwokenDreamNail+1","sneckomod:Unknown+1","HollowMod:SiblingsSouls+1","HollowMod:InfectedAttack","HollowMod:VengefulVoid","HollowMod:WraithStrike+1","HollowMod:SlysStrikes+1","HollowMod:theNailsmith+1","HollowMod:theNailsmith+1","HollowMod:SoulSplash","HollowMod:MawleksShell+1","Doubt","HollowMod:NewInfectedGuardian","HollowMod:BlackTendrils"],"relics":["HollowMod:VesselMask","Ice Cream","HollowMod:LumaflyLanternRelic","Membership Card","Calipers","Boot","infinitespire:Beetle Shell","Bottled Lightning","Replay:Wax Seal","Art of War","Replay:Grab Bag","Painkiller Herb","Philosopher\u0027s Stone","ReplayTheSpireMod:SealedPack","Replay:Bandana","Quantum Egg","Replay:Bandana","infinitespire:WardingShard","SacredBark"],"acts_visited":["Exordium","Hallownest:Greenpath","Hallownest:CityofTears"],"potions_floor_usage":[35,35,36],"damage_taken":[{"damage":10.0,"enemies":"2_ Uuma","floor":1.0,"turns":7.0},{"damage":10.0,"enemies":"Hallownest:monsterHuskWarrior","floor":4.0,"turns":6.0},{"damage":10.0,"enemies":"Hallownest:eliteMossKnight","floor":7.0,"turns":13.0},{"damage":10.0,"enemies":"Hallownest:monsterHuskGuard","floor":11.0,"turns":6.0},{"damage":42.0,"enemies":"Hallownest:Guard_and_Warrior","floor":13.0,"turns":10.0},{"damage":63.0,"enemies":"Hallownest:BossBrokenVessel","floor":16.0,"turns":20.0},{"damage":43.0,"enemies":"Hallownest:Guard_and_Sentry","floor":18.0,"turns":9.0},{"damage":24.0,"enemies":"Hallownest:2_Mistakes","floor":19.0,"turns":11.0},{"damage":29.0,"enemies":"Hallownest:Warrior_and_Youth","floor":21.0,"turns":7.0},{"damage":47.0,"enemies":"Hallownest:2_Husk_Sentries","floor":24.0,"turns":9.0},{"damage":23.0,"enemies":"Hallownest:eliteSoulWarrior","floor":29.0,"turns":11.0},{"damage":61.0,"enemies":"Hallownest:BossGrimm","floor":33.0,"turns":17.0},{"damage":85,"enemies":"Hallownest:2_Littles","floor":35,"turns":9},{"damage":105,"enemies":"Hallownest:Shield_Heavy","floor":36,"turns":13},{"damage":78,"enemies":"Hallownest:monsterPrimalAspid","floor":37,"turns":5}],"seed_played":"-5263814727242661699","potions_obtained":[{"floor":1.0,"key":"AttackPotion"},{"floor":4.0,"key":"LiquidBronze"},{"floor":16.0,"key":"Weak Potion"},{"floor":19.0,"key":"Dexterity Potion"},{"floor":21.0,"key":"SpeedPotion"},{"floor":33.0,"key":"SpeedPotion"},{"floor":35,"key":"Block Potion"},{"floor":36,"key":"Death Potion"}],"is_trial":false,"path_per_floor":["M","$","?","M","$","R","E","?","T","R","M","R","M","?","R","B",null,"?","?","AVR","?","?","T","?","T","T","?","T","E","T","?","T","B",null,"?","?","?"],"character_chosen":"THE_BUGKNIGHT","items_purchased":["Membership Card","HollowMod:PerfectDash","HollowMod:SoulEater","HollowMod:MawleksShell"],"campfire_rested":1,"item_purchase_floors":[0,2,2,30],"current_hp_per_floor":[57,57,13,27,27,27,44,14,14,36,51,51,75,75,75,72,75,75,73,73,75,75,75,75,75,75,75,75,75,75,75,75,72,75,60,35,0,0],"gold":483,"neow_bonus":"","is_daily":false,"chose_seed":false,"campfire_upgraded":7,"win_rate":0.0,"timestamp":1609917911,"path_taken":["M","$","?","?","?","R","E","?","T","R","M","R","?","?","R","BOSS","?","?","AVR","?","?","T","?","T","T","?","T","E","T","?","T","BOSS","?","?","?"],"items_purchased_type":["Relic","Card","Card","Card"],"build_version":"2020-12-22","purchased_purges":0,"victory":false,"max_hp_per_floor":[75,75,75,75,75,75,75,75,75,75,75,75,75,75,75,75,75,75,75,75,75,75,75,75,75,75,75,75,75,75,75,75,75,75,75,75,75,75],"card_choices":[{"not_picked":["HollowMod:CloakDash","HollowMod:InfectedCysts"],"picked":"HollowMod:NewLittleFool","floor":1.0},{"not_picked":["HollowMod:DescendingDark","HollowMod:CornifersMapStart","HollowMod:SiblingsShadow"],"picked":"SKIP","floor":4.0},{"not_picked":["HollowMod:HuntersJournal","HollowMod:QuirrelsAssistance"],"picked":"HollowMod:NewJinnsSoul","floor":7.0},{"not_picked":["HollowMod:AbyssShriek","HollowMod:Grubsong"],"picked":"HollowMod:Hiveblood","floor":11.0},{"not_picked":["HollowMod:WraithStrike","HollowMod:RecoilStrike"],"picked":"HollowMod:DashSlash","floor":13.0},{"not_picked":["HollowMod:ElderbugsWisdom","HollowMod:MidwifesHunger"],"picked":"HollowMod:AwokenDreamNail","floor":16.0},{"not_picked":["infinitespire:Punishment","ReplayTheSpireMod:Book of Names"],"picked":"infinitespire:UltimateForm","floor":17.0},{"not_picked":["PanicButton","expansioncontent:BronzeBeam"],"picked":"Panacea","floor":17.0},{"not_picked":["HollowMod:NewInfectedGuardian","HollowMod:SoulMaster"],"picked":"HollowMod:AwokenDreamNail","floor":17.0},{"not_picked":["Slimebound:CorrosiveSpit","hermit:Covet"],"picked":"sneckomod:Unknown","floor":17.0},{"not_picked":["HollowMod:HeavyBlow","HollowMod:ShapeofUnn+1"],"picked":"HollowMod:SiblingsSouls","floor":18.0},{"not_picked":["HollowMod:BlackTendrils","HollowMod:AbyssShriek"],"picked":"HollowMod:InfectedAttack","floor":19.0},{"not_picked":["HollowMod:HowlingWraiths","HollowMod:CornifersMapStart"],"picked":"HollowMod:VengefulVoid","floor":21.0},{"not_picked":["HollowMod:ChannelNail+1","HollowMod:Weaversong"],"picked":"HollowMod:WraithStrike+1","floor":24.0},{"not_picked":["HollowMod:LifebloodCore+1","HollowMod:ElderbugsWisdom+1"],"picked":"HollowMod:SlysStrikes+1","floor":27.0},{"not_picked":["HollowMod:SoulMaster+1","HollowMod:ZotesMagnificence+1"],"picked":"HollowMod:theNailsmith+1","floor":27.0},{"not_picked":["HollowMod:Hiveblood+1","HollowMod:AwokenDreamNail+1"],"picked":"HollowMod:theNailsmith+1","floor":27.0},{"not_picked":["HollowMod:SoulStrike+1","HollowMod:FallenFury"],"picked":"HollowMod:SoulSplash","floor":29.0},{"not_picked":["HollowMod:ZotesMagnificence","HollowMod:ElderbugsWisdom"],"picked":"HollowMod:NewInfectedGuardian","floor":33.0},{"not_picked":["HollowMod:VengefulSpirit","HollowMod:AbyssShriek"],"picked":"HollowMod:BlackTendrils","floor":35},{"not_picked":["HollowMod:SoulSplash","HollowMod:FallenFury","HollowMod:NewJinnsSoul+1"],"picked":"SKIP","floor":36}],"player_experience":754136,"relics_obtained":[{"floor":7.0,"key":"Bottled Lightning"},{"floor":9.0,"key":"Art of War"},{"floor":26.0,"key":"Quantum Egg"},{"floor":29.0,"key":"Replay:Bandana"}],"event_choices":[{"damage_healed":0.0,"max_hp_gain":0.0,"max_hp_loss":0.0,"gold_gain":0.0,"event_name":"betterSkull:BetterSkull","player_choice":"RE RE UP ","floor":3.0,"gold_loss":0.0,"damage_taken":50.0,"cards_upgraded":["HollowMod:NewLittleFool"],"relics_obtained":["Boot","infinitespire:Beetle Shell"]},{"damage_healed":0.0,"max_hp_gain":0.0,"max_hp_loss":0.0,"gold_gain":0.0,"event_name":"betterSkull:BetterSkull","player_choice":"UP RE ","floor":8.0,"gold_loss":0.0,"damage_taken":34.0,"cards_upgraded":["HollowMod:QuickDashStart"],"relics_obtained":["Replay:Wax Seal"]},{"damage_healed":0.0,"max_hp_gain":0.0,"max_hp_loss":0.0,"gold_gain":0.0,"event_name":"betterMatch:BetterMatch","player_choice":"3","floor":27.0,"gold_loss":0.0,"damage_taken":0.0,"cards_obtained":["betterMatch:RareCard"]}],"is_beta":false,"boss_relics":[{"not_picked":["Runic Pyramid","infinitespire:Cupcake"],"picked":"Replay:Grab Bag"},{"not_picked":["Replay:Bronze Core","Cursed Key"],"picked":"Painkiller Herb"},{"not_picked":["ChewingGum","Sozu"],"picked":"Philosopher\u0027s Stone"},{"not_picked":["Pandora\u0027s Box","SlaversCollar"],"picked":"ReplayTheSpireMod:SealedPack"},{"not_picked":["Replay:Wanted Poster","Black Star"],"picked":"SacredBark"}],"items_purged_floors":[],"is_endless":false,"potions_floor_spawned":[1,4,16,19,21,33,35,36],"killed_by":"Hallownest:monsterPrimalAspid","ascension_level":0}}