{"host":"chewie","time":1609976050,"event":{"mods":["AchievementEnabler","BaseMod","Bestiary","Colored Map","Keyboard Shortcuts","Minty Spire (QoL Compilation)","Relic Stats","StSLib"],"gold_per_floor":[14,34,34,44,44,44,78,78,78,78,111,111,125,125,125,125,125],"floor_reached":16,"playtime":1201,"items_purged":[],"score":266,"play_id":"455a87ad-e25c-47fb-b1f3-f9ff5b80c3b1","local_time":"20210107003410","is_ascension_mode":true,"campfire_choices":[{"data":"Predator","floor":6,"key":"SMITH"},{"data":"Neutralize","floor":8,"key":"SMITH"},{"data":"Flechettes","floor":15,"key":"SMITH"}],"circlet_count":0,"master_deck":["AscendersBane","Strike_G","Defend_G","Defend_G","Defend_G","Defend_G","Defend_G+1","Survivor+1","Neutralize+1","Predator+1","Dagger Throw","Flechettes+1","Storm of Steel","Cloak And Dagger","PiercingWail","Leg Sweep"],"relics":["Ring of the Snake","Gremlin Horn","Juzu Bracelet"],"acts_visited":["Exordium"],"potions_floor_usage":[7,16,16],"damage_taken":[{"damage":4,"enemies":"Small Slimes","floor":1,"turns":6},{"damage":4,"enemies":"Jaw Worm","floor":2,"turns":7},{"damage":0,"enemies":"2 Louse","floor":4,"turns":4},{"damage":10,"enemies":"3 Sentries","floor":7,"turns":9},{"damage":0,"enemies":"Gremlin Nob","floor":11,"turns":3},{"damage":0,"enemies":"Large Slime","floor":13,"turns":3},{"damage":22,"enemies":"Hexaghost","floor":16,"turns":12}],"seed_played":"9217126941921421154","potions_obtained":[{"floor":1,"key":"Poison Potion"},{"floor":4,"key":"Energy Potion"},{"floor":13,"key":"Swift Potion"}],"is_trial":false,"path_per_floor":["M","M","?","M","?","R","E","R","T","?","E","?","M","?","R","B"],"character_chosen":"THE_SILENT","items_purchased":[],"campfire_rested":0,"item_purchase_floors":[],"current_hp_per_floor":[55,51,51,51,44,44,34,34,34,14,14,14,14,19,19,0,0],"gold":125,"neow_bonus":"REMOVE_TWO","is_daily":false,"chose_seed":false,"campfire_upgraded":3,"win_rate":0.0,"timestamp":1609976050,"path_taken":["M","M","?","M","?","R","E","R","T","?","E","?","M","?","R","BOSS"],"items_purchased_type":[],"build_version":"2020-12-18","purchased_purges":0,"victory":false,"max_hp_per_floor":[66,66,66,66,66,66,66,66,66,66,66,66,66,71,71,71,71],"relic_stats":{"Gremlin Horn":[1,1],"counters":[7,44],"Juzu Bracelet":1,"obtain_stats":[{"Gremlin Horn":7,"Juzu Bracelet":11,"Ring of the Snake":0},{"Gremlin Horn":4,"Juzu Bracelet":5,"Ring of the Snake":0},{"Gremlin Horn":26,"Juzu Bracelet":29,"Ring of the Snake":0}],"Ring of the Snake":[14]},"card_choices":[{"not_picked":["Blade Dance","Reflex"],"picked":"Predator","floor":1},{"not_picked":["Dodge and Roll","Escape Plan"],"picked":"Dagger Throw","floor":2},{"not_picked":["Distraction","Poisoned Stab"],"picked":"Storm of Steel","floor":4},{"not_picked":["Caltrops","Choke"],"picked":"Cloak And Dagger","floor":7},{"not_picked":["Blur","Bane"],"picked":"PiercingWail","floor":11},{"not_picked":["Skewer","Flechettes"],"picked":"Leg Sweep","floor":13}],"player_experience":1196597,"relics_obtained":[{"floor":7,"key":"Gremlin Horn"},{"floor":11,"key":"Juzu Bracelet"}],"event_choices":[{"damage_healed":0,"gold_gain":0,"cards_transformed":["Strike_G"],"player_choice":"Change","damage_taken":0,"max_hp_gain":0,"max_hp_loss":0,"event_name":"Living Wall","floor":3,"gold_loss":0,"cards_obtained":["Flechettes"]},{"cards_removed":["Strike_G"],"damage_healed":0,"gold_gain":0,"player_choice":"Card Removal","damage_taken":7,"max_hp_gain":0,"max_hp_loss":0,"event_name":"Golden Wing","floor":5,"gold_loss":0},{"damage_healed":0,"gold_gain":0,"player_choice":"Entered Light","damage_taken":20,"max_hp_gain":0,"max_hp_loss":0,"event_name":"Shining Light","floor":10,"gold_loss":0,"cards_upgraded":["Defend_G","Survivor"]},{"damage_healed":0,"gold_gain":0,"player_choice":"Fled","damage_taken":0,"max_hp_gain":0,"max_hp_loss":0,"event_name":"Scrap Ooze","floor":12,"gold_loss":0},{"damage_healed":0,"gold_gain":0,"player_choice":"Donut","damage_taken":0,"max_hp_gain":5,"max_hp_loss":0,"event_name":"Big Fish","floor":14,"gold_loss":0}],"is_beta":true,"boss_relics":[],"items_purged_floors":[],"is_endless":false,"potions_floor_spawned":[1,4,13],"killed_by":"Hexaghost","ascension_level":20}}