{"host":"k4et7hlhlqy8fuoz","time":1609940782,"event":{"mods":["2.2 Compatiblity","AchievementEnabler","BaseMod","Colored Map","DeckTracker","Highlight Path","Minty Spire (QoL Compilation)","Random Character Button","Rare Cards Sparkle"],"gold_per_floor":[213,388,388,158,14,39,39,59,82,82,151,151,151,164,164,285,285,306,331,2,2,22,22,47,47,47,47,71,89,89,89,89,210,210,225,239,239,239,239,239],"floor_reached":39,"playtime":2620,"items_purged":["Doubt"],"score":369,"play_id":"6f0c3964-3b97-4c8a-a43c-7f6e33711869","local_time":"20210106144622","is_ascension_mode":false,"campfire_choices":[{"data":"BootSequence","floor":7,"key":"SMITH"},{"floor":10,"key":"REST"},{"data":"Zap","floor":12,"key":"SMITH"},{"data":"Double Energy","floor":15,"key":"SMITH"},{"data":"Fusion","floor":23,"key":"SMITH"},{"floor":25,"key":"REST"},{"data":"Buffer","floor":27,"key":"SMITH"},{"floor":32,"key":"REST"}],"circlet_count":0,"master_deck":["Strike_B+1","Strike_B+1","Strike_B+1","Strike_B+1","Defend_B+1","Defend_B+1","Defend_B+1","Defend_B+1","Zap+1","Dualcast","Beam Cell","Bandage Up","Double Energy+1","BootSequence+1","Coolheaded","Barrage","Buffer+1","Undo","Barrage","Fusion+1","Conserve Battery+1","Capacitor","Melter","Buffer","Genetic Algorithm+1","Streamline","Bandage Up"],"relics":["Cracked Core","Golden Idol","Juzu Bracelet","Oddly Smooth Stone","Ancient Tea Set","Inserter","Potion Belt","StoneCalendar","Omamori","SlaversCollar"],"acts_visited":["Exordium","TheCity","TheBeyond"],"potions_floor_usage":[16,33,33,33,33,37,39,39,39,39],"damage_taken":[{"damage":0,"enemies":"2 Louse","floor":1,"turns":2},{"damage":16,"enemies":"Jaw Worm","floor":6,"turns":4},{"damage":1,"enemies":"Cultist","floor":8,"turns":3},{"damage":38,"enemies":"3 Sentries","floor":11,"turns":8},{"damage":7,"enemies":"2 Fungi Beasts","floor":14,"turns":4},{"damage":73,"enemies":"Slime Boss","floor":16,"turns":16},{"damage":14,"enemies":"Shell Parasite","floor":18,"turns":8},{"damage":23,"enemies":"3 Byrds","floor":22,"turns":7},{"damage":17,"enemies":"Cultist and Chosen","floor":24,"turns":7},{"damage":16,"enemies":"Centurion and Healer","floor":28,"turns":8},{"damage":12,"enemies":"Snecko","floor":29,"turns":7},{"damage":48,"enemies":"Champ","floor":33,"turns":10},{"damage":45,"enemies":"3 Shapes","floor":35,"turns":7},{"damage":23,"enemies":"Orb Walker","floor":36,"turns":4},{"damage":0,"enemies":"Transient","floor":37,"turns":1},{"damage":26,"enemies":"Jaw Worm Horde","floor":39,"turns":4}],"seed_played":"-7726129569603484773","potions_obtained":[{"floor":6,"key":"AttackPotion"},{"floor":11,"key":"DuplicationPotion"},{"floor":16,"key":"Swift Potion"},{"floor":18,"key":"Explosive Potion"},{"floor":28,"key":"Fire Potion"},{"floor":29,"key":"EntropicBrew"}],"is_trial":false,"path_per_floor":["M","?","?","$","$","M","R","M","T","R","?","R","?","M","R","B",null,"M","T","$","?","M","R","M","R","T","R","M","M","?","?","R","B",null,"M","M","M","?","M"],"character_chosen":"DEFECT","items_purchased":["Bandage Up","Double Energy","Juzu Bracelet","StoneCalendar","Barrage"],"campfire_rested":3,"item_purchase_floors":[4,4,5,20,20],"current_hp_per_floor":[75,75,57,57,57,45,45,48,48,70,36,36,75,72,72,3,75,65,65,65,65,46,46,33,55,55,55,43,31,31,31,53,9,75,32,13,13,13,0,0],"gold":239,"neow_bonus":"HUNDRED_GOLD","is_daily":false,"chose_seed":false,"campfire_upgraded":5,"win_rate":0.0,"timestamp":1609940782,"path_taken":["M","?","?","?","$","M","R","M","T","R","?","R","?","M","R","BOSS","M","?","$","?","M","R","M","R","T","R","M","M","?","?","R","BOSS","M","M","M","?","M"],"items_purchased_type":["Card","Card","Relic","Relic","Card"],"build_version":"2020-12-22","purchased_purges":1,"victory":false,"max_hp_per_floor":[75,75,75,75,75,75,75,75,75,75,75,75,75,75,75,75,75,75,75,75,75,75,75,75,75,75,75,75,75,75,75,75,75,75,75,75,75,75,75,75],"card_choices":[{"not_picked":["Turbo","Scrape"],"picked":"Beam Cell","floor":1},{"not_picked":["Auto Shields","Steam"],"picked":"BootSequence","floor":6},{"not_picked":["Stack","Barrage"],"picked":"Coolheaded","floor":8},{"not_picked":["Hologram","Beam Cell"],"picked":"Defragment","floor":11},{"not_picked":["Heatsinks","Redo"],"picked":"Barrage","floor":14},{"not_picked":["Thunder Strike","All For One"],"picked":"Buffer","floor":16},{"not_picked":["Steam Power","Genetic Algorithm+1"],"picked":"Undo","floor":18},{"not_picked":["Ball Lightning","Defragment"],"picked":"Fusion","floor":22},{"not_picked":["BootSequence+1","Undo"],"picked":"Conserve Battery+1","floor":24},{"not_picked":["Steam Power","Leap"],"picked":"Capacitor","floor":28},{"not_picked":["Fusion","Barrage"],"picked":"Melter","floor":29},{"not_picked":["Seek","Thunder Strike"],"picked":"Buffer","floor":33},{"not_picked":["Rebound+1","BootSequence+1"],"picked":"Genetic Algorithm+1","floor":35},{"not_picked":["Heatsinks","Cold Snap"],"picked":"Streamline","floor":36},{"not_picked":["Forethought","Panache"],"picked":"Bandage Up","floor":38}],"player_experience":71402,"relics_obtained":[{"floor":9,"key":"Oddly Smooth Stone"},{"floor":11,"key":"Ancient Tea Set"},{"floor":19,"key":"Potion Belt"},{"floor":26,"key":"Omamori"}],"event_choices":[{"damage_healed":0,"gold_gain":175,"player_choice":"AGREE","damage_taken":0,"max_hp_gain":0,"max_hp_loss":0,"event_name":"Liars Game","floor":2,"gold_loss":0,"cards_obtained":["Doubt"]},{"damage_healed":0,"gold_gain":0,"player_choice":"Take Damage","damage_taken":18,"relics_obtained":["Golden Idol"],"max_hp_gain":0,"max_hp_loss":0,"event_name":"Golden Idol","floor":3,"gold_loss":0},{"damage_healed":0,"gold_gain":0,"player_choice":"Searched \u00271\u0027 times","damage_taken":0,"max_hp_gain":0,"max_hp_loss":0,"event_name":"Dead Adventurer","floor":11,"gold_loss":0},{"cards_removed":["Defragment"],"damage_healed":39,"gold_gain":0,"player_choice":"Offered Uncommon","damage_taken":0,"max_hp_gain":0,"max_hp_loss":0,"event_name":"Bonfire Elementals","floor":13,"gold_loss":0},{"damage_healed":0,"gold_gain":0,"player_choice":"Simplicity","damage_taken":0,"max_hp_gain":0,"max_hp_loss":0,"event_name":"Back to Basics","floor":21,"gold_loss":0,"cards_upgraded":["Strike_B","Strike_B","Strike_B","Strike_B","Defend_B","Defend_B","Defend_B","Defend_B"]},{"damage_healed":0,"gold_gain":0,"player_choice":"Cursed","damage_taken":0,"max_hp_gain":0,"max_hp_loss":0,"event_name":"Wheel of Change","floor":30,"gold_loss":0,"cards_obtained":["Decay"]},{"damage_healed":0,"gold_gain":0,"player_choice":"Ignored","damage_taken":0,"max_hp_gain":0,"max_hp_loss":0,"event_name":"Ghosts","floor":31,"gold_loss":0},{"damage_healed":0,"gold_gain":0,"player_choice":"Memory 1","damage_taken":0,"max_hp_gain":0,"max_hp_loss":0,"event_name":"SensoryStone","floor":38,"gold_loss":0}],"is_beta":false,"boss_relics":[{"not_picked":["Empty Cage","Ectoplasm"],"picked":"Inserter"},{"not_picked":["Velvet Choker","Astrolabe"],"picked":"SlaversCollar"}],"items_purged_floors":[4],"is_endless":false,"potions_floor_spawned":[6,11,16,18,28,29,36,37],"killed_by":"Jaw Worm Horde","ascension_level":0}}