{"host":"7qf1todfnxspvw7w","time":1609949902,"event":{"mods":["AchievementEnabler","BaseMod","Block Reminder","Colored Powertips","Disable Question Mark Monsters","Displayed Cursed Tome","Googly Eyes","Minty Spire (QoL Compilation)","Rare Cards Sparkle","Relic Stats","Reorder Act Four","SacredBarkPlus","StSLib","Uncapped"],"gold_per_floor":[114,114,125,142,142,142,159,194,194,194,194,194,28,62,62,62,62],"floor_reached":16,"playtime":283,"items_purged":["Strike_R"],"score":157,"play_id":"b56afcdb-6fcd-4e66-a93e-2ad227f4f57d","local_time":"20210106191822","is_ascension_mode":true,"campfire_choices":[{"data":"Shrug It Off","floor":6,"key":"SMITH"},{"floor":10,"key":"REST"},{"floor":15,"key":"REST"}],"circlet_count":0,"master_deck":["Strike_R","Strike_R","Strike_R","Strike_R","Defend_R","Defend_R","Defend_R","Defend_R","Bash","Iron Wave","Cleave","Shrug It Off+1","Battle Trance","Thunderclap"],"relics":["Burning Blood","NeowsBlessing","Smiling Mask","Frozen Egg 2","The Courier","HornCleat","Tiny Chest","Pen Nib"],"acts_visited":["Exordium"],"potions_floor_usage":[16,16],"damage_taken":[{"damage":0,"enemies":"Jaw Worm","floor":1,"turns":1},{"damage":0,"enemies":"2 Louse","floor":3,"turns":1},{"damage":0,"enemies":"Small Slimes","floor":4,"turns":1},{"damage":12,"enemies":"Looter","floor":7,"turns":4},{"damage":32,"enemies":"Gremlin Nob","floor":8,"turns":5},{"damage":41,"enemies":"Lagavulin","floor":14,"turns":8},{"damage":65,"enemies":"Slime Boss","floor":16,"turns":9}],"seed_played":"313626131772294812","potions_obtained":[{"floor":7,"key":"BlessingOfTheForge"},{"floor":8,"key":"DistilledChaos"}],"is_trial":false,"path_per_floor":["M","?","M","M","?","R","M","E","T","R","T","?","$","E","R","B"],"character_chosen":"IRONCLAD","items_purchased":["Tiny Chest"],"campfire_rested":2,"item_purchase_floors":[13],"current_hp_per_floor":[78,78,80,80,85,85,79,53,53,78,78,75,75,40,65,0,0],"gold":62,"neow_bonus":"THREE_ENEMY_KILL","is_daily":false,"chose_seed":false,"campfire_upgraded":1,"win_rate":0.0,"timestamp":1609949902,"path_taken":["M","?","M","M","?","R","M","E","T","R","?","?","$","E","R","BOSS"],"items_purchased_type":["Relic"],"build_version":"2020-12-22","purchased_purges":1,"victory":false,"max_hp_per_floor":[80,80,80,80,85,85,85,85,85,85,85,85,85,85,85,85,85],"relic_stats":{"counters":[7,29],"Tiny Chest":0,"Pen Nib":[1],"Smiling Mask":10,"obtain_stats":[{"HornCleat":12,"NeowsBlessing":0,"Tiny Chest":13,"The Courier":11,"Pen Nib":14,"Frozen Egg 2":9,"Smiling Mask":8,"Burning Blood":0},{"HornCleat":5,"NeowsBlessing":0,"Tiny Chest":5,"The Courier":5,"Pen Nib":6,"Frozen Egg 2":5,"Smiling Mask":5,"Burning Blood":0},{"HornCleat":12,"NeowsBlessing":0,"Tiny Chest":12,"The Courier":12,"Pen Nib":20,"Frozen Egg 2":12,"Smiling Mask":12,"Burning Blood":0}],"Burning Blood":26},"card_choices":[{"not_picked":["Flex","Clash"],"picked":"Iron Wave","floor":1},{"not_picked":["Perfected Strike","Intimidate"],"picked":"Cleave","floor":3},{"not_picked":["Anger","Perfected Strike"],"picked":"Shrug It Off","floor":4},{"not_picked":["Havoc","Feed","Power Through"],"picked":"SKIP","floor":7},{"not_picked":["Perfected Strike","Dark Embrace"],"picked":"Battle Trance","floor":8},{"not_picked":["Anger","Pommel Strike"],"picked":"Thunderclap","floor":14}],"player_experience":479328,"relics_obtained":[{"floor":8,"key":"Smiling Mask"},{"floor":9,"key":"Frozen Egg 2"},{"floor":11,"key":"The Courier"},{"floor":14,"key":"Pen Nib"}],"event_choices":[{"damage_healed":0,"gold_gain":0,"player_choice":"Ignored","damage_taken":0,"max_hp_gain":0,"max_hp_loss":0,"event_name":"Liars Game","floor":2,"gold_loss":0},{"damage_healed":0,"gold_gain":0,"player_choice":"Donut","damage_taken":0,"max_hp_gain":5,"max_hp_loss":0,"event_name":"Big Fish","floor":5,"gold_loss":0},{"damage_healed":0,"gold_gain":0,"player_choice":"Success","damage_taken":3,"relics_obtained":["HornCleat"],"max_hp_gain":0,"max_hp_loss":0,"event_name":"Scrap Ooze","floor":12,"gold_loss":0}],"is_beta":false,"boss_relics":[],"items_purged_floors":[13],"is_endless":false,"potions_floor_spawned":[7,8],"killed_by":"Slime Boss","ascension_level":9}}