{"host":"7pe9xwx78c6nlay8","time":1609929253,"event":{"mods":["BaseMod","Minty Spire (QoL Compilation)"],"gold_per_floor":[114,114,114,114,126,159,173,201,227,192,192,205,231,254,254,329,329,345,345,358,374,385,415,415,415],"floor_reached":24,"playtime":1022,"items_purged":[],"score":470,"play_id":"c3b6a288-6ca8-4ff8-9357-bc9f058037f4","local_time":"20210106183413","is_ascension_mode":true,"campfire_choices":[{"floor":11.0,"key":"REST"},{"floor":15.0,"key":"REST"}],"circlet_count":0,"master_deck":["AscendersBane","Strike_P","Strike_P","Strike_P","Strike_P","Defend_P","Defend_P","Defend_P","Defend_P","Eruption","Vigilance","CutThroughFate","Consecrate","TalkToTheHand","JustLucky","Evaluate","WindmillStrike","JustLucky","WaveOfTheHand","SandsOfTime","BattleHymn","Prostrate","PathToVictory","Nirvana"],"relics":["PureWater","NeowsBlessing","Boot","MealTicket","Art of War","Ice Cream","Blood Vial","Orichalcum","Odd Mushroom","Runic Pyramid","Pen Nib"],"acts_visited":["Exordium","TheCity"],"potions_floor_usage":[],"damage_taken":[{"damage":0.0,"enemies":"Cultist","floor":1.0,"turns":1.0},{"damage":0.0,"enemies":"2 Louse","floor":5.0,"turns":1.0},{"damage":0.0,"enemies":"Gremlin Nob","floor":6.0,"turns":1.0},{"damage":2.0,"enemies":"Jaw Worm","floor":7.0,"turns":5.0},{"damage":23.0,"enemies":"3 Sentries","floor":8.0,"turns":8.0},{"damage":0.0,"enemies":"2 Fungi Beasts","floor":12.0,"turns":4.0},{"damage":12.0,"enemies":"Gremlin Nob","floor":13.0,"turns":3.0},{"damage":17.0,"enemies":"The Mushroom Lair","floor":14.0,"turns":4.0},{"damage":10.0,"enemies":"Hexaghost","floor":16.0,"turns":11.0},{"damage":3.0,"enemies":"Spheric Guardian","floor":18.0,"turns":3.0},{"damage":8.0,"enemies":"Shell Parasite","floor":20.0,"turns":6.0},{"damage":23.0,"enemies":"Snecko","floor":21.0,"turns":6.0},{"damage":4.0,"enemies":"Centurion and Healer","floor":22.0,"turns":6.0},{"damage":14.0,"enemies":"Book of Stabbing","floor":23.0,"turns":6.0},{"damage":18,"enemies":"Sentry and Sphere","floor":24,"turns":3}],"seed_played":"2945699971104987549","potions_obtained":[{"floor":7.0,"key":"LiquidBronze"},{"floor":12.0,"key":"PowerPotion"},{"floor":13.0,"key":"SteroidPotion"},{"floor":14.0,"key":"DuplicationPotion"},{"floor":16.0,"key":"Swift Potion"},{"floor":21.0,"key":"Dexterity Potion"}],"is_trial":false,"path_per_floor":["M","?","?","?","M","E","M","E","T","?","R","M","E","?","R","B",null,"M","?","M","M","M","E","M"],"character_chosen":"WATCHER","items_purchased":[],"campfire_rested":2,"item_purchase_floors":[],"current_hp_per_floor":[61,26,26,26,26,26,24,1,1,18,38,40,30,15,35,27,58,57,57,51,30,28,16,0,0],"gold":415,"neow_bonus":"THREE_ENEMY_KILL","is_daily":false,"chose_seed":false,"campfire_upgraded":0,"win_rate":0.0,"timestamp":1609929253,"path_taken":["M","?","?","?","M","E","M","E","T","?","R","M","E","?","R","BOSS","M","?","M","M","M","E","M"],"items_purchased_type":[],"build_version":"2020-12-22","purchased_purges":0,"victory":false,"max_hp_per_floor":[68,68,68,68,68,68,68,68,68,68,68,68,68,68,68,68,68,68,68,68,68,68,68,68,68],"card_choices":[{"not_picked":["BowlingBash","Protect"],"picked":"CutThroughFate","floor":1.0},{"not_picked":["SpiritShield","CrushJoints"],"picked":"Consecrate","floor":5.0},{"not_picked":["Study","SandsOfTime"],"picked":"TalkToTheHand","floor":6.0},{"not_picked":["FlurryOfBlows","CutThroughFate"],"picked":"JustLucky","floor":7.0},{"not_picked":["PathToVictory","Consecrate"],"picked":"Evaluate","floor":8.0},{"not_picked":["CarveReality","Tantrum"],"picked":"WindmillStrike","floor":12.0},{"not_picked":["Prostrate","Blasphemy"],"picked":"JustLucky","floor":13.0},{"not_picked":["Protect","EmptyBody"],"picked":"WaveOfTheHand","floor":14.0},{"not_picked":["FearNoEvil","BowlingBash"],"picked":"SandsOfTime","floor":18.0},{"not_picked":["Protect","FlyingSleeves"],"picked":"Prostrate","floor":20.0},{"not_picked":["SandsOfTime","CarveReality","Pray+1"],"picked":"SKIP","floor":21.0},{"not_picked":["WreathOfFlame","FlurryOfBlows"],"picked":"PathToVictory","floor":22.0},{"not_picked":["ThirdEye","Crescendo"],"picked":"Nirvana","floor":23.0}],"player_experience":1609163,"relics_obtained":[{"floor":6.0,"key":"Art of War"},{"floor":8.0,"key":"Ice Cream"},{"floor":9.0,"key":"Blood Vial"},{"floor":13.0,"key":"Orichalcum"},{"floor":14.0,"key":"Odd Mushroom"},{"floor":23.0,"key":"Pen Nib"}],"event_choices":[{"damage_healed":0.0,"max_hp_gain":0.0,"max_hp_loss":0.0,"gold_gain":0.0,"event_name":"Scrap Ooze","player_choice":"Success","floor":2.0,"gold_loss":0.0,"damage_taken":35.0,"relics_obtained":["Boot"]},{"damage_healed":0.0,"max_hp_gain":0.0,"max_hp_loss":0.0,"gold_gain":0.0,"event_name":"Big Fish","player_choice":"Box","floor":3.0,"gold_loss":0.0,"damage_taken":0.0,"relics_obtained":["MealTicket"],"cards_obtained":["Regret"]},{"cards_removed":["Regret"],"damage_healed":0.0,"max_hp_gain":0.0,"max_hp_loss":0.0,"gold_gain":0.0,"event_name":"Living Wall","player_choice":"Forget","floor":4.0,"gold_loss":0.0,"damage_taken":0.0},{"damage_healed":17.0,"max_hp_gain":0.0,"max_hp_loss":0.0,"gold_gain":0.0,"event_name":"The Cleric","player_choice":"Healed","floor":10.0,"gold_loss":35.0,"damage_taken":0.0},{"damage_healed":0.0,"max_hp_gain":0.0,"max_hp_loss":0.0,"gold_gain":0.0,"event_name":"Mushrooms","player_choice":"Fought Mushrooms","floor":14.0,"gold_loss":0.0,"damage_taken":0.0},{"damage_healed":0.0,"max_hp_gain":0.0,"max_hp_loss":0.0,"gold_gain":0.0,"event_name":"The Library","player_choice":"Read","floor":19.0,"gold_loss":0.0,"damage_taken":0.0,"cards_obtained":["BattleHymn"]}],"is_beta":false,"boss_relics":[{"not_picked":["VioletLotus","Astrolabe"],"picked":"Runic Pyramid"}],"items_purged_floors":[],"is_endless":false,"potions_floor_spawned":[7,12,13,14,16,21],"killed_by":"Sentry and Sphere","ascension_level":16}}