{"host":"8i4doyxqctgl5qb0","time":1609897426,"event":{"mods":["AchievementEnabler","BaseMod","Block Reminder","Colored Powertips","Downfall","Marisa£®ÏF”Í°°ƒß¿Ì…≥£©","Minty Spire (QoL Compilation)","Permanent Neow","Potion Indicator Mod","Rare Cards Sparkle","StSLib","SuperFastMode"],"gold_per_floor":[361,373,373,390,390,418,22,47,47,58,58,18,38,57,57,152,152,170,170,17,34,51,51,51,51],"floor_reached":24,"playtime":776,"items_purged":["Strike_R","Writhe"],"score":257,"play_id":"49233322-bfd5-47af-902b-55f9884a517e","local_time":"20210106094346","is_ascension_mode":true,"campfire_choices":[{"floor":11.0,"key":"REST"},{"floor":15,"key":"REST"},{"data":"Barricade","floor":23,"key":"SMITH"}],"circlet_count":0,"master_deck":["Bash","Clash","Body Slam","Berserk","Inflame","Shrug It Off","Metallicize","Armaments+1","Inflame","Clash","Ghostly Armor+1","Barricade+1","Immolate","Intimidate+1","Flame Barrier+1","Reckless Charge","Thunderclap","Sever Soul","Uppercut","Reaper","Shockwave+1","Armaments+1","Body Slam","Ghostly Armor+1"],"relics":["Burning Blood","Strawberry","Toxic Egg 2","Toy Ornithopter","Bottled Flame","Pandora\u0027s Box","Pen Nib"],"acts_visited":["Exordium","TheCity"],"potions_floor_usage":[18,22],"damage_taken":[{"damage":4.0,"enemies":"Jaw Worm","floor":1.0,"turns":4.0},{"damage":11.0,"enemies":"Cultist","floor":2.0,"turns":4.0},{"damage":10.0,"enemies":"2 Louse","floor":4.0,"turns":3.0},{"damage":39.0,"enemies":"Gremlin Nob","floor":6.0,"turns":5.0},{"damage":12.0,"enemies":"Exordium Thugs","floor":10.0,"turns":7.0},{"damage":8,"enemies":"2 Fungi Beasts","floor":13,"turns":4},{"damage":16,"enemies":"Blue Slaver","floor":14,"turns":3},{"damage":48,"enemies":"Hexaghost","floor":16,"turns":12},{"damage":7,"enemies":"Chosen","floor":18,"turns":4},{"damage":10,"enemies":"Shell Parasite","floor":21,"turns":7},{"damage":36,"enemies":"Centurion and Healer","floor":22,"turns":11},{"damage":58,"enemies":"Book of Stabbing","floor":24,"turns":6}],"seed_played":"-499395180419936975","potions_obtained":[{"floor":6.0,"key":"champ:CounterPotion"},{"floor":13,"key":"Fire Potion"},{"floor":14,"key":"LiquidMemories"},{"floor":18,"key":"HeartOfIron"}],"is_trial":false,"path_per_floor":["M","M","?","M","?","E","$","T","T","M","R","$","M","M","R","B",null,"M","?","$","M","M","R","E"],"character_chosen":"IRONCLAD","items_purchased":["Metallicize","Toxic Egg 2","Inflame","Armaments+1"],"campfire_rested":2,"item_purchase_floors":[7,7,12,20],"current_hp_per_floor":[74,69,69,65,65,39,39,39,39,33,59,59,57,47,73,31,73,77,77,77,73,57,57,0,0],"gold":51,"neow_bonus":"TWO_FIFTY_GOLD","is_daily":false,"chose_seed":false,"campfire_upgraded":1,"win_rate":0.0,"timestamp":1609897426,"path_taken":["M","M","?","?","?","E","?","?","T","M","R","?","M","M","R","BOSS","M","?","?","M","M","R","E"],"items_purchased_type":["Card","Relic","Card","Card"],"build_version":"2020-12-22","purchased_purges":2,"victory":false,"max_hp_per_floor":[80,80,80,80,80,87,87,87,87,87,87,87,87,87,87,87,87,87,87,87,87,87,87,87,87],"card_choices":[{"not_picked":["Iron Wave","Intimidate"],"picked":"Clash","floor":1.0},{"not_picked":["Perfected Strike","Clothesline"],"picked":"Body Slam","floor":2.0},{"not_picked":["Body Slam","Headbutt"],"picked":"Inflame","floor":4.0},{"not_picked":["Clothesline","Sentinel"],"picked":"Shrug It Off","floor":6.0},{"not_picked":["Anger","Perfected Strike"],"picked":"Armaments+1","floor":10.0},{"not_picked":["Evolve","Anger"],"picked":"Clash","floor":13},{"not_picked":["Whirlwind","Warcry+1"],"picked":"Ghostly Armor+1","floor":14},{"not_picked":["Reaper","Feed"],"picked":"Barricade","floor":16},{"not_picked":["Iron Wave","Evolve"],"picked":"Shockwave+1","floor":18},{"not_picked":["Perfected Strike","Clash"],"picked":"Body Slam","floor":21},{"not_picked":["Armaments+1","Wild Strike"],"picked":"Ghostly Armor+1","floor":22}],"player_experience":100431,"relics_obtained":[{"floor":6.0,"key":"Strawberry"},{"floor":8.0,"key":"Toy Ornithopter"},{"floor":9.0,"key":"Bottled Flame"}],"event_choices":[{"damage_healed":0.0,"max_hp_gain":0.0,"max_hp_loss":0.0,"gold_gain":0.0,"event_name":"Match and Keep!","player_choice":"1 cards matched","floor":3.0,"gold_loss":0.0,"damage_taken":0.0,"cards_obtained":["Berserk"]},{"cards_removed":["Writhe"],"damage_healed":0.0,"max_hp_gain":0.0,"max_hp_loss":0.0,"gold_gain":0.0,"event_name":"Wheel of Change","player_choice":"Card Removal","floor":5.0,"gold_loss":0.0,"damage_taken":0.0},{"damage_healed":0,"gold_gain":0,"player_choice":"Opened","damage_taken":0,"relics_obtained":["Pen Nib"],"max_hp_gain":0,"max_hp_loss":0,"event_name":"The Mausoleum","floor":19,"gold_loss":0,"cards_obtained":["Writhe"]}],"is_beta":false,"boss_relics":[{"not_picked":["Runic Pyramid","Fusion Hammer"],"picked":"Pandora\u0027s Box"}],"items_purged_floors":[7,20],"is_endless":false,"potions_floor_spawned":[6,13,14,18],"killed_by":"Book of Stabbing","ascension_level":6}}