{"host":"5x08nt64u3vxxcfi","time":1609902912,"event":{"mods":["BaseMod","Minty Spire (QoL Compilation)","StSLib","SuperFastMode"],"gold_per_floor":[111,91,102,113,38,38,54,54,79,96,24,24,38,102,102,203,203,218,143,68,88,88,88,100,110,179,179,210,221,253,305,305,403,403,420,283,283,283,300,300,328,378,378,128,128,128],"floor_reached":45,"playtime":937,"items_purged":["Strike_P","Defend_P","Defend_P"],"score":451,"play_id":"49201d01-0a06-41dc-9ff9-e15ca5ef3f62","local_time":"20210106121512","is_ascension_mode":false,"campfire_choices":[{"data":"Eruption","floor":6,"key":"SMITH"},{"data":"Wallop","floor":8,"key":"SMITH"},{"data":"Wallop","floor":12,"key":"SMITH"},{"data":"MentalFortress","floor":15,"key":"SMITH"},{"data":"Alpha","floor":23,"key":"SMITH"},{"floor":27,"key":"REST"},{"floor":32,"key":"REST"},{"data":"Vault","floor":40,"key":"SMITH"}],"circlet_count":0,"master_deck":["Defend_P","Defend_P","Eruption+1","Vigilance","Secret Technique","Wallop+1","Consecrate","MentalFortress+1","Prostrate","ClearTheMind","Wallop+1","Weave","Tantrum","Alpha+1","ThirdEye","ThirdEye","CutThroughFate","JustLucky+1","Halt","Evaluate+1","Vault+1","Evaluate+1","DeceiveReality","Evaluate+1","DeusExMachina","CutThroughFate+1","LikeWater"],"relics":["PureWater","Centennial Puzzle","Happy Flower","Empty Cage","Sundial","Red Mask","Eternal Feather","Art of War","SacredBark","MealTicket","FossilizedHelix","Dream Catcher","Membership Card"],"acts_visited":["Exordium","TheCity","TheBeyond"],"potions_floor_usage":[14,28,30],"damage_taken":[{"damage":1,"enemies":"2 Louse","floor":1,"turns":3},{"damage":0,"enemies":"Cultist","floor":3,"turns":2},{"damage":1,"enemies":"Jaw Worm","floor":4,"turns":4},{"damage":2,"enemies":"2 Fungi Beasts","floor":7,"turns":3},{"damage":7,"enemies":"Looter","floor":10,"turns":2},{"damage":0,"enemies":"Large Slime","floor":13,"turns":4},{"damage":39,"enemies":"Lagavulin Event","floor":14,"turns":4},{"damage":3,"enemies":"Hexaghost","floor":16,"turns":7},{"damage":15,"enemies":"Spheric Guardian","floor":18,"turns":5},{"damage":7,"enemies":"2 Thieves","floor":21,"turns":3},{"damage":16,"enemies":"Cultist and Chosen","floor":24,"turns":5},{"damage":19,"enemies":"Sentry and Sphere","floor":25,"turns":4},{"damage":14,"enemies":"Masked Bandits","floor":28,"turns":3},{"damage":3,"enemies":"Snake Plant","floor":29,"turns":4},{"damage":8,"enemies":"Slavers","floor":30,"turns":3},{"damage":39,"enemies":"Collector","floor":33,"turns":9},{"damage":0,"enemies":"3 Darklings","floor":35,"turns":3},{"damage":14,"enemies":"3 Shapes","floor":39,"turns":3},{"damage":43,"enemies":"Nemesis","floor":41,"turns":10},{"damage":8,"enemies":"Mind Bloom Boss Battle","floor":42,"turns":8},{"damage":34,"enemies":"Sphere and 2 Shapes","floor":45,"turns":3}],"seed_played":"-2249810650026959626","potions_obtained":[{"floor":1,"key":"Explosive Potion"},{"floor":2,"key":"DuplicationPotion"},{"floor":3,"key":"BlessingOfTheForge"},{"floor":16,"key":"FairyPotion"},{"floor":21,"key":"Block Potion"},{"floor":28,"key":"CultistPotion"},{"floor":35,"key":"SneckoOil"},{"floor":39,"key":"Explosive Potion"}],"is_trial":false,"path_per_floor":["M","?","M","M","$","R","M","R","T","M","$","R","M","?","R","B",null,"M","$","?","M","?","R","M","M","T","R","?","M","E","T","R","B",null,"M","$","?","?","M","R","E","?","T","$","M"],"character_chosen":"WATCHER","items_purchased":["MentalFortress","Wallop","DeceiveReality","Membership Card","LikeWater"],"campfire_rested":2,"item_purchase_floors":[5,11,36,44,44],"current_hp_per_floor":[64,64,64,63,63,63,61,61,61,54,54,54,54,15,15,12,65,50,50,50,43,43,43,27,8,8,27,13,10,2,2,33,19,65,65,65,65,62,48,62,19,11,11,26,0,0],"gold":128,"neow_bonus":"RANDOM_COLORLESS_2","is_daily":false,"chose_seed":false,"campfire_upgraded":6,"win_rate":0.0,"timestamp":1609902912,"path_taken":["M","?","M","M","$","R","M","R","T","M","?","R","M","?","R","BOSS","M","$","?","M","?","R","M","M","T","R","?","M","E","?","R","BOSS","M","$","?","?","M","R","E","?","T","$","M"],"items_purchased_type":["Card","Card","Card","Relic","Card"],"build_version":"2020-12-22","purchased_purges":3,"victory":false,"max_hp_per_floor":[65,65,65,65,65,65,65,65,65,65,65,65,65,65,65,65,65,65,65,65,65,65,65,65,65,65,65,65,65,65,65,65,65,65,65,65,65,62,62,62,62,62,62,62,62,62],"card_choices":[{"not_picked":["Chrysalis","Panache"],"picked":"Secret Technique","floor":0},{"not_picked":["Tantrum","Sanctity"],"picked":"Wallop","floor":1},{"not_picked":["Swivel","FlyingSleeves","CrushJoints"],"picked":"SKIP","floor":3},{"not_picked":["BowlingBash","FlyingSleeves"],"picked":"Consecrate","floor":4},{"not_picked":["CrushJoints","PathToVictory"],"picked":"Prostrate","floor":7},{"not_picked":["Protect","SashWhip"],"picked":"ClearTheMind","floor":10},{"not_picked":["SignatureMove","Perseverance"],"picked":"Weave","floor":13},{"not_picked":["Scrawl","FlurryOfBlows"],"picked":"Tantrum","floor":14},{"not_picked":["Ragnarok","SpiritShield"],"picked":"Alpha","floor":16},{"not_picked":["Swivel","JustLucky"],"picked":"ThirdEye","floor":18},{"not_picked":["WreathOfFlame","ClearTheMind"],"picked":"ThirdEye","floor":21},{"not_picked":["EmptyFist","Halt+1"],"picked":"MasterReality","floor":24},{"not_picked":["CutThroughFate","ReachHeaven"],"picked":"JustLucky+1","floor":25},{"not_picked":["Consecrate","Swivel+1"],"picked":"Halt","floor":28},{"not_picked":["Consecrate+1","Vengeance"],"picked":"Evaluate+1","floor":29},{"not_picked":["EmptyFist","CarveReality","CrushJoints"],"picked":"SKIP","floor":30},{"not_picked":["LessonLearned","DeusExMachina"],"picked":"Vault","floor":33},{"not_picked":["Worship","Meditate+1"],"picked":"Evaluate+1","floor":35},{"not_picked":["BowlingBash+1","JustLucky"],"picked":"Evaluate+1","floor":39},{"not_picked":["ReachHeaven","FlyingSleeves+1"],"picked":"DeusExMachina","floor":41},{"not_picked":["FollowUp+1","BattleHymn"],"picked":"CutThroughFate+1","floor":42}],"player_experience":47510,"relics_obtained":[{"floor":9,"key":"Centennial Puzzle"},{"floor":14,"key":"Happy Flower"},{"floor":26,"key":"Sundial"},{"floor":28,"key":"Red Mask"},{"floor":30,"key":"Eternal Feather"},{"floor":31,"key":"Art of War"},{"floor":41,"key":"MealTicket"},{"floor":42,"key":"FossilizedHelix"},{"floor":43,"key":"Dream Catcher"}],"event_choices":[{"damage_healed":0,"gold_gain":0,"player_choice":"Bought 1 Potion","damage_taken":0,"max_hp_gain":0,"max_hp_loss":0,"event_name":"The Woman in Blue","floor":2,"gold_loss":0},{"damage_healed":0,"gold_gain":0,"player_choice":"Searched \u00271\u0027 times","damage_taken":0,"max_hp_gain":0,"max_hp_loss":0,"event_name":"Dead Adventurer","floor":14,"gold_loss":0},{"cards_removed":["Strike_P"],"damage_healed":0,"gold_gain":0,"player_choice":"Gave Gold","damage_taken":0,"max_hp_gain":0,"max_hp_loss":0,"event_name":"Beggar","floor":20,"gold_loss":75},{"damage_healed":0,"gold_gain":0,"player_choice":"Read","damage_taken":0,"max_hp_gain":0,"max_hp_loss":0,"event_name":"The Library","floor":22,"gold_loss":0,"cards_obtained":["CutThroughFate"]},{"damage_healed":0,"gold_gain":0,"player_choice":"Fought Bandits","damage_taken":0,"max_hp_gain":0,"max_hp_loss":0,"event_name":"Masked Bandits","floor":28,"gold_loss":0},{"cards_removed":["MasterReality"],"damage_healed":0,"gold_gain":0,"player_choice":"Removed Power","damage_taken":0,"max_hp_gain":0,"max_hp_loss":0,"event_name":"Falling","floor":37,"gold_loss":0},{"damage_healed":0,"gold_gain":0,"player_choice":"Max HP","damage_taken":0,"max_hp_gain":0,"max_hp_loss":3,"event_name":"Winding Halls","floor":38,"gold_loss":0},{"damage_healed":0,"gold_gain":0,"player_choice":"Fight","damage_taken":0,"max_hp_gain":0,"max_hp_loss":0,"event_name":"MindBloom","floor":42,"gold_loss":0}],"is_beta":false,"boss_relics":[{"not_picked":["Busted Crown","Cursed Key"],"picked":"Empty Cage"},{"not_picked":["Runic Pyramid","Runic Dome"],"picked":"SacredBark"}],"items_purged_floors":[19,36,44],"is_endless":false,"potions_floor_spawned":[1,3,16,21,25,28,29,35,39,42],"killed_by":"Sphere and 2 Shapes","ascension_level":0}}