{"host":"Qube","time":1609906665,"event":{"mods":["AchievementEnabler","BaseMod","Colored Map","Colored Powertips","Minty Spire (QoL Compilation)","Quick Restart","Random Character Button","StSLib"],"gold_per_floor":[112,29,29,47,47,47,76,76,102,137,151,151,169,169,169,241,241,254,254,254,99,99,99,127,127,151,173,220,232,261,305,317,403,415,437,467,6,6,22,22,40,59,84,9,9,39,39,118,118,118],"floor_reached":51,"playtime":12321,"items_purged":["Injury"],"score":1499,"play_id":"9f321484-2b83-43a7-94c1-84b2477ff89c","local_time":"20210105201745","is_ascension_mode":true,"campfire_choices":[{"data":"Wallop","floor":6.0,"key":"SMITH"},{"data":"Protect","floor":8.0,"key":"SMITH"},{"data":"Swivel","floor":12.0,"key":"SMITH"},{"data":"SandsOfTime","floor":15.0,"key":"SMITH"},{"data":"WheelKick","floor":23.0,"key":"SMITH"},{"floor":25.0,"key":"REST"},{"floor":29.0,"key":"REST"},{"floor":32.0,"key":"REST"},{"floor":40,"key":"REST"},{"floor":45,"key":"REST"},{"floor":47,"key":"REST"},{"data":"Establishment","floor":49,"key":"SMITH"}],"circlet_count":0,"master_deck":["AscendersBane","Strike_P","Strike_P","Strike_P","Defend_P","Defend_P","Defend_P","Eruption","Vigilance","SandsOfTime+1","Wallop+1","FollowUp","Protect+1","Swivel+1","Perseverance+1","Vault","WheelKick+1","Swivel+1","FlyingSleeves","Parasite","BowlingBash","Establishment+1","FearNoEvil+1","Evaluate+1","Violence+1","Prostrate+1","Devotion","ClearTheMind+1","Crescendo+1"],"relics":["Cursed Key","Oddly Smooth Stone","Bag of Marbles","Vajra","Matryoshka","Calling Bell","Lantern","Toxic Egg 2","Pocketwatch","Yang","Bronze Scales","MawBank","Tiny Chest","Blood Vial","Empty Cage","Pen Nib","Smiling Mask","Anchor","Omamori","Bottled Lightning"],"acts_visited":["Exordium","TheCity","TheBeyond"],"potions_floor_usage":[42,50],"damage_taken":[{"damage":4.0,"enemies":"2 Louse","floor":1.0,"turns":2.0},{"damage":0.0,"enemies":"Small Slimes","floor":4.0,"turns":2.0},{"damage":0.0,"enemies":"Lagavulin","floor":7.0,"turns":4.0},{"damage":4.0,"enemies":"3 Sentries","floor":10.0,"turns":7.0},{"damage":0.0,"enemies":"Cultist","floor":11.0,"turns":2.0},{"damage":0.0,"enemies":"Blue Slaver","floor":13.0,"turns":4.0},{"damage":0.0,"enemies":"Slime Boss","floor":16.0,"turns":5.0},{"damage":0.0,"enemies":"Spheric Guardian","floor":18.0,"turns":2.0},{"damage":31.0,"enemies":"Gremlin Leader","floor":24.0,"turns":7.0},{"damage":0.0,"enemies":"2 Thieves","floor":27.0,"turns":3.0},{"damage":8.0,"enemies":"Slavers","floor":28.0,"turns":6.0},{"damage":11.0,"enemies":"Snake Plant","floor":30.0,"turns":3.0},{"damage":27.0,"enemies":"Book of Stabbing","floor":31.0,"turns":6.0},{"damage":45.0,"enemies":"Collector","floor":33.0,"turns":10.0},{"damage":0.0,"enemies":"Orb Walker","floor":35.0,"turns":3.0},{"damage":43,"enemies":"3 Darklings","floor":36,"turns":8},{"damage":0,"enemies":"4 Shapes","floor":39,"turns":5},{"damage":0,"enemies":"Sphere and 2 Shapes","floor":41,"turns":5},{"damage":31,"enemies":"Transient","floor":42,"turns":6},{"damage":4,"enemies":"Nemesis","floor":46,"turns":6},{"damage":86,"enemies":"Awakened One","floor":50,"turns":12}],"seed_played":"-8478758548709750525","potions_obtained":[{"floor":1.0,"key":"EntropicBrew"},{"floor":4.0,"key":"BottledMiracle"},{"floor":10.0,"key":"LiquidMemories"},{"floor":16.0,"key":"BlessingOfTheForge"},{"floor":27.0,"key":"Fire Potion"},{"floor":28.0,"key":"Explosive Potion"},{"floor":33.0,"key":"FairyPotion"},{"floor":46,"key":"BottledMiracle"}],"is_trial":false,"path_per_floor":["M","$","?","M","?","R","E","R","T","E","M","R","M","?","R","B",null,"M","?","?","$","?","R","E","R","T","M","E","R","M","E","R","B",null,"M","M","$","?","M","R","M","M","T","?","R","E","R","T","R","B",null],"character_chosen":"WATCHER","items_purchased":["Wallop","Swivel+1","Pen Nib","Violence+1","Prostrate+1","SteroidPotion"],"campfire_rested":6,"item_purchase_floors":[2,21,37,37,37,37],"current_hp_per_floor":[57,57,31,31,36,36,36,36,36,32,32,32,32,32,32,32,63,63,63,63,63,42,42,11,34,34,34,26,49,38,11,34,23,64,66,25,25,25,27,50,52,23,23,23,46,44,67,67,67,10],"gold":118,"neow_bonus":"BOSS_RELIC","is_daily":false,"chose_seed":false,"campfire_upgraded":6,"win_rate":0.0,"timestamp":1609906665,"path_taken":["M","$","?","M","?","R","E","R","T","E","M","R","M","?","R","BOSS","M","?","?","$","?","R","E","R","T","M","E","R","M","E","R","BOSS","M","M","$","?","M","R","M","?","T","?","R","E","R","?","R","BOSS"],"items_purchased_type":["Card","Card","Relic","Card","Card","Potion"],"build_version":"2020-12-18","purchased_purges":1,"victory":true,"max_hp_per_floor":[68,68,68,68,73,73,73,73,73,73,73,73,73,73,73,73,73,73,73,73,73,78,78,78,78,78,78,78,78,78,78,78,78,78,78,78,78,78,78,78,78,78,78,78,78,78,78,78,78,78],"card_choices":[{"not_picked":["InnerPeace","FlurryOfBlows"],"picked":"SandsOfTime","floor":1.0},{"not_picked":["Tantrum","SashWhip"],"picked":"FollowUp","floor":4.0},{"not_picked":["Nirvana","Collect"],"picked":"Protect","floor":7.0},{"not_picked":["WaveOfTheHand","Pray"],"picked":"Swivel","floor":10.0},{"not_picked":["Crescendo","EmptyMind","ThirdEye"],"picked":"SKIP","floor":11.0},{"not_picked":["Crescendo","Indignation"],"picked":"Perseverance","floor":13.0},{"not_picked":["Devotion","MasterReality"],"picked":"Vault","floor":16.0},{"not_picked":["Pray+1","LikeWater","CutThroughFate"],"picked":"SKIP","floor":18.0},{"not_picked":["Vault+1","Perseverance+1"],"picked":"FlyingSleeves","floor":24.0},{"not_picked":["Prostrate+1","FollowUp"],"picked":"BowlingBash","floor":27.0},{"not_picked":["Consecrate","BowlingBash+1","Collect+1"],"picked":"SKIP","floor":28.0},{"not_picked":["Perseverance+1","FlyingSleeves","Consecrate"],"picked":"SKIP","floor":30.0},{"not_picked":["WreathOfFlame+1","PathToVictory+1","FollowUp"],"picked":"SKIP","floor":31.0},{"not_picked":["Scrawl+1","ConjureBlade+1"],"picked":"Establishment","floor":33.0},{"not_picked":["WheelKick","Consecrate"],"picked":"FearNoEvil+1","floor":35.0},{"not_picked":["DeceiveReality+1","Weave"],"picked":"Evaluate+1","floor":36},{"not_picked":["EmptyBody+1","PathToVictory+1","Study"],"picked":"SKIP","floor":39},{"not_picked":["Weave","EmptyFist"],"picked":"ClearTheMind+1","floor":41},{"not_picked":["PathToVictory+1","FlyingSleeves"],"picked":"Crescendo+1","floor":42},{"not_picked":["ForeignInfluence+1","FlyingSleeves","Consecrate+1"],"picked":"SKIP","floor":46}],"player_experience":794509,"relics_obtained":[{"floor":7.0,"key":"Bag of Marbles"},{"floor":9.0,"key":"Vajra"},{"floor":10.0,"key":"Matryoshka"},{"floor":17.0,"key":"Lantern"},{"floor":17.0,"key":"Toxic Egg 2"},{"floor":17.0,"key":"Pocketwatch"},{"floor":24.0,"key":"Yang"},{"floor":26.0,"key":"Bronze Scales"},{"floor":26.0,"key":"MawBank"},{"floor":28.0,"key":"Tiny Chest"},{"floor":31.0,"key":"Blood Vial"},{"floor":43,"key":"Smiling Mask"},{"floor":43,"key":"Anchor"},{"floor":46,"key":"Omamori"},{"floor":48,"key":"Bottled Lightning"}],"event_choices":[{"damage_healed":0.0,"max_hp_gain":0.0,"max_hp_loss":0.0,"gold_gain":0.0,"event_name":"Scrap Ooze","player_choice":"Success","floor":3.0,"gold_loss":0.0,"damage_taken":26.0,"relics_obtained":["Oddly Smooth Stone"]},{"damage_healed":0.0,"max_hp_gain":5.0,"max_hp_loss":0.0,"gold_gain":0.0,"event_name":"Big Fish","player_choice":"Donut","floor":5.0,"gold_loss":0.0,"damage_taken":0.0},{"damage_healed":0.0,"max_hp_gain":0.0,"max_hp_loss":0.0,"gold_gain":0.0,"event_name":"Upgrade Shrine","player_choice":"Upgraded","floor":14.0,"gold_loss":0.0,"damage_taken":0.0,"cards_upgraded":["Perseverance"]},{"damage_healed":0.0,"max_hp_gain":0.0,"max_hp_loss":0.0,"gold_gain":0.0,"event_name":"The Library","player_choice":"Read","floor":19.0,"gold_loss":0.0,"damage_taken":0.0,"cards_obtained":["WheelKick"]},{"damage_healed":0.0,"max_hp_gain":0.0,"max_hp_loss":0.0,"gold_gain":0.0,"event_name":"Vampires","player_choice":"Ignored","floor":20.0,"gold_loss":0.0,"damage_taken":0.0},{"damage_healed":0.0,"max_hp_gain":5.0,"max_hp_loss":0.0,"gold_gain":0.0,"event_name":"Forgotten Altar","player_choice":"Shed Blood","floor":22.0,"gold_loss":0.0,"damage_taken":26.0},{"damage_healed":0,"gold_gain":0,"player_choice":"1 cards matched","damage_taken":0,"max_hp_gain":0,"max_hp_loss":0,"event_name":"Match and Keep!","floor":38,"gold_loss":0,"cards_obtained":["Devotion"]},{"cards_removed":["Injury"],"damage_healed":0,"gold_gain":0,"player_choice":"Single Remove","damage_taken":0,"max_hp_gain":0,"max_hp_loss":0,"event_name":"Designer","floor":44,"gold_loss":75}],"is_beta":true,"boss_relics":[{"not_picked":["Tiny House","Runic Pyramid"],"picked":"Calling Bell"},{"not_picked":["Sozu","SacredBark"],"picked":"Empty Cage"}],"items_purged_floors":[21],"is_endless":false,"potions_floor_spawned":[1,4,10,13,16,18,27,28,33,41,46],"ascension_level":18}}