{"host":"mnljlkge2zm8bbif","time":1609950126,"event":{"mods":["Aspiration","BaseMod","Beaked The Cultist","Better Third Choice","BetterRewards","CCEM","Challenge The Spire","Displayed Cursed Tome","Gremlin Mod","Hubris","Minty Spire (QoL Compilation)","Relic Stats","Replay The Spire","Robot Space Explorer","Shop Mod","Spicy Shops","StSLib","The Marked"],"gold_per_floor":[114,130,130,130,141,141,155,183,183,183,183,216,227,82,82,179,179,190,190,201,213,225,242,267,267,267,267,43,61,61,76,76,175,175,194,204,215,18,38,67,67,85,108,126,68,85,119,119,119,119,119,119,38,72,72,72],"floor_reached":55,"playtime":3426,"items_purged":["Decay"],"score":813,"play_id":"736c1ea6-4771-49e9-8241-fb05eebad73a","local_time":"20210106112206","is_ascension_mode":false,"campfire_choices":[{"floor":6.0,"key":"REST"},{"floor":11.0,"key":"RECALL"},{"data":"RobotSpaceExplorer:PowerGlove","floor":15.0,"key":"SMITH"},{"data":"RobotSpaceExplorer:Accelerator","floor":25,"key":"SMITH"},{"data":"RobotSpaceExplorer:PowerGlove","floor":32,"key":"SMITH"},{"data":"Pot Of Greed","floor":41,"key":"SMITH"},{"data":"Pot Of Greed","floor":49,"key":"SMITH"},{"data":"Pot Of Greed","floor":52,"key":"SMITH"}],"circlet_count":0,"master_deck":["RobotSpaceExplorer:Strike","RobotSpaceExplorer:Strike","RobotSpaceExplorer:Strike","RobotSpaceExplorer:Strike","RobotSpaceExplorer:Defend+1","RobotSpaceExplorer:Defend","RobotSpaceExplorer:Defend","RobotSpaceExplorer:Defend+1","RobotSpaceExplorer:Scan+1","RobotSpaceExplorer:MiniLasers","RobotSpaceExplorer:PowerGlove+1","RobotSpaceExplorer:JunkDive","RobotSpaceExplorer:MiniDrones","RobotSpaceExplorer:ScrapMissile","RobotSpaceExplorer:MiniDrones","RobotSpaceExplorer:FreezingShield","Replay:Bootleg Shield Generator+1","RobotSpaceExplorer:Calculate","RobotSpaceExplorer:PowerGlove+1","Transmutation+1","RobotSpaceExplorer:Accelerator+1","ReplayTheSpireMod:Trickstab+1","RobotSpaceExplorer:JunkDive","RobotSpaceExplorer:PowerGlove+1","RobotSpaceExplorer:Probe+1","RobotSpaceExplorer:MiniDrones","RobotSpaceExplorer:PowerGlove","RobotSpaceExplorer:DoubleBlock+1","RobotSpaceExplorer:JunkDive","RobotSpaceExplorer:ChargingLaser","Pot Of Greed+1","Pot Of Greed+1","Pot Of Greed","RobotSpaceExplorer:Blitz","RobotSpaceExplorer:LaserBurst","RobotSpaceExplorer:ScrapMissile","RobotSpaceExplorer:MiniDrones+1","Shame","Pot Of Greed+1","RobotSpaceExplorer:JunkDive+1","RobotSpaceExplorer:SwiftStep+1"],"relics":["RobotSpaceExplorer:RoboCore","Ginger","Medical Kit","Chemical X","hubris:HerbalPaste","Akabeko","RobotSpaceExplorer:PlasmaHourglass","CCEMRelics:FestiveHat","DollysMirror","CCEMRelics:TransientCore","Darkstone Periapt","RobotSpaceExplorer:RingOfTheNewt","RobotSpaceExplorer:FoglandsKnife","Strange Spoon","hubris:Backtick","Grinning Jar","hubris:CuriousFeather","WingedGreaves","CCEMRelics:Barrel","Lee\u0027s Waffle","Blood Vial","hubris:PeanutButter","Replay:Multitool","RobotSpaceExplorer:BottledGravity"],"acts_visited":["Exordium","TheCity","TheBeyond","TheEnding"],"potions_floor_usage":[29,29,35,39,40,40,40,42,46],"damage_taken":[{"damage":0.0,"enemies":"2 Louse","floor":1.0,"turns":1.0},{"damage":5.0,"enemies":"Small Slimes","floor":2.0,"turns":3.0},{"damage":0.0,"enemies":"Cultist","floor":5.0,"turns":4.0},{"damage":0.0,"enemies":"2 Fungi Beasts","floor":7.0,"turns":3.0},{"damage":8.0,"enemies":"Replay:BlueRogue","floor":8.0,"turns":6.0},{"damage":2.0,"enemies":"Gremlin Nob","floor":12.0,"turns":3.0},{"damage":0.0,"enemies":"Gremlin Gang","floor":13.0,"turns":2.0},{"damage":18.0,"enemies":"Slime Boss","floor":16.0,"turns":7.0},{"damage":6.0,"enemies":"Shell Parasite","floor":18.0,"turns":2.0},{"damage":14.0,"enemies":"Spheric Guardian","floor":20.0,"turns":4.0},{"damage":0.0,"enemies":"Snecko","floor":21.0,"turns":5.0},{"damage":4,"enemies":"Chosen and Byrds","floor":22,"turns":2},{"damage":7,"enemies":"Cultist and Chosen","floor":23,"turns":3},{"damage":4,"enemies":"Gremlin Leader","floor":24,"turns":3},{"damage":5,"enemies":"Snecko","floor":29,"turns":5},{"damage":18,"enemies":"Centurion and Healer","floor":31,"turns":5},{"damage":0,"enemies":"Automaton","floor":33,"turns":3},{"damage":0,"enemies":"Orb Walker","floor":35,"turns":3},{"damage":1,"enemies":"3 Shapes","floor":36,"turns":5},{"damage":2,"enemies":"Spire Growth","floor":37,"turns":3},{"damage":10,"enemies":"3 Darklings","floor":39,"turns":2},{"damage":39,"enemies":"Nemesis","floor":40,"turns":3},{"damage":66,"enemies":"Transient","floor":42,"turns":5},{"damage":26,"enemies":"Spire Growth","floor":44,"turns":3},{"damage":20,"enemies":"Maw","floor":46,"turns":5},{"damage":53,"enemies":"Reptomancer","floor":47,"turns":5},{"damage":15,"enemies":"Replay:Hell Engine","floor":50,"turns":3},{"damage":73,"enemies":"Shield and Spear","floor":54,"turns":5},{"damage":115,"enemies":"The Heart","floor":55,"turns":5}],"seed_played":"-2330625674106737305","potions_obtained":[{"floor":5.0,"key":"SpeedPotion"},{"floor":13.0,"key":"RobotSpaceExplorer:LiquidFusion"},{"floor":16.0,"key":"LifebloodPotion"},{"floor":18.0,"key":"FearPotion"},{"floor":23,"key":"ColorlessPotion"},{"floor":24,"key":"Flashbang"},{"floor":29,"key":"Strength Potion"},{"floor":35,"key":"SpeedPotion"},{"floor":36,"key":"Reflective Coating"},{"floor":39,"key":"BlessingOfTheForge"},{"floor":40,"key":"Elixir"},{"floor":44,"key":"PowerPotion"}],"is_trial":false,"path_per_floor":["M","M","?","?","M","R","M","E","T","?","R","E","M","$","R","B",null,"M","?","M","M","M","M","E","R","T","?","$","M","$","M","R","B",null,"M","M","M","$","M","E","R","M","T","M","$","M","E","T","R","B",null,"R","$","E","B"],"character_chosen":"RobotSpaceExplorer","items_purchased":["Ginger","Medical Kit","RobotSpaceExplorer:PowerGlove","Chemical X","hubris:HerbalPaste","RobotSpaceExplorer:JunkDive","DollysMirror","RobotSpaceExplorer:FoglandsKnife","Strange Spoon","hubris:CuriousFeather","Lee\u0027s Waffle","Replay:Multitool"],"campfire_rested":1,"item_purchase_floors":[0,0,0,0,0,0,14,28,28,38,45,53],"current_hp_per_floor":[40,40,25,25,31,53,58,56,56,56,56,60,63,63,63,51,75,74,74,71,83,86,90,97,97,97,97,97,96,96,90,90,101,106,110,112,116,122,117,89,89,35,35,20,149,134,93,93,93,91,157,157,157,99,0,0],"gold":72,"neow_bonus":"","is_daily":false,"chose_seed":false,"campfire_upgraded":6,"win_rate":0.0,"timestamp":1609950126,"path_taken":["M","M","?","?","M","R","M","E","T","?","R","E","M","$","R","BOSS","M","?","M","M","M","?","E","R","T","?","$","M","?","M","R","BOSS","M","M","M","?","M","E","R","M","T","M","$","M","E","?","R","BOSS","R","$","E","BOSS"],"items_purchased_type":["Relic","Relic","Card","Relic","Relic","Card","Relic","Relic","Relic","Relic","Relic","Relic"],"build_version":"2020-12-22","purchased_purges":1,"victory":false,"max_hp_per_floor":[75,75,75,75,75,75,75,75,75,75,75,75,75,75,75,75,75,80,80,83,85,90,94,98,98,98,98,98,100,100,102,102,106,106,110,112,116,122,127,131,131,132,132,136,149,151,153,153,153,157,157,157,157,159,160,160],"relic_stats":{"Darkstone Periapt":12,"Blood Vial":4,"Strange Spoon":[63],"Lee\u0027s Waffle":123,"counters":[76,279],"Ginger":[6],"Chemical X":[20],"Medical Kit":[16],"obtain_stats":[{"TwistedFunnel":0,"Calipers":0,"Vajra":23,"Whetstone":0,"Ginger":0,"Old Coin":6,"Blood Vial":26,"Replay:Ringing Soul":41,"hubris:HerbalPaste":0,"DollysMirror":42,"RobotSpaceExplorer:BottledGravity":54,"beaked:SacredDeck":17,"Ring of Hypnosis":4,"Happy Flower":0,"aspiration:Nostalgia":0,"hubris:SphereOfDissonance":43,"RobotSpaceExplorer:RingOfTheNewt":27,"aspiration:SeaSaltIceCream":0,"Paper Crane":3,"Akabeko":8,"hubris:Zylophone":10,"RobotSpaceExplorer:FoglandsKnife":28,"CCEMRelics:FestiveHat":12,"Onion Ring":9,"hubris:PeanutButter":48,"hubris:TenFootPole":24,"Grinning Jar":34,"Mirror":29,"NlothsMask":24,"Darkstone Periapt":24,"Regal Pillow":0,"RobotSpaceExplorer:PlasmaHourglass":9,"StoneCalendar":42,"Snake Skull":12,"Juzu Bracelet":0,"Bag of Preparation":7,"Replay:Multitool":53,"hubris:EmptyBottle":0,"Smiling Mask":31,"Pet Ghost":54,"Burning Blood":0,"CCEMRelics:TransientCore":17,"Dream Catcher":0,"Replay:Bandana":20,"hubris:Backtick":34,"hubris:CuriousFeather":38,"WingedGreaves":40,"Red Mask":19,"Chemical X":0,"aspiration:FutureDiary":17,"CCEMRelics:PaperClip":0,"Ring of the Snake":0,"Gremlin Food":9,"CCEMRelics:Barrel":43,"Lee\u0027s Waffle":45,"hubris:64BitClover":29,"RobotSpaceExplorer:RoboCore":0,"hubris:Towel":21,"Medical Kit":0,"Strange Spoon":28,"Anchor":12,"hubris:Spice":0,"Ring of Fury":4,"ChewingGum":34,"hubris:BundleOfHerbs":10,"Snack Pack":9,"Durian":12,"FossilizedHelix":38},{"TwistedFunnel":0,"Calipers":42,"Vajra":27,"Whetstone":16,"Ginger":47,"Old Coin":20,"Blood Vial":12,"Replay:Ringing Soul":36,"hubris:HerbalPaste":47,"DollysMirror":36,"RobotSpaceExplorer:BottledGravity":75,"beaked:SacredDeck":23,"Ring of Hypnosis":18,"Happy Flower":42,"aspiration:Nostalgia":42,"hubris:SphereOfDissonance":36,"RobotSpaceExplorer:RingOfTheNewt":61,"aspiration:SeaSaltIceCream":42,"Paper Crane":18,"Akabeko":52,"hubris:Zylophone":21,"RobotSpaceExplorer:FoglandsKnife":61,"CCEMRelics:FestiveHat":53,"Onion Ring":46,"hubris:PeanutButter":73,"hubris:TenFootPole":12,"Grinning Jar":64,"Mirror":29,"NlothsMask":27,"Darkstone Periapt":61,"Regal Pillow":0,"RobotSpaceExplorer:PlasmaHourglass":52,"StoneCalendar":36,"Snake Skull":21,"Juzu Bracelet":16,"Bag of Preparation":46,"Replay:Multitool":74,"hubris:EmptyBottle":0,"Smiling Mask":15,"Pet Ghost":41,"Burning Blood":42,"CCEMRelics:TransientCore":55,"Dream Catcher":0,"Replay:Bandana":11,"hubris:Backtick":64,"hubris:CuriousFeather":67,"WingedGreaves":69,"Red Mask":25,"Chemical X":47,"aspiration:FutureDiary":9,"CCEMRelics:PaperClip":42,"Ring of the Snake":0,"Gremlin Food":5,"CCEMRelics:Barrel":70,"Lee\u0027s Waffle":71,"hubris:64BitClover":13,"RobotSpaceExplorer:RoboCore":0,"hubris:Towel":11,"Medical Kit":47,"Strange Spoon":61,"Anchor":21,"hubris:Spice":0,"Ring of Fury":18,"ChewingGum":31,"hubris:BundleOfHerbs":21,"Snack Pack":21,"Durian":21,"FossilizedHelix":34},{"TwistedFunnel":0,"Calipers":156,"Vajra":88,"Whetstone":52,"Ginger":171,"Old Coin":66,"Blood Vial":35,"Replay:Ringing Soul":126,"hubris:HerbalPaste":171,"DollysMirror":126,"RobotSpaceExplorer:BottledGravity":274,"beaked:SacredDeck":81,"Ring of Hypnosis":61,"Happy Flower":156,"aspiration:Nostalgia":156,"hubris:SphereOfDissonance":126,"RobotSpaceExplorer:RingOfTheNewt":219,"aspiration:SeaSaltIceCream":156,"Paper Crane":61,"Akabeko":188,"hubris:Zylophone":69,"RobotSpaceExplorer:FoglandsKnife":219,"CCEMRelics:FestiveHat":191,"Onion Ring":168,"hubris:PeanutButter":266,"hubris:TenFootPole":35,"Grinning Jar":232,"Mirror":96,"NlothsMask":88,"Darkstone Periapt":219,"Regal Pillow":0,"RobotSpaceExplorer:PlasmaHourglass":188,"StoneCalendar":126,"Snake Skull":69,"Juzu Bracelet":52,"Bag of Preparation":168,"Replay:Multitool":269,"hubris:EmptyBottle":0,"Smiling Mask":46,"Pet Ghost":150,"Burning Blood":156,"CCEMRelics:TransientCore":200,"Dream Catcher":0,"Replay:Bandana":31,"hubris:Backtick":232,"hubris:CuriousFeather":243,"WingedGreaves":248,"Red Mask":84,"Chemical X":171,"aspiration:FutureDiary":26,"CCEMRelics:PaperClip":156,"Ring of the Snake":0,"Gremlin Food":10,"CCEMRelics:Barrel":253,"Lee\u0027s Waffle":256,"hubris:64BitClover":38,"RobotSpaceExplorer:RoboCore":0,"hubris:Towel":31,"Medical Kit":171,"Strange Spoon":219,"Anchor":69,"hubris:Spice":0,"Ring of Fury":61,"ChewingGum":105,"hubris:BundleOfHerbs":69,"Snack Pack":69,"Durian":69,"FossilizedHelix":114}]},"card_choices":[{"not_picked":["RobotSpaceExplorer:StunGrenade","RobotSpaceExplorer:FranticSearch"],"picked":"RobotSpaceExplorer:MiniDrones","floor":1.0},{"not_picked":["RobotSpaceExplorer:Counterblock","RobotSpaceExplorer:SlimeMissile","RobotSpaceExplorer:FrostMissile"],"picked":"SKIP","floor":2.0},{"not_picked":["RobotSpaceExplorer:MakeshiftVolley","RobotSpaceExplorer:GearShield"],"picked":"RobotSpaceExplorer:ScrapMissile","floor":5.0},{"not_picked":["RobotSpaceExplorer:PlasmaMissile","RobotSpaceExplorer:Probe","RobotSpaceExplorer:MetalStrike"],"picked":"SKIP","floor":7.0},{"not_picked":["RobotSpaceExplorer:DoubleBlock","RobotSpaceExplorer:SwiftStep"],"picked":"RobotSpaceExplorer:MiniDrones","floor":8.0},{"not_picked":["RobotSpaceExplorer:SwiftStep","RobotSpaceExplorer:Discharger"],"picked":"RobotSpaceExplorer:FreezingShield","floor":12.0},{"not_picked":["Sadistic Nature+1","hubris:Insight+1"],"picked":"Replay:Bootleg Shield Generator+1","floor":13.0},{"not_picked":["RobotSpaceExplorer:MiniDrones","RobotSpaceExplorer:SwiftStep"],"picked":"RobotSpaceExplorer:Calculate","floor":13.0},{"not_picked":["Replay:BasicMightCard+1","PanicButton+1"],"picked":"Transmutation+1","floor":16.0},{"not_picked":["RobotSpaceExplorer:Explosion","RobotSpaceExplorer:Arsenal"],"picked":"RobotSpaceExplorer:Accelerator","floor":16.0},{"not_picked":["Transmutation+1","Impatience+1"],"picked":"ReplayTheSpireMod:Trickstab+1","floor":18.0},{"not_picked":["RobotSpaceExplorer:Smokescreen+1","RobotSpaceExplorer:ShovelStrike"],"picked":"RobotSpaceExplorer:JunkDive","floor":18.0},{"not_picked":["RobotSpaceExplorer:Counterblock","RobotSpaceExplorer:MiniDrones"],"picked":"RobotSpaceExplorer:Probe+1","floor":20.0},{"not_picked":["RobotSpaceExplorer:ScrapToss","RobotSpaceExplorer:Reload"],"picked":"RobotSpaceExplorer:MiniDrones","floor":21.0},{"not_picked":["RobotSpaceExplorer:ScrapMissile","RobotSpaceExplorer:GlueShot+1","RobotSpaceExplorer:SurgingStrike"],"picked":"SKIP","floor":22},{"not_picked":["RobotSpaceExplorer:Reload","RobotSpaceExplorer:Counterblock"],"picked":"RobotSpaceExplorer:PowerGlove","floor":23},{"not_picked":["RobotSpaceExplorer:Multitool","RobotSpaceExplorer:MetalStrike"],"picked":"RobotSpaceExplorer:DoubleBlock+1","floor":24},{"not_picked":["RobotSpaceExplorer:Counterblock+1","RobotSpaceExplorer:JunkDive+1","RobotSpaceExplorer:GlueShot"],"picked":"SKIP","floor":29},{"not_picked":["RobotSpaceExplorer:DoubleFind","RobotSpaceExplorer:ScrapShield"],"picked":"RobotSpaceExplorer:JunkDive","floor":31},{"not_picked":["RobotSpaceExplorer:Arsenal","RobotSpaceExplorer:Comet"],"picked":"RobotSpaceExplorer:ChargingLaser","floor":33},{"not_picked":["RobotSpaceExplorer:Discharger+1","RobotSpaceExplorer:SlimeMissile+1"],"picked":"RobotSpaceExplorer:Blitz","floor":35},{"not_picked":["RobotSpaceExplorer:Probe","RobotSpaceExplorer:SurgingStrike"],"picked":"RobotSpaceExplorer:LaserBurst","floor":36},{"not_picked":["RobotSpaceExplorer:FreezeRay","RobotSpaceExplorer:Pulsar+1","RobotSpaceExplorer:GlueSpray"],"picked":"SKIP","floor":37},{"not_picked":["RobotSpaceExplorer:SurgingStrike","RobotSpaceExplorer:Electropulse"],"picked":"RobotSpaceExplorer:ScrapMissile","floor":39},{"not_picked":["RobotSpaceExplorer:GearShield+1","RobotSpaceExplorer:JunkDive"],"picked":"RobotSpaceExplorer:MiniDrones+1","floor":40},{"not_picked":["RobotSpaceExplorer:Jetpack","RobotSpaceExplorer:PowerCollector+1","RobotSpaceExplorer:DoubleBlock"],"picked":"SKIP","floor":42},{"not_picked":["RobotSpaceExplorer:Pulsar+1","RobotSpaceExplorer:GlueShot+1","RobotSpaceExplorer:ImprovisedAttack+1"],"picked":"SKIP","floor":44},{"not_picked":["RobotSpaceExplorer:ScrapMissile","RobotSpaceExplorer:ImprovisedAttack"],"picked":"RobotSpaceExplorer:JunkDive+1","floor":46},{"not_picked":["RobotSpaceExplorer:FrostMissile+1","RobotSpaceExplorer:ShovelStrike"],"picked":"RobotSpaceExplorer:SwiftStep+1","floor":47},{"not_picked":["RobotSpaceExplorer:Multitool","RobotSpaceExplorer:ShovelStrike","RobotSpaceExplorer:ToxicBomb"],"picked":"SKIP","floor":54},{"not_picked":["RobotSpaceExplorer:Multitool","RobotSpaceExplorer:ShovelStrike","RobotSpaceExplorer:ToxicBomb"],"picked":"SKIP","floor":54}],"player_experience":434450,"relics_obtained":[{"floor":8.0,"key":"Akabeko"},{"floor":9.0,"key":"RobotSpaceExplorer:PlasmaHourglass"},{"floor":12.0,"key":"CCEMRelics:FestiveHat"},{"floor":24,"key":"Darkstone Periapt"},{"floor":40,"key":"WingedGreaves"},{"floor":43,"key":"CCEMRelics:Barrel"},{"floor":47,"key":"Blood Vial"},{"floor":48,"key":"hubris:PeanutButter"},{"floor":54,"key":"RobotSpaceExplorer:BottledGravity"}],"event_choices":[{"damage_healed":40.0,"max_hp_gain":0.0,"max_hp_loss":75.0,"gold_gain":0.0,"event_name":"betterThird:BetterShining","player_choice":"Upgrade","floor":3.0,"gold_loss":0.0,"damage_taken":15.0,"cards_upgraded":["RobotSpaceExplorer:Defend","RobotSpaceExplorer:Scan"]},{"damage_healed":0.0,"max_hp_gain":0.0,"max_hp_loss":0.0,"gold_gain":0.0,"event_name":"Golden Wing","player_choice":"Ignored","floor":10.0,"gold_loss":0.0,"damage_taken":0.0},{"damage_healed":0.0,"max_hp_gain":0.0,"max_hp_loss":0.0,"gold_gain":0.0,"event_name":"Duplicator","player_choice":"Copied","floor":19.0,"gold_loss":0.0,"damage_taken":0.0,"cards_obtained":["RobotSpaceExplorer:PowerGlove"]}],"is_beta":false,"boss_relics":[{"not_picked":["Fusion Hammer","aspiration:BeakedSkillbook"],"picked":"CCEMRelics:TransientCore"},{"not_picked":["Runic Dome","Black Star"],"picked":"hubris:Backtick"}],"items_purged_floors":[38],"is_endless":false,"potions_floor_spawned":[5,13,16,18,23,24,29,35,36,39,40,44],"killed_by":"The Heart","ascension_level":0}}