{"host":"x205naxbihvu3p76","time":1609940497,"event":{"mods":["AchievementEnabler","BaseMod","Minty Spire (QoL Compilation)","StSLib","SuperFastMode"],"gold_per_floor":[110,110,27,27,41,41,76,76,76,96,114,137,147,179,179,253,253,271,287,287,303,61,61,86,98,98,110,110,110,110],"floor_reached":29,"playtime":560,"items_purged":[],"score":546,"play_id":"cc4fc5ec-b828-48a0-9735-c7bc608a129b","local_time":"20210106224137","is_ascension_mode":true,"campfire_choices":[{"data":"Zap","floor":6,"key":"SMITH"},{"data":"Dualcast","floor":8,"key":"SMITH"},{"floor":15,"key":"REST"},{"floor":23,"key":"REST"},{"data":"Defragment","floor":28,"key":"SMITH"}],"circlet_count":0,"master_deck":["AscendersBane","Strike_B","Strike_B","Defend_B","Defend_B","Defend_B","Defend_B","Zap+1","Dualcast+1","Sweeping Beam","Doom and Gloom","Cold Snap","Leap","Defragment","Chaos","Reboot","Barrage","Reinforced Body+1","Defragment+1","BootSequence+1","Genetic Algorithm"],"relics":["Cracked Core","NeowsBlessing","Shuriken","Mummified Hand","Potion Belt","Art of War","Nuclear Battery","Ancient Tea Set","InkBottle"],"acts_visited":["Exordium","TheCity"],"potions_floor_usage":[18,19,21,24,24,24,27],"damage_taken":[{"damage":0,"enemies":"2 Louse","floor":1,"turns":1},{"damage":0,"enemies":"Cultist","floor":5,"turns":1},{"damage":0,"enemies":"Gremlin Nob","floor":7,"turns":1},{"damage":12,"enemies":"Small Slimes","floor":10,"turns":2},{"damage":12,"enemies":"Looter","floor":11,"turns":3},{"damage":0,"enemies":"2 Fungi Beasts","floor":13,"turns":2},{"damage":21,"enemies":"Lagavulin","floor":14,"turns":6},{"damage":13,"enemies":"The Guardian","floor":16,"turns":11},{"damage":17,"enemies":"3 Byrds","floor":18,"turns":4},{"damage":25,"enemies":"Shell Parasite","floor":19,"turns":6},{"damage":12,"enemies":"Snake Plant","floor":21,"turns":5},{"damage":23,"enemies":"Book of Stabbing","floor":24,"turns":5},{"damage":1,"enemies":"Snecko","floor":25,"turns":4},{"damage":14,"enemies":"3 Cultists","floor":27,"turns":5},{"damage":40,"enemies":"Chosen and Byrds","floor":29,"turns":5}],"seed_played":"-7951262065093360732","potions_obtained":[{"floor":5,"key":"Fire Potion"},{"floor":11,"key":"Block Potion"},{"floor":16,"key":"Swift Potion"},{"floor":19,"key":"Block Potion"},{"floor":21,"key":"Ancient Potion"},{"floor":24,"key":"ColorlessPotion"}],"is_trial":false,"path_per_floor":["M","?","$","?","M","R","E","R","T","M","M","T","M","E","R","B",null,"M","M","?","M","$","R","E","M","T","M","R","M"],"character_chosen":"DEFECT","items_purchased":["Doom and Gloom","Defragment","Regen Potion","Regen Potion"],"campfire_rested":2,"item_purchase_floors":[3,22,22,22],"current_hp_per_floor":[64,64,64,69,69,69,69,69,69,57,45,45,45,24,46,33,65,48,23,23,11,11,33,44,43,43,29,29,0,0],"gold":110,"neow_bonus":"THREE_ENEMY_KILL","is_daily":false,"chose_seed":false,"campfire_upgraded":3,"win_rate":0.0,"timestamp":1609940497,"path_taken":["M","?","?","?","M","R","E","R","T","M","M","?","M","E","R","BOSS","M","M","?","?","?","R","E","M","T","M","R","?"],"items_purchased_type":["Card","Card","Potion","Potion"],"build_version":"2020-12-22","purchased_purges":0,"victory":false,"max_hp_per_floor":[71,71,71,76,76,76,76,76,76,76,76,76,76,76,76,76,76,76,76,76,76,76,76,76,76,76,76,76,76,76],"card_choices":[{"not_picked":["Compile Driver","Gash"],"picked":"Sweeping Beam","floor":1},{"not_picked":["Coolheaded","Hologram","Conserve Battery"],"picked":"SKIP","floor":5},{"not_picked":["Cold Snap","Stack","Beam Cell"],"picked":"SKIP","floor":7},{"not_picked":["Melter","Machine Learning"],"picked":"Cold Snap","floor":10},{"not_picked":["Redo","FTL"],"picked":"Leap","floor":11},{"not_picked":["Go for the Eyes","Streamline"],"picked":"Defragment","floor":13},{"not_picked":["Steam","Turbo"],"picked":"Chaos","floor":14},{"not_picked":["Creative AI","Meteor Strike"],"picked":"Reboot","floor":16},{"not_picked":["Steam","Ball Lightning"],"picked":"Barrage","floor":18},{"not_picked":["Ball Lightning","Gash","Barrage"],"picked":"SKIP","floor":19},{"not_picked":["Aggregate+1","Coolheaded"],"picked":"Reinforced Body+1","floor":21},{"not_picked":["Conserve Battery+1","Lockon"],"picked":"BootSequence+1","floor":24},{"not_picked":["Rip and Tear","Barrage"],"picked":"Genetic Algorithm","floor":25},{"not_picked":["Go for the Eyes","Hologram+1","Reprogram"],"picked":"SKIP","floor":27}],"player_experience":953451,"relics_obtained":[{"floor":7,"key":"Shuriken"},{"floor":9,"key":"Mummified Hand"},{"floor":12,"key":"Potion Belt"},{"floor":14,"key":"Art of War"},{"floor":24,"key":"Ancient Tea Set"},{"floor":26,"key":"InkBottle"}],"event_choices":[{"cards_removed":["Strike_B"],"damage_healed":0,"gold_gain":0,"player_choice":"Offered Basic","damage_taken":0,"max_hp_gain":0,"max_hp_loss":0,"event_name":"Bonfire Elementals","floor":2,"gold_loss":0},{"damage_healed":0,"gold_gain":0,"player_choice":"Donut","damage_taken":0,"max_hp_gain":5,"max_hp_loss":0,"event_name":"Big Fish","floor":4,"gold_loss":0},{"cards_removed":["Strike_B"],"damage_healed":0,"gold_gain":0,"player_choice":"Purged","damage_taken":0,"max_hp_gain":0,"max_hp_loss":0,"event_name":"Purifier","floor":20,"gold_loss":0}],"is_beta":false,"boss_relics":[{"not_picked":["Tiny House","Sozu"],"picked":"Nuclear Battery"}],"items_purged_floors":[],"is_endless":false,"potions_floor_spawned":[5,11,16,19,21,24],"killed_by":"Chosen and Byrds","ascension_level":19}}