{"host":"f5y45f7z7ziu0smp","time":1609937532,"event":{"mods":["AchievementEnabler","BaseMod","Koishi","Marisa£¨Ùöéë¡¡Øª×âÞÞ£©","Minty Spire (QoL Compilation)","StSLib","SuperFastMode","The Hierophant"],"gold_per_floor":[116,116,69,94,109,109,109,109,109,109,184,216,146,146,146,251,251,267,20,20,39,39,71,71,71,96,96,21,32,32,50,50,147,147,166,13,235,305,138,163,163,163,163,163,163,175,225,225,225,225],"floor_reached":51,"playtime":1034,"items_purged":["FollowUp"],"score":861,"play_id":"fddfa703-804b-4516-9e4b-fe84d3c75cbf","local_time":"20210106215212","daily_mods":["SealedDeck","Vintage","Heirloom","Time Dilation","Flight"],"is_ascension_mode":false,"campfire_choices":[{"data":"FlurryOfBlows","floor":6,"key":"SMITH"},{"data":"Crescendo","floor":8,"key":"SMITH"},{"data":"MentalFortress","floor":15,"key":"SMITH"},{"data":"CutThroughFate","floor":30,"key":"SMITH"},{"data":"ReachHeaven","floor":32,"key":"SMITH"},{"data":"Adaptation","floor":41,"key":"SMITH"},{"data":"1","floor":44,"key":"LIFT"},{"data":"2","floor":45,"key":"LIFT"},{"data":"3","floor":49,"key":"LIFT"}],"circlet_count":0,"master_deck":["TalkToTheHand+1","FollowUp","CutThroughFate","Crescendo+1","CutThroughFate+1","ClearTheMind","ClearTheMind","ReachHeaven+1","FlurryOfBlows+1","MentalFortress+1","Indignation","Adaptation+1","SignatureMove+1","Master of Strategy","InnerPeace+1"],"relics":["PureWater","CaptainsWheel","White Beast Statue","Toy Ornithopter","Orichalcum","Darkstone Periapt","Bird Faced Urn","SlaversCollar","Bronze Scales","Question Card","Tiny Chest","Oddly Smooth Stone","Red Mask","Art of War","InkBottle","Regal Pillow","Smiling Mask","Coffee Dripper","Girya","Orrery","Shuriken","Matryoshka","The Courier","Calipers","Juzu Bracelet","Prayer Wheel"],"acts_visited":["Exordium","TheCity","TheBeyond"],"potions_floor_usage":[16,16,23,29,31,33,50,50,50],"damage_taken":[{"damage":0,"enemies":"Cultist","floor":1,"turns":2},{"damage":0,"enemies":"2 Louse","floor":5,"turns":1},{"damage":0,"enemies":"Lagavulin","floor":12,"turns":2},{"damage":24,"enemies":"Hexaghost","floor":16,"turns":3},{"damage":0,"enemies":"Spheric Guardian","floor":18,"turns":2},{"damage":8,"enemies":"Chosen","floor":21,"turns":2},{"damage":0,"enemies":"Masked Bandits","floor":23,"turns":2},{"damage":0,"enemies":"Centurion and Healer","floor":29,"turns":2},{"damage":0,"enemies":"Snecko","floor":31,"turns":2},{"damage":0,"enemies":"Collector","floor":33,"turns":2},{"damage":0,"enemies":"Orb Walker","floor":35,"turns":2},{"damage":0,"enemies":"Giant Head","floor":40,"turns":2},{"damage":0,"enemies":"3 Darklings","floor":46,"turns":1},{"damage":0,"enemies":"Mind Bloom Boss Battle","floor":47,"turns":1},{"damage":20,"enemies":"Time Eater","floor":50,"turns":3}],"seed_played":"221566722297072856","potions_obtained":[{"floor":5,"key":"PowerPotion"},{"floor":12,"key":"BottledMiracle"},{"floor":16,"key":"Strength Potion"},{"floor":18,"key":"EssenceOfSteel"},{"floor":21,"key":"Strength Potion"},{"floor":23,"key":"LiquidBronze"},{"floor":29,"key":"BottledMiracle"},{"floor":31,"key":"AttackPotion"},{"floor":33,"key":"Strength Potion"}],"is_trial":true,"path_per_floor":["M","?","$","T","M","R","$","R","T","$","?","E","$","?","R","B",null,"M","$","?","M","?","?","$","?","T","T","$","M","R","M","R","B",null,"M","$","?","T","$","E","R","$","T","R","R","M","?","?","R","B",null],"character_chosen":"WATCHER","items_purchased":["FlurryOfBlows","Indignation","Question Card","Orrery","Master of Strategy"],"campfire_rested":0,"item_purchase_floors":[3,13,19,36,39],"current_hp_per_floor":[72,72,72,72,72,72,72,72,72,72,61,61,61,72,72,48,72,72,72,72,64,64,69,69,69,69,69,69,72,72,72,72,72,72,72,72,72,72,72,72,72,72,72,72,72,72,72,72,72,52],"gold":225,"neow_bonus":"","is_daily":false,"chose_seed":false,"campfire_upgraded":6,"win_rate":0.0,"timestamp":1609937532,"path_taken":["M","?","$","?","M","R","$","R","T","$","?","E","?","?","R","BOSS","M","?","?","?","?","?","$","?","T","?","$","?","R","?","R","BOSS","M","$","?","?","$","E","R","$","T","R","R","?","?","?","R","BOSS"],"items_purchased_type":["Card","Card","Relic","Relic","Card"],"build_version":"2020-12-22","purchased_purges":1,"victory":true,"max_hp_per_floor":[72,72,72,72,72,72,72,72,72,72,72,72,72,72,72,72,72,72,72,72,72,72,72,72,72,72,72,72,72,72,72,72,72,72,72,72,72,72,72,72,72,72,72,72,72,72,72,72,72,72],"card_choices":[{"not_picked":["FollowUp","Halt"],"picked":"MentalFortress","floor":12},{"not_picked":["ConjureBlade","BowlingBash","Vengeance"],"picked":"Adaptation","floor":36},{"not_picked":["Collect+1","Sanctity","ClearTheMind"],"picked":"SignatureMove+1","floor":36},{"not_picked":["Evaluate+1","Pray+1","BattleHymn+1","FlyingSleeves+1"],"picked":"SKIP","floor":40},{"not_picked":["Sanctity","ClearTheMind+1","Crescendo+1"],"picked":"InnerPeace+1","floor":47}],"player_experience":79152,"relics_obtained":[{"floor":1,"key":"White Beast Statue"},{"floor":4,"key":"Toy Ornithopter"},{"floor":5,"key":"Orichalcum"},{"floor":9,"key":"Darkstone Periapt"},{"floor":12,"key":"Bird Faced Urn"},{"floor":18,"key":"Bronze Scales"},{"floor":21,"key":"Tiny Chest"},{"floor":23,"key":"Red Mask"},{"floor":26,"key":"Art of War"},{"floor":27,"key":"InkBottle"},{"floor":29,"key":"Regal Pillow"},{"floor":31,"key":"Smiling Mask"},{"floor":35,"key":"Girya"},{"floor":38,"key":"Shuriken"},{"floor":40,"key":"Matryoshka"},{"floor":43,"key":"The Courier"},{"floor":43,"key":"Calipers"},{"floor":46,"key":"Juzu Bracelet"},{"floor":47,"key":"Prayer Wheel"}],"event_choices":[{"damage_healed":0,"gold_gain":0,"cards_transformed":["JustLucky"],"player_choice":"Transformed","damage_taken":0,"max_hp_gain":0,"max_hp_loss":0,"event_name":"Transmorgrifier","floor":2,"gold_loss":0,"cards_obtained":["ReachHeaven"]},{"damage_healed":0,"gold_gain":75,"player_choice":"Gather Gold","damage_taken":11,"max_hp_gain":0,"max_hp_loss":0,"event_name":"World of Goop","floor":11,"gold_loss":0},{"cards_removed":["Vengeance"],"damage_healed":11,"gold_gain":0,"player_choice":"Offered Uncommon","damage_taken":0,"max_hp_gain":0,"max_hp_loss":0,"event_name":"Bonfire Elementals","floor":14,"gold_loss":0},{"damage_healed":0,"gold_gain":0,"player_choice":"Upgraded","damage_taken":0,"max_hp_gain":0,"max_hp_loss":0,"event_name":"Upgrade Shrine","floor":20,"gold_loss":0,"cards_upgraded":["TalkToTheHand"]},{"damage_healed":0,"gold_gain":0,"player_choice":"Opened","damage_taken":0,"relics_obtained":["Oddly Smooth Stone"],"max_hp_gain":0,"max_hp_loss":0,"event_name":"The Mausoleum","floor":22,"gold_loss":0},{"damage_healed":0,"gold_gain":0,"player_choice":"Fought Bandits","damage_taken":0,"max_hp_gain":0,"max_hp_loss":0,"event_name":"Masked Bandits","floor":23,"gold_loss":0},{"damage_healed":0,"gold_gain":0,"player_choice":"Ignored","damage_taken":0,"max_hp_gain":0,"max_hp_loss":0,"event_name":"Vampires","floor":25,"gold_loss":0},{"damage_healed":0,"gold_gain":222,"player_choice":"Wore Mask","damage_taken":0,"max_hp_gain":0,"max_hp_loss":0,"event_name":"Tomb of Lord Red Mask","floor":37,"gold_loss":0},{"damage_healed":0,"gold_gain":0,"player_choice":"Fight","damage_taken":0,"max_hp_gain":0,"max_hp_loss":0,"event_name":"MindBloom","floor":47,"gold_loss":0},{"damage_healed":0,"gold_gain":0,"player_choice":"Memory 1","damage_taken":0,"max_hp_gain":0,"max_hp_loss":0,"event_name":"SensoryStone","floor":48,"gold_loss":0}],"is_beta":false,"boss_relics":[{"not_picked":["Empty Cage","Astrolabe"],"picked":"SlaversCollar"},{"not_picked":["Philosopher\u0027s Stone","Fusion Hammer"],"picked":"Coffee Dripper"}],"items_purged_floors":[28],"is_endless":false,"potions_floor_spawned":[5,12,16,18,21,23,29,31,33,35,40,46,47],"ascension_level":0}}