{"host":"yiit85oc4oi3nqs8","time":1609933102,"event":{"mods":["AchievementEnabler","BaseMod","Better Third Choice","Block Reminder","DeckTracker","Highlight Path","Keyboard Shortcuts","Minty Spire (QoL Compilation)","MonsterHotkey","Quick Restart","Random Character Button","Relic Stats","StSLib"],"gold_per_floor":[109,125,138,215,229,229,229,258,258,258,258,258,284,284,284,300,300,320,320,351,351,378,378,328,343,26,26,26,26,100,100,113,113,128,78,78,28,45,97,97,97,129,129,158,176,176,201,201,201,201,211,211,211,161,161,180,208,221,221,221,296,296,310,310,310,310,310,323,323,323,273,273,307,307,321,348,348,372,372,322,354,304,304,385,385,385,395,414,414,414,414,414,152,182,182],"floor_reached":96,"playtime":3886,"items_purged":["Strike_B","Strike_B","Strike_B","Strike_B","Defend_B","Defend_B","Defend_B+1","Defend_B+1","Sweeping Beam+1"],"score":3047,"play_id":"98c7e542-76e6-4004-ab4d-55ecd6435ce9","local_time":"20210106203822","is_ascension_mode":true,"campfire_choices":[{"floor":11.0,"key":"REST"},{"data":"Zap","floor":12.0,"key":"SMITH"},{"data":"Dualcast","floor":21.0,"key":"SMITH"},{"data":"Hologram","floor":23.0,"key":"SMITH"},{"data":"Hologram","floor":27.0,"key":"SMITH"},{"data":"Conserve Battery","floor":28.0,"key":"SMITH"},{"data":"Loop","floor":29.0,"key":"SMITH"},{"data":"Seek","floor":41.0,"key":"SMITH"},{"data":"Coolheaded","floor":43.0,"key":"SMITH"},{"data":"Self Repair","floor":46.0,"key":"SMITH"},{"floor":48.0,"key":"RECALL"},{"data":"Gash","floor":53.0,"key":"SMITH"},{"data":"Sweeping Beam","floor":55.0,"key":"SMITH"},{"data":"Defend_B","floor":59.0,"key":"SMITH"},{"data":"Defend_B","floor":60.0,"key":"SMITH"},{"data":"Madness","floor":72.0,"key":"SMITH"},{"data":"Madness","floor":74.0,"key":"SMITH"}],"circlet_count":0,"master_deck":["AscendersBane","Zap+1","Dualcast+1","Rebound+1","Hologram+1","Conserve Battery+1","Gash+1","Loop+1","Gash+1","Hologram+1","Seek+1","Self Repair+1","Coolheaded+1","Madness+1","Madness+1","Capacitor+1","Loop"],"relics":["Cracked Core","Blue Candle","Shuriken","Toy Ornithopter","Potion Belt","Unceasing Top","The Courier","HornCleat","Meat on the Bone","Smiling Mask","Runic Capacitor","Tiny Chest","Coffee Dripper","Regal Pillow","FossilizedHelix","Bronze Scales","Whetstone","Pear","StrikeDummy","Ornamental Fan","Akabeko","Sozu","Eternal Feather","InkBottle","Cables","Kunai","Nunchaku","Bag of Preparation","TungstenRod","Calipers","Pantograph","Symbiotic Virus","Mummified Hand","Blood Vial"],"acts_visited":["Exordium","TheCity","TheBeyond","TheEnding"],"potions_floor_usage":[95,95,95],"damage_taken":[{"damage":0.0,"enemies":"Cultist","floor":1.0,"turns":2.0},{"damage":0.0,"enemies":"Small Slimes","floor":2.0,"turns":4.0},{"damage":8.0,"enemies":"2 Louse","floor":3.0,"turns":2.0},{"damage":17.0,"enemies":"Large Slime","floor":5.0,"turns":5.0},{"damage":33.0,"enemies":"Lagavulin","floor":8.0,"turns":8.0},{"damage":0.0,"enemies":"Lots of Slimes","floor":16.0,"turns":1.0},{"damage":3.0,"enemies":"Looter","floor":18.0,"turns":3.0},{"damage":0.0,"enemies":"Gremlin Nob","floor":20.0,"turns":3.0},{"damage":4.0,"enemies":"Large Slime","floor":25.0,"turns":4.0},{"damage":18.0,"enemies":"The Guardian","floor":30.0,"turns":7.0},{"damage":1.0,"enemies":"3 Byrds","floor":32.0,"turns":4.0},{"damage":13.0,"enemies":"Chosen","floor":34.0,"turns":5.0},{"damage":9.0,"enemies":"Centurion and Healer","floor":38.0,"turns":5.0},{"damage":22.0,"enemies":"Gremlin Leader","floor":42.0,"turns":7.0},{"damage":0.0,"enemies":"Slavers","floor":44.0,"turns":5.0},{"damage":0.0,"enemies":"Sentry and Sphere","floor":45.0,"turns":5.0},{"damage":0.0,"enemies":"Gremlin Leader","floor":47.0,"turns":6.0},{"damage":5.0,"enemies":"Shelled Parasite and Fungi","floor":51.0,"turns":4.0},{"damage":0.0,"enemies":"3 Cultists","floor":56.0,"turns":3.0},{"damage":0.0,"enemies":"Book of Stabbing","floor":57.0,"turns":3.0},{"damage":1.0,"enemies":"Snake Plant","floor":58.0,"turns":3.0},{"damage":0.0,"enemies":"Collector","floor":61.0,"turns":6.0},{"damage":1.0,"enemies":"3 Darklings","floor":63.0,"turns":3.0},{"damage":0.0,"enemies":"Orb Walker","floor":68.0,"turns":3.0},{"damage":0.0,"enemies":"Nemesis","floor":73.0,"turns":3.0},{"damage":0.0,"enemies":"Spire Growth","floor":75.0,"turns":3.0},{"damage":0.0,"enemies":"Giant Head","floor":76.0,"turns":4.0},{"damage":0.0,"enemies":"Reptomancer","floor":81.0,"turns":3.0},{"damage":0.0,"enemies":"Sphere and 2 Shapes","floor":87.0,"turns":2.0},{"damage":0.0,"enemies":"Writhing Mass","floor":88.0,"turns":2.0},{"damage":21.0,"enemies":"Time Eater","floor":90.0,"turns":5.0},{"damage":20.0,"enemies":"Shield and Spear","floor":94.0,"turns":4.0},{"damage":32,"enemies":"The Heart","floor":95,"turns":7}],"seed_played":"3625365325550275623","potions_obtained":[{"floor":3.0,"key":"DuplicationPotion"},{"floor":8.0,"key":"DuplicationPotion"},{"floor":25.0,"key":"GamblersBrew"},{"floor":30.0,"key":"FearPotion"},{"floor":32.0,"key":"LiquidBronze"},{"floor":34.0,"key":"LiquidMemories"},{"floor":47.0,"key":"LiquidMemories"},{"floor":56.0,"key":"LiquidMemories"},{"floor":57.0,"key":"GamblersBrew"}],"is_trial":false,"path_per_floor":["M","M","M","T","M","?","?","E","?","?","R","R","T","T","T","M","T","M","?","E","R","T","R","$","M","$","R","R","R","B",null,"M","?","M","$","?","$","M","T","?","R","E","R","E","M","R","E","R","T","T","M","?","R","$","R","M","E","M","R","R","B",null,"M","?","?","T","?","M","?","?","$","R","E","R","M","E","T","T","T","$","E","$","T","?","R","R","M","M","R","B",null,"R","$","E","B",null],"character_chosen":"DEFECT","items_purchased":["Runic Capacitor","Tiny Chest","Mummified Hand"],"campfire_rested":1,"item_purchase_floors":[26,26,93],"current_hp_per_floor":[64,64,56,56,39,39,39,6,6,1,22,22,22,22,22,27,27,24,24,29,29,29,29,29,37,37,37,37,37,31,61,60,60,54,54,54,54,52,52,52,52,49,49,56,63,63,81,81,81,81,81,81,81,81,81,81,81,81,81,81,81,81,81,66,66,66,66,76,76,76,76,81,81,81,81,81,81,81,81,81,81,81,81,81,81,81,81,81,81,70,78,81,81,71,59],"gold":182,"neow_bonus":"THREE_CARDS","is_daily":false,"chose_seed":false,"campfire_upgraded":15,"win_rate":0.0,"timestamp":1609933102,"path_taken":["M","M","M","?","?","?","?","E","?","?","R","R","T","T","T","M","?","M","?","E","R","?","R","$","M","$","R","R","R","BOSS","M","?","?","$","?","$","M","?","?","R","E","R","E","M","R","E","R","T","T","?","?","R","$","R","M","E","M","R","R","BOSS","M","?","?","?","?","?","?","?","?","R","E","R","M","E","T","T","T","$","E","$","?","?","R","R","M","M","R","BOSS","R","$","E","BOSS"],"items_purchased_type":["Relic","Relic","Relic"],"build_version":"2020-12-22","purchased_purges":9,"victory":true,"max_hp_per_floor":[71,71,71,71,71,71,71,71,71,71,71,71,71,71,71,71,71,71,71,71,71,71,71,71,71,71,71,71,71,71,71,71,71,71,71,71,71,71,71,71,71,71,71,71,71,71,81,81,81,81,81,81,81,81,81,81,81,81,81,81,81,81,81,81,81,81,81,81,81,81,81,81,81,81,81,81,81,81,81,81,81,81,81,81,81,81,81,81,81,81,81,81,81,81,81],"relic_stats":{"Regal Pillow":0,"counters":[33,134],"Blue Candle":[16],"Eternal Feather":8,"Bag of Preparation":[12],"Whetstone":["Rebound","Gash"],"Smiling Mask":810,"Cables":[22,6,7,9,0],"Sozu":5,"Blood Vial":2,"Nunchaku":[9],"Shuriken":[81],"Ornamental Fan":[216],"Mummified Hand":[5],"Bronze Scales":[257],"Pantograph":8,"Tiny Chest":3,"Kunai":[25],"obtain_stats":[{"Regal Pillow":39,"Calipers":81,"Runic Capacitor":26,"Bag of Preparation":78,"Whetstone":44,"Smiling Mask":22,"Sozu":62,"Blood Vial":94,"Nunchaku":77,"HornCleat":19,"Mummified Hand":93,"Pantograph":83,"Tiny Chest":26,"Kunai":76,"Cracked Core":0,"InkBottle":67,"Potion Belt":13,"Pear":47,"Blue Candle":4,"Eternal Feather":66,"The Courier":17,"Akabeko":57,"Cables":73,"Shuriken":7,"Ornamental Fan":50,"Bronze Scales":42,"Coffee Dripper":31,"StrikeDummy":49,"Symbiotic Virus":84,"Toy Ornithopter":8,"Unceasing Top":15,"FossilizedHelix":40,"TungstenRod":79,"Meat on the Bone":20},{"Regal Pillow":13,"Calipers":28,"Runic Capacitor":9,"Bag of Preparation":27,"Whetstone":15,"Smiling Mask":8,"Sozu":22,"Blood Vial":32,"Nunchaku":27,"HornCleat":7,"Mummified Hand":31,"Pantograph":28,"Tiny Chest":9,"Kunai":27,"Cracked Core":0,"InkBottle":23,"Potion Belt":5,"Pear":17,"Blue Candle":3,"Eternal Feather":23,"The Courier":6,"Akabeko":20,"Cables":25,"Shuriken":4,"Ornamental Fan":17,"Bronze Scales":14,"Coffee Dripper":10,"StrikeDummy":17,"Symbiotic Virus":28,"Toy Ornithopter":5,"Unceasing Top":5,"FossilizedHelix":13,"TungstenRod":27,"Meat on the Bone":8},{"Regal Pillow":53,"Calipers":114,"Runic Capacitor":32,"Bag of Preparation":111,"Whetstone":65,"Smiling Mask":28,"Sozu":95,"Blood Vial":127,"Nunchaku":111,"HornCleat":25,"Mummified Hand":123,"Pantograph":114,"Tiny Chest":32,"Kunai":111,"Cracked Core":0,"InkBottle":98,"Potion Belt":21,"Pear":76,"Blue Candle":8,"Eternal Feather":98,"The Courier":22,"Akabeko":86,"Cables":104,"Shuriken":13,"Ornamental Fan":76,"Bronze Scales":60,"Coffee Dripper":39,"StrikeDummy":76,"Symbiotic Virus":114,"Toy Ornithopter":21,"Unceasing Top":21,"FossilizedHelix":53,"TungstenRod":111,"Meat on the Bone":28}],"Toy Ornithopter":10,"Unceasing Top":[149],"InkBottle":[39],"TungstenRod":18,"Meat on the Bone":36},"card_choices":[{"not_picked":["Steam","Compile Driver"],"picked":"Rebound","floor":0.0},{"not_picked":["Turbo","Reprogram","Doom and Gloom"],"picked":"SKIP","floor":1.0},{"not_picked":["Rip and Tear","Hologram"],"picked":"Sweeping Beam","floor":2.0},{"not_picked":["Rebound","Reprogram"],"picked":"Hologram","floor":3.0},{"not_picked":["Rebound","Thunder Strike"],"picked":"Conserve Battery","floor":5.0},{"not_picked":["Auto Shields","Go for the Eyes"],"picked":"Gash","floor":8.0},{"not_picked":["Go for the Eyes","BootSequence"],"picked":"Loop","floor":16.0},{"not_picked":["Tempest","Barrage"],"picked":"Gash","floor":18.0},{"not_picked":["Force Field","Ball Lightning","Lockon"],"picked":"SKIP","floor":20.0},{"not_picked":["Turbo","Go for the Eyes"],"picked":"Hologram","floor":25.0},{"not_picked":["Electrodynamics","Hyperbeam"],"picked":"Seek","floor":30.0},{"not_picked":["Sweeping Beam","Barrage"],"picked":"Self Repair","floor":32.0},{"not_picked":["Compile Driver","Stack","Hologram"],"picked":"SKIP","floor":34.0},{"not_picked":["Ball Lightning","Chaos","Biased Cognition"],"picked":"SKIP","floor":38.0},{"not_picked":["Compile Driver","Hologram"],"picked":"Coolheaded","floor":42.0},{"not_picked":["White Noise","Beam Cell","Defragment"],"picked":"SKIP","floor":44.0},{"not_picked":["Ball Lightning+1","Rebound","Steam Power+1"],"picked":"SKIP","floor":45.0},{"not_picked":["Reinforced Body","Meteor Strike","Heatsinks"],"picked":"SKIP","floor":47.0},{"not_picked":["Hologram","Go for the Eyes","Beam Cell"],"picked":"SKIP","floor":51.0},{"not_picked":["Streamline+1","Coolheaded","Rebound"],"picked":"SKIP","floor":56.0},{"not_picked":["Conserve Battery+1","Gash","Skim"],"picked":"SKIP","floor":57.0},{"not_picked":["Streamline+1","Leap","FTL"],"picked":"SKIP","floor":58.0},{"not_picked":["Gash","Rebound","Heatsinks"],"picked":"SKIP","floor":63.0},{"not_picked":["Leap","Conserve Battery","Ball Lightning+1"],"picked":"SKIP","floor":68.0},{"not_picked":["Core Surge","White Noise+1"],"picked":"Capacitor+1","floor":73.0},{"not_picked":["Hologram","Aggregate","Conserve Battery+1"],"picked":"SKIP","floor":75.0},{"not_picked":["Turbo","Leap+1","Go for the Eyes"],"picked":"SKIP","floor":76.0},{"not_picked":["Steam Power","Hologram","Leap"],"picked":"SKIP","floor":81.0},{"not_picked":["Scrape","Ball Lightning","Biased Cognition"],"picked":"SKIP","floor":87.0},{"not_picked":["Ball Lightning+1","Streamline","White Noise"],"picked":"SKIP","floor":88.0},{"not_picked":["Undo","Compile Driver"],"picked":"Loop","floor":94.0}],"player_experience":480478,"relics_obtained":[{"floor":4.0,"key":"Blue Candle"},{"floor":8.0,"key":"Toy Ornithopter"},{"floor":13.0,"key":"Potion Belt"},{"floor":15.0,"key":"Unceasing Top"},{"floor":17.0,"key":"The Courier"},{"floor":19.0,"key":"HornCleat"},{"floor":20.0,"key":"Meat on the Bone"},{"floor":22.0,"key":"Smiling Mask"},{"floor":39.0,"key":"Regal Pillow"},{"floor":40.0,"key":"FossilizedHelix"},{"floor":42.0,"key":"Bronze Scales"},{"floor":44.0,"key":"Whetstone"},{"floor":47.0,"key":"Pear"},{"floor":49.0,"key":"StrikeDummy"},{"floor":50.0,"key":"Ornamental Fan"},{"floor":57.0,"key":"Akabeko"},{"floor":66.0,"key":"Eternal Feather"},{"floor":67.0,"key":"InkBottle"},{"floor":73.0,"key":"Cables"},{"floor":76.0,"key":"Kunai"},{"floor":77.0,"key":"Nunchaku"},{"floor":78.0,"key":"Bag of Preparation"},{"floor":79.0,"key":"TungstenRod"},{"floor":81.0,"key":"Calipers"},{"floor":83.0,"key":"Pantograph"},{"floor":84.0,"key":"Symbiotic Virus"},{"floor":94.0,"key":"Blood Vial"}],"event_choices":[{"damage_healed":0.0,"max_hp_gain":0.0,"max_hp_loss":0.0,"gold_gain":0.0,"event_name":"Dead Adventurer","player_choice":"Searched \u00271\u0027 times","floor":7.0,"gold_loss":0.0,"damage_taken":0.0,"relics_obtained":["Shuriken"]},{"damage_healed":0.0,"max_hp_gain":0.0,"max_hp_loss":0.0,"gold_gain":0.0,"event_name":"Golden Wing","player_choice":"Ignored","floor":9.0,"gold_loss":0.0,"damage_taken":0.0},{"damage_healed":0.0,"max_hp_gain":0.0,"max_hp_loss":0.0,"gold_gain":0.0,"event_name":"betterThird:BetterScrap","player_choice":"LEAVE","floor":10.0,"gold_loss":0.0,"damage_taken":5.0,"cards_obtained":["Power Through"]},{"damage_healed":0.0,"max_hp_gain":0.0,"max_hp_loss":0.0,"gold_gain":0.0,"event_name":"N\u0027loth","player_choice":"Ignored","floor":33.0,"gold_loss":0.0,"damage_taken":0.0},{"damage_healed":0.0,"max_hp_gain":0.0,"max_hp_loss":0.0,"gold_gain":0.0,"event_name":"Ghosts","player_choice":"Ignored","floor":36.0,"gold_loss":0.0,"damage_taken":0.0},{"damage_healed":0.0,"max_hp_gain":0.0,"max_hp_loss":0.0,"gold_gain":0.0,"event_name":"Winding Halls","player_choice":"Embrace Madness","floor":64.0,"gold_loss":0.0,"damage_taken":15.0,"cards_obtained":["Madness","Madness"]},{"damage_healed":0.0,"max_hp_gain":0.0,"max_hp_loss":0.0,"gold_gain":0.0,"event_name":"SensoryStone","player_choice":"Memory 1","floor":65.0,"gold_loss":0.0,"damage_taken":0.0},{"damage_healed":0.0,"max_hp_gain":0.0,"max_hp_loss":0.0,"gold_gain":0.0,"event_name":"Tomb of Lord Red Mask","player_choice":"Ignored","floor":70.0,"gold_loss":0.0,"damage_taken":0.0}],"is_beta":false,"boss_relics":[{"not_picked":["Nuclear Battery","Snecko Eye"],"picked":"Coffee Dripper"},{"not_picked":["Astrolabe","Philosopher\u0027s Stone"],"picked":"Sozu"}],"items_purged_floors":[24,26,35,37,54,71,80,82,93],"is_endless":false,"potions_floor_spawned":[3,8,25,30,32,34,42,47,56,57,63,81,87,88,94],"ascension_level":17}}