{"host":"hcrpk3ks1jn59x6u","time":1609909130,"event":{"mods":["BaseMod","Better Altar","Better Note","Better Sensory Stone","Better Skull","Better Third Choice","BetterRewards","Colored Map","Conspire","Downfall","GifTheSpireLib","Googly Eyes","Halation","Hermit","Highlight Path","Minty Spire (QoL Compilation)","StSLib","Stuff the Spire","The Bug Knight","The Construct","The Hierophant","everything is the same but u backflip on backflip"],"gold_per_floor":[99,114,114,48,59,70,94,94,94,19,53,53,108,12,28,28,28,28],"floor_reached":16,"playtime":1036,"items_purged":[],"score":98,"play_id":"5657f30a-0cd2-4edb-a768-8c69f0658a3b","local_time":"20210106125850","is_ascension_mode":false,"campfire_choices":[{"data":"Slimebound:Split","floor":1,"key":"SMITH"},{"floor":8,"key":"RECALL"},{"data":"Slimebound:RollThrough","floor":10,"key":"SMITH"},{"data":"Slimebound:ViciousTackle","floor":12,"key":"SMITH"}],"circlet_count":0,"master_deck":["Slimebound:Strike_Slimebound","Slimebound:Strike_Slimebound","Slimebound:Strike_Slimebound","Slimebound:Tackle","Slimebound:Defend_Slimebound","Slimebound:Defend_Slimebound","Slimebound:Defend_Slimebound","Slimebound:Defend_Slimebound","Slimebound:Split+1","Slimebound:CorrosiveSpit+1","Slimebound:RollThrough+1","Slimebound:DisruptingSlam","Slimebound:ViciousTackle+1","Slimebound:Schlurp","Slimebound:SpikyOuterGoop","Slimebound:FinishingTackle","Slimebound:TongueLash","Slimebound:PrepareCrush","Slimebound:GrowthPunch"],"relics":["Slimebound:AbsorbEndCombat","halation:AfternoonTea","downfall:HeartBlessingRed","Bag of Marbles","StuffTheSpire:HeavyRock","halation:LostSnail"],"acts_visited":["Exordium"],"potions_floor_usage":[13,13,16,16],"damage_taken":[{"damage":12,"enemies":"Jaw Worm","floor":2,"turns":3},{"damage":16,"enemies":"downfall:FleeingMerchant","floor":4,"turns":4},{"damage":2,"enemies":"Small Slimes","floor":5,"turns":3},{"damage":2,"enemies":"conspire:RoseBush","floor":6,"turns":3},{"damage":21,"enemies":"3 Sentries","floor":11,"turns":5},{"damage":31,"enemies":"Lagavulin Event","floor":13,"turns":4},{"damage":10,"enemies":"downfall:FleeingMerchant","floor":14,"turns":4},{"damage":9,"enemies":"Large Slime","floor":15,"turns":6},{"damage":41,"enemies":"downfall:Silent","floor":16,"turns":4}],"seed_played":"-3371662865237389268","potions_obtained":[{"floor":2,"key":"BlessingOfTheForge"},{"floor":3,"key":"SkillPotion"},{"floor":3,"key":"AttackPotion"},{"floor":13,"key":"Explosive Potion"},{"floor":15,"key":"Slimebound:SlimedPotion"}],"is_trial":false,"path_per_floor":["R","M","?","$","M","M","T","R","?","R","E","R","?","$","M","B"],"character_chosen":"SLIMEBOUND","items_purchased":["Slimebound:ViciousTackle","halation:LostSnail"],"campfire_rested":0,"item_purchase_floors":[4,14],"current_hp_per_floor":[60,60,60,56,56,58,58,58,58,58,51,51,32,34,37,0,0,0],"gold":28,"neow_bonus":"UPGRADE_CARD","is_daily":false,"chose_seed":false,"campfire_upgraded":3,"win_rate":0.0,"timestamp":1609909130,"path_taken":["R","M","?","?","M","M","T","R","?","R","E","R","?","$","M","BOSS"],"items_purchased_type":["Card","Relic"],"build_version":"2020-12-22","purchased_purges":0,"victory":false,"max_hp_per_floor":[60,60,60,60,60,60,60,60,60,60,60,60,60,60,60,60,60,60],"card_choices":[{"not_picked":["Slimebound:ItLooksTasty","Slimebound:PressTheAttack"],"picked":"Slimebound:RollThrough","floor":2},{"not_picked":["Slimebound:SplitAcid","Slimebound:CheckThePlaybook"],"picked":"Slimebound:DisruptingSlam","floor":4},{"not_picked":["Slimebound:LeechEnergy","Slimebound:RollThrough"],"picked":"Slimebound:Schlurp","floor":5},{"not_picked":["Slimebound:LeechEnergy","Slimebound:GoopTackle"],"picked":"Slimebound:SpikyOuterGoop","floor":6},{"not_picked":["Slimebound:SamplingLick","Slimebound:SpikyOuterGoop"],"picked":"Slimebound:FinishingTackle","floor":11},{"not_picked":["Slimebound:Repurpose","Slimebound:SplitAcid"],"picked":"Slimebound:TongueLash","floor":13},{"not_picked":["Slimebound:SplitMire","Slimebound:Prepare"],"picked":"Slimebound:PrepareCrush","floor":14},{"not_picked":["Slimebound:SlimeBrawl","Slimebound:SplitLeeching"],"picked":"Slimebound:GrowthPunch","floor":15}],"player_experience":246560,"relics_obtained":[{"floor":7,"key":"halation:AfternoonTea"},{"floor":11,"key":"Bag of Marbles"},{"floor":13,"key":"StuffTheSpire:HeavyRock"}],"event_choices":[{"damage_healed":0,"gold_gain":0,"player_choice":"Got Potions","damage_taken":0,"max_hp_gain":0,"max_hp_loss":0,"event_name":"Lab","floor":3,"gold_loss":0},{"damage_healed":0,"gold_gain":0,"player_choice":"Leave","damage_taken":0,"max_hp_gain":0,"max_hp_loss":0,"event_name":"conspire:Investor","floor":9,"gold_loss":0}],"is_beta":false,"boss_relics":[],"items_purged_floors":[],"is_endless":false,"potions_floor_spawned":[2,5,13,15],"killed_by":"downfall:Silent","ascension_level":0}}