{"host":"x7n7968bn9ekn290","time":1609977964,"event":{"mods":["AchievementEnabler","BaseMod","Colored Map","Colored Powertips","Googly Eyes","Highlight Path","Minty Spire (QoL Compilation)","Quick Restart","Rare Cards Sparkle","Relic Stats","Spire Birthday Party","slay the spire mod where everything is the same but ironclad has a cowboy hat"],"gold_per_floor":[113,38,48,60,60,85,95,112,112,126,137,137,149,34,34,135,135,146,146,97,97,107,136,136,149,149,149,169,180,180,20,20,117,117,133,153,153,153,153,153,153,184,230,580,580,126,146,146,146],"floor_reached":48,"playtime":1619,"items_purged":[],"score":557,"play_id":"b59e3749-bc23-4a1b-b4d0-1b63d12c1cf9","local_time":"20210106160604","is_ascension_mode":false,"campfire_choices":[{"floor":15,"key":"REST"},{"floor":24,"key":"REST"},{"floor":27,"key":"REST"},{"floor":30,"key":"REST"},{"floor":32,"key":"REST"},{"floor":40,"key":"REST"},{"floor":45,"key":"REST"}],"circlet_count":0,"master_deck":["Survivor","Neutralize","Blade Dance+1","Outmaneuver","Slice","Outmaneuver","Dagger Spray","Dagger Spray","Blade Dance","Heel Hook","Outmaneuver","Adrenaline","Accuracy","Quick Slash","After Image","All Out Attack","Masterful Stab","Blur","Caltrops","Escape Plan","Well Laid Plans","Burst","Bouncing Flask","Wraith Form v2","Die Die Die","Outmaneuver","Bane","Blade Dance","Deadly Poison+1","All Out Attack+1","Blade Dance","Blade Dance","Burst","Burst","Blade Dance+1","Blade Dance","Violence","Writhe","Backstab+1","Dagger Spray","Deadly Poison"],"relics":["Ring of the Snake","Smiling Mask","Anchor","Bottled Flame","Pandora\u0027s Box","Question Card","Du-Vu Doll","Sozu","Paper Crane","Toy Ornithopter","Old Coin","Strawberry","PreservedInsect","OrangePellets"],"acts_visited":["Exordium","TheCity","TheBeyond"],"potions_floor_usage":[6,16,16,23,25,33,47],"damage_taken":[{"damage":1,"enemies":"2 Louse","floor":1,"turns":3},{"damage":0,"enemies":"Small Slimes","floor":3,"turns":4},{"damage":4,"enemies":"Jaw Worm","floor":4,"turns":4},{"damage":20,"enemies":"Gremlin Nob","floor":6,"turns":4},{"damage":10,"enemies":"Looter","floor":7,"turns":4},{"damage":0,"enemies":"Exordium Thugs","floor":8,"turns":3},{"damage":1,"enemies":"Exordium Wildlife","floor":10,"turns":2},{"damage":0,"enemies":"Blue Slaver","floor":11,"turns":3},{"damage":4,"enemies":"Large Slime","floor":13,"turns":5},{"damage":32,"enemies":"Hexaghost","floor":16,"turns":11},{"damage":1,"enemies":"3 Byrds","floor":18,"turns":3},{"damage":0,"enemies":"Chosen","floor":22,"turns":4},{"damage":32,"enemies":"Slavers","floor":23,"turns":5},{"damage":47,"enemies":"Sentry and Sphere","floor":25,"turns":5},{"damage":19,"enemies":"3 Cultists","floor":28,"turns":4},{"damage":0,"enemies":"Cultist and Chosen","floor":29,"turns":4},{"damage":45,"enemies":"Collector","floor":33,"turns":9},{"damage":14,"enemies":"Orb Walker","floor":35,"turns":3},{"damage":36,"enemies":"3 Shapes","floor":36,"turns":4},{"damage":19,"enemies":"Nemesis","floor":42,"turns":5},{"damage":0,"enemies":"Mind Bloom Boss Battle","floor":44,"turns":4},{"damage":56,"enemies":"Spire Growth","floor":47,"turns":4},{"damage":21,"enemies":"Writhing Mass","floor":48,"turns":2}],"seed_played":"-3576224896970951219","potions_obtained":[{"floor":1,"key":"FearPotion"},{"floor":6,"key":"Weak Potion"},{"floor":7,"key":"Energy Potion"},{"floor":11,"key":"SpeedPotion"},{"floor":18,"key":"LiquidBronze"},{"floor":25,"key":"SpeedPotion"},{"floor":28,"key":"SkillPotion"}],"is_trial":false,"path_per_floor":["M","$","M","M","?","E","M","M","T","M","M","?","M","$","R","B",null,"M","?","$","?","M","E","R","M","T","R","M","M","R","$","R","B",null,"M","M","?","?","?","R","?","E","T","?","R","$","M","M"],"character_chosen":"THE_SILENT","items_purchased":["Outmaneuver","Slice","Accuracy","Quick Slash","Bane","Burst","Strawberry","PreservedInsect","OrangePellets"],"campfire_rested":7,"item_purchase_floors":[2,2,14,14,20,31,46,46,46],"current_hp_per_floor":[69,69,69,65,65,45,35,35,35,34,34,34,30,30,51,19,70,69,69,69,69,69,37,58,11,11,32,13,13,34,34,55,10,70,56,20,20,20,20,41,59,40,40,40,61,68,17,0,0],"gold":146,"neow_bonus":"RANDOM_COMMON_RELIC","is_daily":false,"chose_seed":false,"campfire_upgraded":0,"win_rate":0.0,"timestamp":1609977964,"path_taken":["M","$","M","M","?","E","M","M","T","M","M","?","M","?","R","BOSS","M","?","?","?","M","E","R","M","T","R","M","M","R","?","R","BOSS","M","M","?","?","?","R","?","E","T","?","R","?","?","M"],"items_purchased_type":["Card","Card","Card","Card","Card","Card","Relic","Relic","Relic"],"build_version":"2020-12-22","purchased_purges":0,"victory":false,"max_hp_per_floor":[70,70,70,70,70,70,70,70,70,70,70,70,70,70,70,70,70,70,70,70,70,70,70,70,70,70,70,70,70,70,70,70,70,70,70,70,70,70,70,70,70,70,70,70,70,77,77,77,77],"relic_stats":{"Sozu":1,"OrangePellets":[0],"counters":[23,99],"Pandora\u0027s Box":["All Out Attack","Masterful Stab","Blur","Caltrops","Escape Plan","Well Laid Plans","Burst","Bouncing Flask","Wraith Form v2","Die Die Die"],"PreservedInsect":0,"Smiling Mask":0,"Question Card":10,"obtain_stats":[{"PreservedInsect":46,"Paper Crane":42,"Smiling Mask":0,"Question Card":23,"Old Coin":44,"Du-Vu Doll":26,"Sozu":34,"OrangePellets":46,"Anchor":6,"Bottled Flame":9,"Strawberry":46,"Pandora\u0027s Box":17,"Toy Ornithopter":43,"Ring of the Snake":0},{"PreservedInsect":21,"Paper Crane":20,"Smiling Mask":0,"Question Card":13,"Old Coin":21,"Du-Vu Doll":14,"Sozu":17,"OrangePellets":21,"Anchor":4,"Bottled Flame":6,"Strawberry":21,"Pandora\u0027s Box":10,"Toy Ornithopter":20,"Ring of the Snake":0},{"PreservedInsect":93,"Paper Crane":89,"Smiling Mask":0,"Question Card":55,"Old Coin":93,"Du-Vu Doll":60,"Sozu":77,"OrangePellets":93,"Anchor":15,"Bottled Flame":22,"Strawberry":93,"Pandora\u0027s Box":43,"Toy Ornithopter":89,"Ring of the Snake":0}],"Toy Ornithopter":5,"Ring of the Snake":[46]},"card_choices":[{"not_picked":["Escape Plan","Acrobatics"],"picked":"Blade Dance","floor":1},{"not_picked":["Dodge and Roll","Eviscerate"],"picked":"Outmaneuver","floor":3},{"not_picked":["Cloak And Dagger","Bane"],"picked":"Dagger Spray","floor":4},{"not_picked":["Underhanded Strike","Quick Slash"],"picked":"Dagger Spray","floor":6},{"not_picked":["Catalyst","Dodge and Roll"],"picked":"Blade Dance","floor":7},{"not_picked":["Flechettes","Riddle With Holes"],"picked":"Heel Hook","floor":8},{"not_picked":["Well Laid Plans","Dagger Throw","Calculated Gamble"],"picked":"SKIP","floor":10},{"not_picked":["Catalyst","Flying Knee"],"picked":"Outmaneuver","floor":11},{"not_picked":["Deflect","Deadly Poison"],"picked":"Adrenaline","floor":13},{"not_picked":["Die Die Die","Bullet Time"],"picked":"After Image","floor":16},{"not_picked":["Terror","Bane"],"picked":"Outmaneuver","floor":18},{"not_picked":["Outmaneuver+1","Finisher"],"picked":"Deadly Poison+1","floor":22},{"not_picked":["Deflect","Distraction"],"picked":"All Out Attack+1","floor":23},{"not_picked":["Well Laid Plans","Tactician","Deflect"],"picked":"Poisoned Stab","floor":25},{"not_picked":["Leg Sweep","Accuracy","Sucker Punch"],"picked":"Blade Dance","floor":28},{"not_picked":["Skewer","Dodge and Roll","Cloak And Dagger+1"],"picked":"Blade Dance","floor":29},{"not_picked":["Storm of Steel","Tools of the Trade","A Thousand Cuts"],"picked":"Burst","floor":33},{"not_picked":["Backflip","Acrobatics+1","Skewer"],"picked":"Blade Dance+1","floor":35},{"not_picked":["Infinite Blades","Bullet Time","Dagger Throw+1"],"picked":"Blade Dance","floor":36},{"not_picked":["Impatience","Madness","Panache"],"picked":"Violence","floor":39},{"not_picked":["Predator","Dagger Throw+1","Outmaneuver"],"picked":"Backstab+1","floor":42},{"not_picked":["Cloak And Dagger","Choke","Reflex+1"],"picked":"Dagger Spray","floor":44},{"not_picked":["Flying Knee+1","PiercingWail+1","Underhanded Strike+1"],"picked":"Deadly Poison","floor":47}],"player_experience":24470,"relics_obtained":[{"floor":6,"key":"Anchor"},{"floor":9,"key":"Bottled Flame"},{"floor":23,"key":"Question Card"},{"floor":26,"key":"Du-Vu Doll"},{"floor":42,"key":"Paper Crane"},{"floor":43,"key":"Toy Ornithopter"},{"floor":44,"key":"Old Coin"}],"event_choices":[{"damage_healed":0,"gold_gain":0,"player_choice":"Ignored","damage_taken":0,"max_hp_gain":0,"max_hp_loss":0,"event_name":"Shining Light","floor":5,"gold_loss":0},{"damage_healed":0,"gold_gain":0,"player_choice":"Grow","damage_taken":0,"max_hp_gain":0,"max_hp_loss":0,"event_name":"Living Wall","floor":12,"gold_loss":0,"cards_upgraded":["Blade Dance"]},{"damage_healed":0,"gold_gain":0,"player_choice":"Ignored","damage_taken":0,"max_hp_gain":0,"max_hp_loss":0,"event_name":"Ghosts","floor":19,"gold_loss":0},{"damage_healed":0,"gold_gain":0,"player_choice":"Read","damage_taken":0,"max_hp_gain":0,"max_hp_loss":0,"event_name":"The Library","floor":21,"gold_loss":0,"cards_obtained":["Blade Dance"]},{"damage_healed":0,"gold_gain":0,"player_choice":"Ignored","damage_taken":0,"max_hp_gain":0,"max_hp_loss":0,"event_name":"Mysterious Sphere","floor":37,"gold_loss":0},{"cards_removed":["Poisoned Stab"],"damage_healed":0,"gold_gain":0,"player_choice":"Removed Attack","damage_taken":0,"max_hp_gain":0,"max_hp_loss":0,"event_name":"Falling","floor":38,"gold_loss":0},{"damage_healed":0,"gold_gain":0,"player_choice":"Memory 1","damage_taken":0,"max_hp_gain":0,"max_hp_loss":0,"event_name":"SensoryStone","floor":39,"gold_loss":0},{"damage_healed":18,"gold_gain":0,"player_choice":"Writhe","damage_taken":0,"max_hp_gain":0,"max_hp_loss":0,"event_name":"Winding Halls","floor":41,"gold_loss":0,"cards_obtained":["Writhe"]},{"damage_healed":0,"gold_gain":0,"player_choice":"Fight","damage_taken":0,"max_hp_gain":0,"max_hp_loss":0,"event_name":"MindBloom","floor":44,"gold_loss":0}],"is_beta":false,"boss_relics":[{"not_picked":["Runic Dome","Coffee Dripper"],"picked":"Pandora\u0027s Box"},{"not_picked":["Fusion Hammer","Black Star"],"picked":"Sozu"}],"items_purged_floors":[],"is_endless":false,"potions_floor_spawned":[1,6,7,11,13,18,25,28,42],"killed_by":"Writhing Mass","ascension_level":0}}