{"host":"on8kfoejf6vp3cg3","time":1609900843,"event":{"mods":["AchievementEnabler","BaseMod","Better Match","Better Third Choice","Block Reminder","Colored Map","Colored Powertips","Disable Question Mark Monsters","Googly Eyes","Hermit","Highlight Path","Minty Spire (QoL Compilation)","Permanent Neow","Rare Cards Sparkle","Replay The Spire","StSLib","The Blackbeard","The Bladedancer","The Cursed"],"gold_per_floor":[111,127,139,156,123,123,152,184,257,284,314,3,23,33,33,136,136,149,160,173,187,112,147,165,179,206,235,267,293,319,219,219,320,320,338,348,360,379,389,416,434,434,516,526,553,591,634,423,423,423],"floor_reached":51,"playtime":3779,"items_purged":["Prepared","Well Laid Plans"],"score":1516,"play_id":"e70faf52-6bd8-44b5-afa7-da8a86568723","local_time":"20210105214043","daily_mods":["Insanity","Vintage","Heirloom","Time Dilation","Flight"],"is_ascension_mode":true,"campfire_choices":[{"data":"Backstab","floor":6.0,"key":"SMITH"},{"data":"Toxin Wave","floor":15.0,"key":"SMITH"},{"data":"Backstab","floor":32.0,"key":"SMITH"},{"floor":49.0,"key":"REST"}],"circlet_count":0,"master_deck":["Underhanded Strike","Quick Slash+1","Quick Slash","Quick Slash","Dodge and Roll","Poisoned Stab","Poisoned Stab","Backflip","Reflex","Slice+1","Acrobatics","Deflect","Dodge and Roll","Blade Dance","Endless Agony","Deflect","Predator","Dodge and Roll","Backstab+1","Underhanded Strike","Bane","Reflex","Slice","Quick Slash","Quick Slash+1","Sucker Punch","Dagger Throw","Replay:Poison Smokescreen","Hidden Blade","Deflect","Hidden Blade","Quick Slash","Blade Dance","Caltrops","PiercingWail","Blade Dance","Noxious Fumes","Deadly Poison","Underhanded Strike","Quick Slash","Accuracy","Blade Dance","Bane","Toxin Wave+1","Dagger Spray","Backstab+1","Cloak And Dagger","Prepared","Leg Sweep","Infinite Blades+1","Skewer","Cloak And Dagger","Corpse Explosion+1","Distraction+1","Replay:Bag of Tricks+1","Toxin Wave+1","ReplayTheSpireMod:Scrap Shanks","Toxin Wave"],"relics":["Ring of the Snake","Turnip","Basket Of Snakes","Pondfish Scales","Replay:Rubber Ducky","ReplayTheSpireMod:TigerMarble","Bottled Lightning","Golden Egg","Replay:Wax Seal","Eternal Feather","Mummified Hand","Boot","Ninja Scroll","Runic Pyramid","Regal Pillow","Ancient Tea Set","Mirror","Potion Belt","ReplayFunnel","Blue Doll","Tingsha","Strawberry","Akabeko","Pear","Garlic","ChewingGum","Bottled Tornado","Replay:Bottled Eggs","Gremlin Food","Ornamental Fan","Dead Branch","Replay:Ringing Soul","Vampiric Spirits","MawBank","Tough Bandages","Whetstone","Vajra"],"acts_visited":["Exordium","TheCity","TheBeyond"],"potions_floor_usage":[50,50,50,50,50],"damage_taken":[{"damage":0.0,"enemies":"Small Slimes","floor":1.0,"turns":1.0},{"damage":0.0,"enemies":"2 Louse","floor":2.0,"turns":1.0},{"damage":0.0,"enemies":"Cultist","floor":3.0,"turns":1.0},{"damage":0.0,"enemies":"Exordium Wildlife","floor":4.0,"turns":1.0},{"damage":0.0,"enemies":"Gremlin Nob","floor":7.0,"turns":3.0},{"damage":0.0,"enemies":"3 Sentries","floor":8.0,"turns":2.0},{"damage":0.0,"enemies":"Lagavulin","floor":10.0,"turns":3.0},{"damage":11.0,"enemies":"Gremlin Nob","floor":11.0,"turns":2.0},{"damage":4.0,"enemies":"Looter","floor":13.0,"turns":2.0},{"damage":0.0,"enemies":"Blue Slaver","floor":14.0,"turns":1.0},{"damage":0.0,"enemies":"Slime Boss","floor":16.0,"turns":7.0},{"damage":0.0,"enemies":"Shell Parasite","floor":18.0,"turns":1.0},{"damage":0.0,"enemies":"Spheric Guardian","floor":19.0,"turns":3.0},{"damage":0.0,"enemies":"Snake Plant","floor":20.0,"turns":1.0},{"damage":3.0,"enemies":"Centurion and Healer","floor":21.0,"turns":2.0},{"damage":4.0,"enemies":"Replay:Snechameleon","floor":23.0,"turns":2.0},{"damage":6.0,"enemies":"Chosen and Byrds","floor":24.0,"turns":2.0},{"damage":0.0,"enemies":"Shelled Parasite and Fungi","floor":25.0,"turns":2.0},{"damage":10.0,"enemies":"Slavers","floor":27.0,"turns":3.0},{"damage":1.0,"enemies":"Replay:Snechameleon","floor":28.0,"turns":3.0},{"damage":0.0,"enemies":"Book of Stabbing","floor":29.0,"turns":2.0},{"damage":4.0,"enemies":"Slavers","floor":30.0,"turns":2.0},{"damage":0.0,"enemies":"Champ","floor":33.0,"turns":2.0},{"damage":0.0,"enemies":"Orb Walker","floor":35.0,"turns":1.0},{"damage":0.0,"enemies":"3 Darklings","floor":36.0,"turns":1.0},{"damage":0.0,"enemies":"Maw","floor":37.0,"turns":4.0},{"damage":3.0,"enemies":"Sphere and 2 Shapes","floor":38.0,"turns":4.0},{"damage":0.0,"enemies":"Spire Growth","floor":39.0,"turns":2.0},{"damage":6.0,"enemies":"R_Hoarder","floor":40.0,"turns":3.0},{"damage":0.0,"enemies":"Maw","floor":41.0,"turns":4.0},{"damage":0.0,"enemies":"Sphere and 2 Shapes","floor":44.0,"turns":3.0},{"damage":0.0,"enemies":"Giant Head","floor":45.0,"turns":4.0},{"damage":0.0,"enemies":"R_Hoarder","floor":46.0,"turns":3.0},{"damage":0.0,"enemies":"Reptomancer","floor":47.0,"turns":2.0},{"damage":0,"enemies":"Donu and Deca","floor":50,"turns":3}],"seed_played":"5353886330118682289","potions_obtained":[{"floor":7.0,"key":"Swift Potion"},{"floor":8.0,"key":"Energy Potion"},{"floor":10.0,"key":"Dexterity Potion"},{"floor":11.0,"key":"DuplicationPotion"},{"floor":13.0,"key":"SkillPotion"},{"floor":23.0,"key":"EntropicBrew"},{"floor":29.0,"key":"SkillPotion"},{"floor":33.0,"key":"Energy Potion"},{"floor":36.0,"key":"Energy Potion"},{"floor":41.0,"key":"SteroidPotion"},{"floor":47.0,"key":"Explosive Potion"}],"is_trial":true,"path_per_floor":["M","M","M","M","$","R","E","E","T","E","E","$","M","M","R","B",null,"M","M","M","M","$","E","M","M","T","E","E","E","E","$","R","B",null,"M","M","M","M","M","E","M","$","T","M","E","E","E","$","R","B",null],"character_chosen":"THE_SILENT","items_purchased":["Leg Sweep","Mummified Hand","Distraction+1","Vajra","Toxic Potion"],"campfire_rested":1,"item_purchase_floors":[5,12,12,48,48],"current_hp_per_floor":[70,70,70,70,70,70,70,70,70,70,59,59,55,55,70,70,70,70,70,70,67,67,63,57,57,64,54,63,63,59,59,87,87,87,87,87,87,84,84,78,78,78,78,78,87,90,93,93,93,93],"gold":423,"neow_bonus":"","is_daily":false,"chose_seed":false,"campfire_upgraded":3,"win_rate":0.0,"timestamp":1609900843,"path_taken":["M","M","M","M","$","R","E","E","T","E","E","$","M","M","R","BOSS","M","M","M","M","$","E","M","M","T","E","E","E","E","$","R","BOSS","M","M","M","M","M","E","M","$","T","M","E","E","E","$","R","BOSS"],"items_purchased_type":["Card","Relic","Card","Relic","Potion"],"build_version":"2020-12-22","purchased_purges":2,"victory":true,"max_hp_per_floor":[70,70,70,70,70,70,70,70,70,70,70,70,70,70,70,70,70,70,70,70,70,70,70,70,70,77,77,87,87,87,87,87,87,87,87,87,87,87,87,87,87,87,87,87,87,90,93,93,93,93],"card_choices":[{"not_picked":["Hidden Blade","Flechettes"],"picked":"Infinite Blades","floor":7.0},{"not_picked":["Dagger Throw","Slice"],"picked":"Skewer","floor":8.0},{"not_picked":["Endless Agony","Concentrate"],"picked":"Cloak And Dagger","floor":10.0},{"not_picked":["Calculated Gamble","Dagger Spray"],"picked":"Corpse Explosion","floor":11.0},{"not_picked":["Night Terror","Grand Finale"],"picked":"Replay:Bag of Tricks","floor":16.0},{"not_picked":["Backflip","Deadly Poison","Hidden Blade+1"],"picked":"SKIP","floor":23.0},{"not_picked":["Bane","A Thousand Cuts","Hidden Blade"],"picked":"SKIP","floor":27.0},{"not_picked":["Terror","Bane+1","Cloak And Dagger"],"picked":"SKIP","floor":28.0},{"not_picked":["Toxin Wave","Draining Mist","Acrobatics"],"picked":"SKIP","floor":29.0},{"not_picked":["Slice","Crippling Poison","Backflip"],"picked":"SKIP","floor":30.0},{"not_picked":["Slice","Deadly Poison+1"],"picked":"Toxin Wave+1","floor":40.0},{"not_picked":["Flying Knee+1","Underhanded Strike+1","Dagger Throw+1"],"picked":"SKIP","floor":45.0},{"not_picked":["ReplayTheSpireMod:From All Sides","Footwork+1"],"picked":"ReplayTheSpireMod:Scrap Shanks","floor":46.0},{"not_picked":["Dash","Deflect"],"picked":"Toxin Wave","floor":47.0}],"player_experience":410705,"relics_obtained":[{"floor":1.0,"key":"Basket Of Snakes"},{"floor":2.0,"key":"Pondfish Scales"},{"floor":4.0,"key":"Replay:Rubber Ducky"},{"floor":7.0,"key":"ReplayTheSpireMod:TigerMarble"},{"floor":8.0,"key":"Bottled Lightning"},{"floor":9.0,"key":"Golden Egg"},{"floor":10.0,"key":"Replay:Wax Seal"},{"floor":11.0,"key":"Eternal Feather"},{"floor":13.0,"key":"Boot"},{"floor":14.0,"key":"Ninja Scroll"},{"floor":18.0,"key":"Regal Pillow"},{"floor":19.0,"key":"Ancient Tea Set"},{"floor":20.0,"key":"Mirror"},{"floor":21.0,"key":"Potion Belt"},{"floor":23.0,"key":"ReplayFunnel"},{"floor":24.0,"key":"Blue Doll"},{"floor":25.0,"key":"Tingsha"},{"floor":26.0,"key":"Strawberry"},{"floor":27.0,"key":"Akabeko"},{"floor":28.0,"key":"Pear"},{"floor":30.0,"key":"Garlic"},{"floor":35.0,"key":"Bottled Tornado"},{"floor":36.0,"key":"Replay:Bottled Eggs"},{"floor":37.0,"key":"Gremlin Food"},{"floor":40.0,"key":"Ornamental Fan"},{"floor":41.0,"key":"Dead Branch"},{"floor":43.0,"key":"Replay:Ringing Soul"},{"floor":44.0,"key":"Vampiric Spirits"},{"floor":45.0,"key":"MawBank"},{"floor":46.0,"key":"Tough Bandages"},{"floor":47.0,"key":"Whetstone"}],"event_choices":[],"is_beta":false,"boss_relics":[{"not_picked":["Painkiller Herb","Astrolabe"],"picked":"Runic Pyramid"},{"not_picked":["Replay:Grab Bag","Fusion Hammer"],"picked":"ChewingGum"}],"items_purged_floors":[22,31],"is_endless":false,"potions_floor_spawned":[7,8,10,11,13,18,21,23,29,30,33,36,40,41,44,47],"ascension_level":1}}