{"host":"4rvakrj1idbgia3f","time":1609972071,"event":{"mods":["BaseMod","Colored Map","Colored Powertips","DeckTracker","Highlight Path","Minty Spire (QoL Compilation)","Random Character Button","StSLib"],"gold_per_floor":[118,136,154,154,154,154,193,193,193,193,216,141,159,180,180,274,274,287,310,310,331,112,112,152,152,152,176,176,176,201,216,216,310,310,330,330,330,346,346,346,346],"floor_reached":40,"playtime":1374,"items_purged":["Defend_R","Defend_R"],"score":816,"play_id":"85bb3f0d-be59-49da-a1be-d3bbbc8fdf34","local_time":"20210107072751","is_ascension_mode":true,"campfire_choices":[{"data":"Perfected Strike","floor":6,"key":"SMITH"},{"data":"Metallicize","floor":8,"key":"SMITH"},{"data":"Disarm","floor":15,"key":"SMITH"},{"data":"Immolate","floor":23,"key":"SMITH"},{"floor":28,"key":"REST"},{"data":"Evolve","floor":32,"key":"SMITH"}],"circlet_count":0,"master_deck":["AscendersBane","Strike_R+1","Strike_R","Strike_R","Strike_R","Defend_R","Defend_R+1","Bash","Metallicize","Metallicize+1","Perfected Strike+1","Disarm+1","Fire Breathing","Wild Strike","Twin Strike","Immolate+1","Shrug It Off","Burning Pact","Necronomicurse","Shrug It Off","Inflame","Burning Pact","Evolve+1","Fiend Fire","Bandage Up"],"relics":["Burning Blood","Incense Burner","Golden Idol","Sundial","Toy Ornithopter","Mark of Pain","Necronomicon","Membership Card","Juzu Bracelet","Anchor","Coffee Dripper"],"acts_visited":["Exordium","TheCity","TheBeyond"],"potions_floor_usage":[7,18,33],"damage_taken":[{"damage":0,"enemies":"2 Louse","floor":1,"turns":3},{"damage":9,"enemies":"Small Slimes","floor":2,"turns":6},{"damage":4,"enemies":"Jaw Worm","floor":3,"turns":4},{"damage":20,"enemies":"Gremlin Nob","floor":7,"turns":4},{"damage":3,"enemies":"2 Fungi Beasts","floor":11,"turns":5},{"damage":10,"enemies":"Blue Slaver","floor":13,"turns":5},{"damage":0,"enemies":"Large Slime","floor":14,"turns":3},{"damage":15,"enemies":"Hexaghost","floor":16,"turns":10},{"damage":0,"enemies":"Spheric Guardian","floor":18,"turns":1},{"damage":16,"enemies":"3 Byrds","floor":19,"turns":5},{"damage":26,"enemies":"Shelled Parasite and Fungi","floor":21,"turns":4},{"damage":14,"enemies":"Slavers","floor":24,"turns":2},{"damage":12,"enemies":"Snecko","floor":27,"turns":4},{"damage":4,"enemies":"Centurion and Healer","floor":30,"turns":2},{"damage":3,"enemies":"Snake Plant","floor":31,"turns":3},{"damage":11,"enemies":"Collector","floor":33,"turns":8},{"damage":2,"enemies":"3 Shapes","floor":35,"turns":8},{"damage":9,"enemies":"Orb Walker","floor":38,"turns":3},{"damage":62,"enemies":"Reptomancer","floor":40,"turns":2}],"seed_played":"-2057899573498307931","potions_obtained":[{"floor":1,"key":"Strength Potion"},{"floor":2,"key":"Fire Potion"},{"floor":14,"key":"Fire Potion"},{"floor":21,"key":"Dexterity Potion"},{"floor":31,"key":"AttackPotion"}],"is_trial":false,"path_per_floor":["M","M","M","?","?","R","E","R","T","?","M","$","M","M","R","B",null,"M","M","?","M","$","R","E","?","T","M","R","?","M","M","R","B",null,"M","?","?","M","?","E"],"character_chosen":"IRONCLAD","items_purchased":["Membership Card"],"campfire_rested":1,"item_purchase_floors":[22],"current_hp_per_floor":[56,53,55,55,55,55,41,41,41,21,24,24,20,26,26,17,55,66,56,35,15,15,15,7,21,21,15,35,35,37,40,40,40,61,65,65,65,62,62,0,0],"gold":346,"neow_bonus":"ONE_RARE_RELIC","is_daily":false,"chose_seed":false,"campfire_upgraded":5,"win_rate":0.0,"timestamp":1609972071,"path_taken":["M","M","M","?","?","R","E","R","T","?","M","$","M","M","R","BOSS","M","M","?","M","$","R","E","?","T","M","R","?","M","M","R","BOSS","M","?","?","M","?","E"],"items_purchased_type":["Relic"],"build_version":"2020-12-22","purchased_purges":2,"victory":false,"max_hp_per_floor":[75,75,75,68,68,68,68,68,68,68,68,68,68,68,68,68,68,68,68,68,68,68,68,68,68,68,68,68,68,68,68,68,68,68,68,68,68,68,68,68,68],"card_choices":[{"not_picked":["Iron Wave","Headbutt"],"picked":"Metallicize","floor":1},{"not_picked":["Pommel Strike","Flex"],"picked":"Metallicize","floor":2},{"not_picked":["Thunderclap","Blood for Blood"],"picked":"Perfected Strike","floor":3},{"not_picked":["Second Wind","Rage"],"picked":"Disarm","floor":7},{"not_picked":["Sword Boomerang","Body Slam"],"picked":"Fire Breathing","floor":11},{"not_picked":["Body Slam","Anger"],"picked":"Wild Strike","floor":13},{"not_picked":["Clothesline","Reckless Charge"],"picked":"Twin Strike","floor":14},{"not_picked":["Demon Form","Feed"],"picked":"Immolate","floor":16},{"not_picked":["Heavy Blade","Iron Wave"],"picked":"Shrug It Off","floor":18},{"not_picked":["Clash","Wild Strike"],"picked":"Burning Pact","floor":19},{"not_picked":["Juggernaut","Clash"],"picked":"Shrug It Off","floor":21},{"not_picked":["Warcry","Clothesline"],"picked":"Double Tap","floor":24},{"not_picked":["Clash","Armaments","Intimidate"],"picked":"SKIP","floor":27},{"not_picked":["Twin Strike","Combust"],"picked":"Burning Pact","floor":30},{"not_picked":["Inflame+1","True Grit"],"picked":"Evolve","floor":31},{"not_picked":["Barricade","Exhume"],"picked":"Fiend Fire","floor":33},{"not_picked":["Spot Weakness","Warcry","Pummel+1"],"picked":"SKIP","floor":35},{"not_picked":["Forethought","Discovery"],"picked":"Bandage Up","floor":37},{"not_picked":["Ghostly Armor","Sword Boomerang","Anger"],"picked":"SKIP","floor":38}],"player_experience":1956644,"relics_obtained":[{"floor":7,"key":"Sundial"},{"floor":9,"key":"Toy Ornithopter"},{"floor":20,"key":"Necronomicon"},{"floor":24,"key":"Juzu Bracelet"},{"floor":26,"key":"Anchor"}],"event_choices":[{"damage_healed":0,"gold_gain":0,"player_choice":"Lose Max HP","damage_taken":0,"relics_obtained":["Golden Idol"],"max_hp_gain":0,"max_hp_loss":7,"event_name":"Golden Idol","floor":4,"gold_loss":0},{"damage_healed":0,"gold_gain":0,"player_choice":"Ignored","damage_taken":0,"max_hp_gain":0,"max_hp_loss":0,"event_name":"Liars Game","floor":5,"gold_loss":0},{"damage_healed":0,"gold_gain":0,"player_choice":"Entered Light","damage_taken":20,"max_hp_gain":0,"max_hp_loss":0,"event_name":"Shining Light","floor":10,"gold_loss":0,"cards_upgraded":["Strike_R","Defend_R"]},{"damage_healed":0,"gold_gain":0,"player_choice":"Obtained Book","damage_taken":21,"max_hp_gain":0,"max_hp_loss":0,"event_name":"Cursed Tome","floor":20,"gold_loss":0},{"damage_healed":14,"gold_gain":0,"player_choice":"Heal","damage_taken":0,"max_hp_gain":0,"max_hp_loss":0,"event_name":"The Library","floor":25,"gold_loss":0},{"damage_healed":0,"gold_gain":0,"cards_transformed":["Double Tap","Strike_R"],"player_choice":"Became Test Subject","damage_taken":0,"max_hp_gain":0,"max_hp_loss":0,"event_name":"Drug Dealer","floor":29,"gold_loss":0,"cards_obtained":["Inflame","Sever Soul"]},{"damage_healed":0,"gold_gain":0,"player_choice":"Ignored","damage_taken":0,"max_hp_gain":0,"max_hp_loss":0,"event_name":"Tomb of Lord Red Mask","floor":36,"gold_loss":0},{"damage_healed":0,"gold_gain":0,"player_choice":"Memory 1","damage_taken":0,"max_hp_gain":0,"max_hp_loss":0,"event_name":"SensoryStone","floor":37,"gold_loss":0},{"cards_removed":["Sever Soul"],"damage_healed":0,"gold_gain":0,"player_choice":"Removed Attack","damage_taken":0,"max_hp_gain":0,"max_hp_loss":0,"event_name":"Falling","floor":39,"gold_loss":0}],"is_beta":false,"boss_relics":[{"not_picked":["Runic Cube","Busted Crown"],"picked":"Mark of Pain"},{"not_picked":["Calling Bell","Black Star"],"picked":"Coffee Dripper"}],"items_purged_floors":[12,22],"is_endless":false,"potions_floor_spawned":[1,2,14,21,31],"killed_by":"Reptomancer","ascension_level":20}}