{"host":"dmdprxj8bosbz96f","time":1609954969,"event":{"mods":["AchievementEnabler","BaseMod","Colored Map","DeckTracker","Minty Spire (QoL Compilation)","Quick Restart","SuperFastMode","everything is the same but u backflip on backflip"],"gold_per_floor":[113,124,2,21,21,21,38,38,38,56,69,69,84,35,35,35,35],"floor_reached":16,"playtime":283,"items_purged":["Defend_G"],"score":118,"play_id":"860517ef-9d3a-4d04-959d-a4093d9c5d35","local_time":"20210107024249","is_ascension_mode":true,"campfire_choices":[{"data":"Deflect","floor":6.0,"key":"SMITH"},{"floor":15.0,"key":"REST"}],"circlet_count":0,"master_deck":["Strike_G","Strike_G","Strike_G","Strike_G","Strike_G","Defend_G","Defend_G","Survivor","Neutralize","Dagger Throw","Deflect+1","Footwork","Reflex","Prepared","Acrobatics"],"relics":["Ring of the Snake","NeowsBlessing","Incense Burner"],"acts_visited":["Exordium"],"potions_floor_usage":[],"damage_taken":[{"damage":0.0,"enemies":"Jaw Worm","floor":1.0,"turns":1.0},{"damage":0.0,"enemies":"Small Slimes","floor":2.0,"turns":1.0},{"damage":0.0,"enemies":"Cultist","floor":4.0,"turns":1.0},{"damage":13.0,"enemies":"Exordium Thugs","floor":7.0,"turns":6.0},{"damage":18.0,"enemies":"Red Slaver","floor":10.0,"turns":5.0},{"damage":11.0,"enemies":"2 Fungi Beasts","floor":11.0,"turns":4.0},{"damage":0.0,"enemies":"Exordium Wildlife","floor":13.0,"turns":4.0},{"damage":0,"enemies":"Hexaghost","floor":16,"turns":1}],"seed_played":"6999969943118095198","potions_obtained":[{"floor":4.0,"key":"Strength Potion"},{"floor":11.0,"key":"PowerPotion"}],"is_trial":false,"path_per_floor":["M","M","$","M","?","R","M","?","T","M","M","?","M","$","R","B"],"character_chosen":"THE_SILENT","items_purchased":["Deflect","Acrobatics"],"campfire_rested":1,"item_purchase_floors":[3,14],"current_hp_per_floor":[70,70,70,70,70,70,57,57,57,39,28,28,28,28,49,49,49],"gold":35,"neow_bonus":"THREE_ENEMY_KILL","is_daily":false,"chose_seed":false,"campfire_upgraded":1,"win_rate":0.0,"timestamp":1609954969,"path_taken":["M","M","$","M","?","R","M","?","T","M","?","?","M","$","R","BOSS"],"items_purchased_type":["Card","Card"],"build_version":"2020-12-22","purchased_purges":1,"victory":false,"max_hp_per_floor":[70,70,70,70,70,70,70,70,70,70,70,70,70,70,70,70,70],"card_choices":[{"not_picked":["Quick Slash","Outmaneuver"],"picked":"Dagger Throw","floor":1.0},{"not_picked":["Blade Dance","Distraction","Poisoned Stab"],"picked":"SKIP","floor":2.0},{"not_picked":["Sucker Punch","Slice","Dodge and Roll"],"picked":"SKIP","floor":4.0},{"not_picked":["Phantasmal Killer","Dodge and Roll","Expertise"],"picked":"SKIP","floor":7.0},{"not_picked":["Dagger Spray","Deadly Poison"],"picked":"Footwork","floor":10.0},{"not_picked":["Sucker Punch","Quick Slash"],"picked":"Reflex","floor":11.0},{"not_picked":["Acrobatics","Infinite Blades"],"picked":"Prepared","floor":13.0}],"player_experience":168588,"relics_obtained":[{"floor":9.0,"key":"Incense Burner"}],"event_choices":[{"cards_removed":["Defend_G"],"damage_healed":0.0,"max_hp_gain":0.0,"max_hp_loss":0.0,"gold_gain":0.0,"event_name":"Living Wall","player_choice":"Forget","floor":5.0,"gold_loss":0.0,"damage_taken":0.0},{"damage_healed":0.0,"max_hp_gain":0.0,"max_hp_loss":0.0,"gold_gain":0.0,"event_name":"Dead Adventurer","player_choice":"Searched \u00270\u0027 times","floor":8.0,"gold_loss":0.0,"damage_taken":0.0},{"cards_removed":["Defend_G"],"damage_healed":0.0,"max_hp_gain":0.0,"max_hp_loss":0.0,"gold_gain":0.0,"event_name":"Purifier","player_choice":"Purged","floor":12.0,"gold_loss":0.0,"damage_taken":0.0}],"is_beta":false,"boss_relics":[],"items_purged_floors":[3],"is_endless":false,"potions_floor_spawned":[4,11],"killed_by":"Hexaghost","ascension_level":5}}