{"host":"9som2zyqy2qnw00t","time":1609894025,"event":{"mods":["BaseMod","Colored Map","Colored Powertips","Downfall","Googly Eyes","Highlight Path","Minty Spire (QoL Compilation)","StSLib"],"gold_per_floor":[118,293,293,314,334,369,369,389,389,389,410,423,423,1,1,129,129,145,244,144,157,157,157,6,6,32,32,46,82,96,115,115,241,241,265,283,298,321,384,427,427,460,460,460,475,494,494,519,519,519],"floor_reached":51,"playtime":2743,"items_purged":["Doubt","Zap"],"score":997,"play_id":"09ffc6f2-ace2-435a-9f8e-5cee9a1b9442","local_time":"20210105184705","is_ascension_mode":true,"campfire_choices":[{"floor":10,"key":"REST"},{"floor":13,"key":"REST"},{"floor":15,"key":"REST"},{"data":"Hyperbeam","floor":23,"key":"SMITH"},{"data":"All For One","floor":25,"key":"SMITH"},{"data":"Beam Cell","floor":27,"key":"SMITH"},{"data":"Coolheaded","floor":32,"key":"SMITH"},{"floor":41,"key":"RECALL"},{"floor":44,"key":"REST"},{"data":"Creative AI","floor":49,"key":"SMITH"}],"circlet_count":0,"master_deck":["Strike_B","Strike_B","Strike_B","Strike_B","Defend_B","Defend_B","Defend_B","Defend_B","Dualcast","Hyperbeam+1","Beam Cell+1","Coolheaded+1","Gash","FTL","Gash","Gash","All For One+1","Beam Cell+1","Gash","FTL","Buffer","CurseOfTheBell","Hologram+1","Coolheaded+1","Creative AI+1"],"relics":["Cracked Core","Golden Idol","Singing Bowl","Matryoshka","White Beast Statue","Gremlin Horn","ClockworkSouvenir","Happy Flower","Nuclear Battery","InkBottle","DollysMirror","Lantern","Art of War","Vajra","Calling Bell","Potion Belt","HornCleat","Calipers","Bird Faced Urn","Omamori","Bronze Scales","Kunai"],"acts_visited":["Exordium","TheCity","TheBeyond"],"potions_floor_usage":[4,16,18,28,30,33,35,37,39,40,42,42,47,50,50,50,50],"damage_taken":[{"damage":0,"enemies":"2 Louse","floor":1,"turns":1},{"damage":2,"enemies":"Jaw Worm","floor":4,"turns":3},{"damage":8,"enemies":"Small Slimes","floor":5,"turns":3},{"damage":29,"enemies":"3 Sentries","floor":6,"turns":7},{"damage":9,"enemies":"Exordium Wildlife","floor":8,"turns":2},{"damage":0,"enemies":"2 Fungi Beasts","floor":11,"turns":1},{"damage":18,"enemies":"Red Slaver","floor":12,"turns":3},{"damage":43,"enemies":"Slime Boss","floor":16,"turns":9},{"damage":1,"enemies":"3 Byrds","floor":18,"turns":3},{"damage":2,"enemies":"Chosen","floor":21,"turns":3},{"damage":0,"enemies":"Centurion and Healer","floor":28,"turns":2},{"damage":0,"enemies":"Gremlin Leader","floor":29,"turns":3},{"damage":4,"enemies":"Sentry and Sphere","floor":30,"turns":3},{"damage":0,"enemies":"Snecko","floor":31,"turns":2},{"damage":7,"enemies":"Automaton","floor":33,"turns":4},{"damage":9,"enemies":"3 Darklings","floor":35,"turns":3},{"damage":8,"enemies":"3 Shapes","floor":36,"turns":2},{"damage":0,"enemies":"3 Darklings","floor":37,"turns":3},{"damage":0,"enemies":"Maw","floor":38,"turns":3},{"damage":23,"enemies":"Mind Bloom Boss Battle","floor":39,"turns":3},{"damage":6,"enemies":"Giant Head","floor":40,"turns":5},{"damage":0,"enemies":"Nemesis","floor":42,"turns":3},{"damage":0,"enemies":"Spire Growth","floor":45,"turns":3},{"damage":0,"enemies":"4 Shapes","floor":46,"turns":3},{"damage":0,"enemies":"Writhing Mass","floor":47,"turns":1},{"damage":0,"enemies":"Sphere and 2 Shapes","floor":48,"turns":2},{"damage":54,"enemies":"Awakened One","floor":50,"turns":8}],"seed_played":"-6016560673917483576","potions_obtained":[{"floor":1,"key":"SteroidPotion"},{"floor":8,"key":"hexamod:EctoCoolerPotion"},{"floor":11,"key":"SkillPotion"},{"floor":12,"key":"ColorlessPotion"},{"floor":16,"key":"Regen Potion"},{"floor":18,"key":"Weak Potion"},{"floor":21,"key":"LiquidMemories"},{"floor":28,"key":"Fire Potion"},{"floor":29,"key":"SkillPotion"},{"floor":30,"key":"SneckoOil"},{"floor":33,"key":"Ancient Potion"},{"floor":35,"key":"Fruit Juice"},{"floor":36,"key":"GamblersBrew"},{"floor":37,"key":"LiquidMemories"},{"floor":38,"key":"SteroidPotion"},{"floor":39,"key":"SteroidPotion"},{"floor":40,"key":"GamblersBrew"},{"floor":42,"key":"SmokeBomb"},{"floor":45,"key":"DuplicationPotion"},{"floor":46,"key":"Slimebound:ThreeZeroPotion"},{"floor":48,"key":"PowerPotion"}],"is_trial":false,"path_per_floor":["M","?","?","M","M","E","T","M","T","R","M","M","R","$","R","B",null,"M","?","$","M","?","R","$","R","T","R","M","E","M","M","R","B",null,"M","M","M","M","?","E","R","E","T","R","M","M","M","M","R","B",null],"character_chosen":"DEFECT","items_purchased":["ClockworkSouvenir","Happy Flower","Gash","DollysMirror"],"campfire_rested":4,"item_purchase_floors":[14,14,14,24],"current_hp_per_floor":[75,75,57,55,47,20,20,11,11,34,36,18,41,41,64,21,79,80,80,80,78,78,78,78,78,78,78,80,82,78,80,80,73,87,85,79,79,81,60,54,54,58,58,88,90,90,92,94,94,50],"gold":519,"neow_bonus":"ONE_RANDOM_RARE_CARD","is_daily":false,"chose_seed":false,"campfire_upgraded":5,"win_rate":0.0,"timestamp":1609894025,"path_taken":["M","?","?","M","M","E","?","M","T","R","M","M","R","$","R","BOSS","M","?","$","M","?","R","?","R","T","R","M","E","M","M","R","BOSS","M","M","M","M","?","E","R","E","T","R","M","M","M","M","R","BOSS"],"items_purchased_type":["Relic","Relic","Card","Relic"],"build_version":"2020-12-22","purchased_purges":2,"victory":true,"max_hp_per_floor":[75,75,75,75,75,77,77,77,77,77,79,79,79,79,79,79,79,81,81,81,81,81,81,81,81,81,81,83,85,85,87,87,87,87,94,96,96,98,100,100,100,102,102,102,104,104,104,106,106,106],"card_choices":[{"not_picked":["White Noise","Turbo"],"picked":"Beam Cell","floor":1},{"not_picked":["Blizzard","Sunder"],"picked":"Coolheaded","floor":4},{"not_picked":["Skim","Streamline"],"picked":"Gash","floor":5},{"not_picked":["Steam","Compile Driver","Streamline"],"picked":"Singing Bowl","floor":6},{"not_picked":["Sweeping Beam","Turbo"],"picked":"FTL","floor":8},{"not_picked":["Ball Lightning","Consume","Turbo"],"picked":"Singing Bowl","floor":11},{"not_picked":["Melter","Double Energy"],"picked":"Gash","floor":12},{"not_picked":["Multi-Cast","Core Surge"],"picked":"All For One","floor":16},{"not_picked":["Static Discharge","Leap","Blizzard"],"picked":"Singing Bowl","floor":18},{"not_picked":["Steam","Skim"],"picked":"Beam Cell+1","floor":21},{"not_picked":["Blizzard","Lockon","Sunder"],"picked":"Singing Bowl","floor":28},{"not_picked":["Steam","Streamline","Coolheaded"],"picked":"Singing Bowl","floor":29},{"not_picked":["Rip and Tear","Conserve Battery"],"picked":"FTL","floor":30},{"not_picked":["Sweeping Beam+1","BootSequence","Lockon"],"picked":"Singing Bowl","floor":31},{"not_picked":["Biased Cognition","Multi-Cast"],"picked":"Buffer","floor":33},{"not_picked":["Steam+1","Ball Lightning+1","Recycle"],"picked":"Singing Bowl","floor":35},{"not_picked":["Double Energy+1","Capacitor","Heatsinks"],"picked":"Singing Bowl","floor":36},{"not_picked":["Leap+1","BootSequence"],"picked":"Hologram+1","floor":37},{"not_picked":["Turbo+1","Cold Snap+1","Steam"],"picked":"Singing Bowl","floor":38},{"not_picked":["FTL","Rip and Tear+1","Hologram"],"picked":"Singing Bowl","floor":39},{"not_picked":["Go for the Eyes","Turbo+1"],"picked":"Coolheaded+1","floor":40},{"not_picked":["Force Field+1","Sunder","Compile Driver"],"picked":"Singing Bowl","floor":42},{"not_picked":["Streamline","Sweeping Beam","Consume+1"],"picked":"Singing Bowl","floor":45},{"not_picked":["Skim+1","Beam Cell+1"],"picked":"Creative AI","floor":46},{"not_picked":["Beam Cell","Cold Snap+1","Conserve Battery"],"picked":"Singing Bowl","floor":48}],"player_experience":253551,"relics_obtained":[{"floor":6,"key":"Singing Bowl"},{"floor":7,"key":"Matryoshka"},{"floor":9,"key":"White Beast Statue"},{"floor":9,"key":"Gremlin Horn"},{"floor":26,"key":"Lantern"},{"floor":26,"key":"Art of War"},{"floor":29,"key":"Vajra"},{"floor":34,"key":"Potion Belt"},{"floor":34,"key":"HornCleat"},{"floor":34,"key":"Calipers"},{"floor":39,"key":"Bird Faced Urn"},{"floor":40,"key":"Omamori"},{"floor":42,"key":"Bronze Scales"},{"floor":43,"key":"Kunai"}],"event_choices":[{"damage_healed":0,"gold_gain":175,"player_choice":"AGREE","damage_taken":0,"max_hp_gain":0,"max_hp_loss":0,"event_name":"Liars Game","floor":2,"gold_loss":0,"cards_obtained":["Doubt"]},{"damage_healed":0,"gold_gain":0,"player_choice":"Take Damage","damage_taken":18,"relics_obtained":["Golden Idol"],"max_hp_gain":0,"max_hp_loss":0,"event_name":"Golden Idol","floor":3,"gold_loss":0},{"damage_healed":0,"gold_gain":99,"player_choice":"Stole From Cult","damage_taken":0,"max_hp_gain":0,"max_hp_loss":0,"event_name":"Nest","floor":19,"gold_loss":0},{"damage_healed":0,"gold_gain":0,"player_choice":"Opened","damage_taken":0,"relics_obtained":["InkBottle"],"max_hp_gain":0,"max_hp_loss":0,"event_name":"The Mausoleum","floor":22,"gold_loss":0},{"damage_healed":0,"gold_gain":0,"player_choice":"Fight","damage_taken":0,"max_hp_gain":0,"max_hp_loss":0,"event_name":"MindBloom","floor":39,"gold_loss":0}],"is_beta":false,"boss_relics":[{"not_picked":["Sozu","Inserter"],"picked":"Nuclear Battery"},{"not_picked":["Fusion Hammer","Runic Pyramid"],"picked":"Calling Bell"}],"items_purged_floors":[14,20],"is_endless":false,"potions_floor_spawned":[1,8,11,12,16,18,21,28,29,30,31,33,35,36,37,38,39,40,42,45,46,47,48],"ascension_level":3}}