{"host":"788p3pvxhs5s9n7p","time":1609964859,"event":{"mods":["AchievementEnabler","BaseMod","Downfall","Minty Spire (QoL Compilation)","Replay The Spire","StSLib"],"gold_per_floor":[112,62,82,82,5,30,30,46,46,46,80,5,35,70,70,70,70],"floor_reached":16,"playtime":809,"items_purged":["Strike_R"],"score":122,"play_id":"75f3c1c0-0691-4dbe-96c1-cef35b1c75ac","local_time":"20210106142739","is_ascension_mode":true,"campfire_choices":[],"circlet_count":0,"master_deck":["Strike_R","Strike_R","Strike_R","Strike_R","Defend_R","Defend_R","Defend_R","Bash","sneckomod:Unknown","hexamod:Defend","Exhume+1","Flex","Metallicize+1","Whirlwind+1","Heavy Blade","Uppercut","Corruption"],"relics":["Burning Blood","Replay:Bottled Snecko","Replay:Multitool","Mummified Hand","Omamori","Oddly Smooth Stone","Pantograph"],"acts_visited":["Exordium"],"potions_floor_usage":[6,14,14,16],"damage_taken":[{"damage":5,"enemies":"2 Louse","floor":1,"turns":2},{"damage":0,"enemies":"Small Slimes","floor":3,"turns":3},{"damage":40,"enemies":"3 Sentries","floor":6,"turns":7},{"damage":11,"enemies":"Jaw Worm","floor":8,"turns":2},{"damage":10,"enemies":"Replay:BlueRogue","floor":11,"turns":5},{"damage":21,"enemies":"3 Sentries","floor":14,"turns":4},{"damage":80,"enemies":"Slime Boss","floor":16,"turns":11}],"seed_played":"7325107595372560007","potions_obtained":[{"floor":1,"key":"Swift Potion"},{"floor":6,"key":"champ:CounterPotion"},{"floor":8,"key":"Death Potion"},{"floor":11,"key":"Elixir"},{"floor":14,"key":"Slimebound:ThreeZeroPotion"}],"is_trial":false,"path_per_floor":["M","?","M","?","$","E","R","M","T","R","E","$","?","E","R","B"],"character_chosen":"IRONCLAD","items_purchased":["Whirlwind"],"campfire_rested":0,"item_purchase_floors":[5],"current_hp_per_floor":[80,80,80,77,77,43,67,62,62,80,76,76,76,61,80,0,0],"gold":70,"neow_bonus":"THREE_RARE_CARDS","is_daily":false,"chose_seed":false,"campfire_upgraded":0,"win_rate":0.0,"timestamp":1609964859,"path_taken":["M","?","M","?","$","E","R","M","T","R","E","$","?","E","R","BOSS"],"items_purchased_type":["Card"],"build_version":"2020-12-22","purchased_purges":1,"victory":false,"max_hp_per_floor":[80,80,80,80,80,80,80,80,80,80,80,80,80,80,80,80,80],"card_choices":[{"not_picked":["Corruption","Impervious"],"picked":"Exhume","floor":0},{"not_picked":["Body Slam","True Grit"],"picked":"Flex","floor":1},{"not_picked":["Second Wind","Power Through"],"picked":"Metallicize","floor":3},{"not_picked":["Rupture","Wild Strike"],"picked":"Heavy Blade","floor":6},{"not_picked":["Power Through","Massacre","Blood for Blood"],"picked":"SKIP","floor":8},{"not_picked":["Pommel Strike","Carnage"],"picked":"Uppercut","floor":11},{"not_picked":["Body Slam","Heavy Blade"],"picked":"Corruption","floor":14}],"player_experience":155205,"relics_obtained":[{"floor":6,"key":"Replay:Multitool"},{"floor":9,"key":"Mummified Hand"},{"floor":11,"key":"Omamori"},{"floor":14,"key":"Pantograph"}],"event_choices":[{"cards_removed":["Defend_R"],"damage_healed":0,"gold_gain":0,"player_choice":"Card Removal","damage_taken":0,"max_hp_gain":0,"max_hp_loss":0,"event_name":"The Cleric","floor":2,"gold_loss":50},{"damage_healed":0,"gold_gain":0,"player_choice":"Success","damage_taken":3,"relics_obtained":["Replay:Bottled Snecko"],"max_hp_gain":0,"max_hp_loss":0,"event_name":"Scrap Ooze","floor":4,"gold_loss":0},{"damage_healed":0,"gold_gain":30,"player_choice":"Searched \u00272\u0027 times","damage_taken":0,"relics_obtained":["Oddly Smooth Stone"],"max_hp_gain":0,"max_hp_loss":0,"event_name":"Dead Adventurer","floor":13,"gold_loss":0}],"is_beta":false,"boss_relics":[],"items_purged_floors":[12],"is_endless":false,"potions_floor_spawned":[1,6,8,11,14],"killed_by":"Slime Boss","ascension_level":1}}