{"host":"56ghxnzsglgdq727","time":1609932363,"event":{"mods":["AchievementEnabler","BaseMod","Downfall","Minty Spire (QoL Compilation)","StSLib"],"gold_per_floor":[99,99,109,124,135,145,172,206,206,206,224,240,240,690,708,708,708,708],"floor_reached":16,"playtime":606,"items_purged":[],"score":109,"play_id":"920fde96-1bcd-4d35-8a4d-cb71c38cadb5","local_time":"20210106062603","is_ascension_mode":true,"campfire_choices":[{"data":"champ:MurderStrike","floor":1,"key":"SMITH"},{"data":"champ:Taunt","floor":9,"key":"SMITH"},{"data":"champ:HoldFirm","floor":13,"key":"SMITH"}],"circlet_count":0,"master_deck":["champ:Strike","champ:Strike","champ:Strike","champ:Strike","champ:Defend","champ:Defend","champ:Defend","champ:Defend","champ:Execute","champ:Taunt+1","champ:MurderStrike+1","champ:PreciseThrust","champ:HoldFirm+1","champ:SkillfulDodge","champ:FalseCounter","Slimebound:Icky","Slimebound:Icky","Slimebound:Icky","champ:BringItOn"],"relics":["champ:ChampionCrown","Shuriken","Akabeko","The Courier"],"acts_visited":["Exordium"],"potions_floor_usage":[8,16,16],"damage_taken":[{"damage":30,"enemies":"Cultist","floor":3,"turns":7},{"damage":2,"enemies":"Small Slimes","floor":4,"turns":4},{"damage":5,"enemies":"Jaw Worm","floor":5,"turns":4},{"damage":30,"enemies":"2 Fungi Beasts","floor":6,"turns":5},{"damage":41,"enemies":"Lagavulin","floor":8,"turns":6},{"damage":5,"enemies":"Large Slime","floor":11,"turns":7},{"damage":11,"enemies":"Exordium Thugs","floor":12,"turns":5},{"damage":7,"enemies":"2 Fungi Beasts","floor":15,"turns":5},{"damage":21,"enemies":"downfall:Defect","floor":16,"turns":6}],"seed_played":"4816865870531128654","potions_obtained":[{"floor":3,"key":"champ:TechniquePotion"},{"floor":4,"key":"FairyPotion"},{"floor":11,"key":"SkillPotion"},{"floor":15,"key":"SkillPotion"}],"is_trial":false,"path_per_floor":["R","T","M","M","M","M","T","E","R","?","M","M","R","?","M","B"],"character_chosen":"THE_CHAMP","items_purchased":[],"campfire_rested":0,"item_purchase_floors":[],"current_hp_per_floor":[90,90,63,61,56,36,36,41,41,41,41,35,35,35,28,7,7,7],"gold":708,"neow_bonus":"THREE_RARE_CARDS","is_daily":false,"chose_seed":false,"campfire_upgraded":3,"win_rate":0.0,"timestamp":1609932363,"path_taken":["R","?","?","M","M","M","T","E","R","?","M","M","R","?","M","BOSS"],"items_purchased_type":[],"build_version":"2020-12-22","purchased_purges":0,"victory":false,"max_hp_per_floor":[90,90,90,90,90,90,90,90,90,90,90,90,90,90,90,90,90,90],"card_choices":[{"not_picked":["champ:CrownThrow","champ:SteelEdge"],"picked":"champ:MurderStrike","floor":0},{"not_picked":["champ:StanceDance","champ:TornadoPunch"],"picked":"champ:PreciseThrust","floor":3},{"not_picked":["champ:BerserkersShout","champ:GutPunch","champ:BladeFlurry"],"picked":"SKIP","floor":4},{"not_picked":["champ:IronFortress","champ:GutPunch","champ:FocusedGladiator"],"picked":"SKIP","floor":5},{"not_picked":["champ:PerfectedStrike","champ:StanceDance","champ:ShieldSlam"],"picked":"SKIP","floor":6},{"not_picked":["champ:BladeFlurry","champ:DeathBlow"],"picked":"champ:HoldFirm","floor":8},{"not_picked":["champ:Encircle","champ:Haymaker"],"picked":"champ:SkillfulDodge","floor":11},{"not_picked":["champ:GutPunch","champ:BladeFlurry"],"picked":"champ:FalseCounter","floor":12},{"not_picked":["champ:ShieldSigil","champ:GladiatorStyle"],"picked":"champ:BringItOn","floor":15}],"player_experience":173577,"relics_obtained":[{"floor":2,"key":"Shuriken"},{"floor":7,"key":"Akabeko"},{"floor":8,"key":"The Courier"}],"event_choices":[{"cards_removed":["Shame"],"damage_healed":0,"gold_gain":0,"player_choice":"Forget","damage_taken":0,"max_hp_gain":0,"max_hp_loss":0,"event_name":"Living Wall","floor":10,"gold_loss":0}],"is_beta":false,"boss_relics":[],"items_purged_floors":[],"is_endless":false,"potions_floor_spawned":[3,4,11,15],"killed_by":"downfall:Defect","ascension_level":1}}