{"host":"hve1dyh1ly81yl9f","time":1609957081,"event":{"mods":["BaseMod","Colored Map","DeckTracker","Highlight Path","Keyboard Shortcuts","Minty Spire (QoL Compilation)","Permanent Neow","StSLib","SuperFastMode"],"gold_per_floor":[116,116,127,142,160,160,191,201,255,60,74,74,101,51,51,148,148,167,180,197,215,215,215,242,242,242,253,273,293,293,311,311,413,413,428,443,491,269,286,286,306,325,396,396,396,91,0,18,18,18,18,18,18,45,45,45],"floor_reached":55,"playtime":1814,"items_purged":["Defend_B","Strike_B"],"score":755,"play_id":"cc45bc93-0cb8-4968-84d4-3b44804821c4","local_time":"20210107031801","is_ascension_mode":false,"campfire_choices":[{"floor":6.0,"key":"RECALL"},{"floor":12.0,"key":"REST"},{"floor":15.0,"key":"REST"},{"floor":23.0,"key":"REST"},{"floor":25.0,"key":"REST"},{"floor":30.0,"key":"REST"},{"floor":32.0,"key":"REST"},{"data":"Strike_B","floor":40.0,"key":"PURGE"},{"data":"Strike_B","floor":44.0,"key":"PURGE"},{"floor":49,"key":"REST"},{"data":"Gash","floor":52,"key":"SMITH"}],"circlet_count":0,"master_deck":["Strike_B","Zap","Dualcast","Gash+1","Beam Cell","Gash","Rebound","Steam","Hologram","Rebound","Gash","CurseOfTheBell","Streamline+1","All For One+1","Go for the Eyes+1","Skim","Beam Cell+1","Beam Cell+1","Hologram+1","Rebound+1","Go for the Eyes+1","Gash+1","Go for the Eyes+1","Steam+1","White Noise+1"],"relics":["Cracked Core","Bird Faced Urn","Anchor","Bronze Scales","Bottled Flame","Calling Bell","Ancient Tea Set","Molten Egg 2","Prayer Wheel","Ornamental Fan","DataDisk","Regal Pillow","Empty Cage","Peace Pipe","Lee\u0027s Waffle","Bag of Marbles","Red Mask","Centennial Puzzle"],"acts_visited":["Exordium","TheCity","TheBeyond","TheEnding"],"potions_floor_usage":[50,50,50],"damage_taken":[{"damage":8.0,"enemies":"Jaw Worm","floor":1.0,"turns":3.0},{"damage":0.0,"enemies":"Cultist","floor":3.0,"turns":2.0},{"damage":0.0,"enemies":"Small Slimes","floor":4.0,"turns":2.0},{"damage":7.0,"enemies":"Blue Slaver","floor":5.0,"turns":2.0},{"damage":26.0,"enemies":"3 Sentries","floor":7.0,"turns":6.0},{"damage":16.0,"enemies":"3 Louse","floor":8.0,"turns":3.0},{"damage":8.0,"enemies":"2 Fungi Beasts","floor":11.0,"turns":3.0},{"damage":16.0,"enemies":"Lagavulin","floor":13.0,"turns":4.0},{"damage":0.0,"enemies":"Slime Boss","floor":16.0,"turns":6.0},{"damage":29.0,"enemies":"Shell Parasite","floor":18.0,"turns":5.0},{"damage":0.0,"enemies":"Chosen","floor":19.0,"turns":3.0},{"damage":31.0,"enemies":"3 Cultists","floor":20.0,"turns":5.0},{"damage":20.0,"enemies":"Shelled Parasite and Fungi","floor":21.0,"turns":3.0},{"damage":23.0,"enemies":"Gremlin Leader","floor":24.0,"turns":4.0},{"damage":3.0,"enemies":"Chosen and Byrds","floor":27.0,"turns":4.0},{"damage":17.0,"enemies":"Snake Plant","floor":28.0,"turns":3.0},{"damage":15.0,"enemies":"Snecko","floor":29.0,"turns":4.0},{"damage":8.0,"enemies":"3 Cultists","floor":31.0,"turns":4.0},{"damage":36.0,"enemies":"Collector","floor":33.0,"turns":5.0},{"damage":0.0,"enemies":"Orb Walker","floor":35.0,"turns":2.0},{"damage":14.0,"enemies":"3 Darklings","floor":36.0,"turns":3.0},{"damage":25.0,"enemies":"2 Orb Walkers","floor":37.0,"turns":3.0},{"damage":35.0,"enemies":"Maw","floor":39.0,"turns":7.0},{"damage":20.0,"enemies":"Sphere and 2 Shapes","floor":41.0,"turns":4.0},{"damage":10.0,"enemies":"Spire Growth","floor":42.0,"turns":4.0},{"damage":21,"enemies":"Jaw Worm Horde","floor":48,"turns":3},{"damage":38,"enemies":"Donu and Deca","floor":50,"turns":7},{"damage":70,"enemies":"Shield and Spear","floor":54,"turns":6},{"damage":46,"enemies":"The Heart","floor":55,"turns":2}],"seed_played":"1765964703277866113","potions_obtained":[{"floor":3.0,"key":"SpeedPotion"},{"floor":7.0,"key":"Dexterity Potion"},{"floor":16.0,"key":"SteroidPotion"},{"floor":20.0,"key":"Fire Potion"},{"floor":27.0,"key":"Weak Potion"},{"floor":29.0,"key":"Explosive Potion"},{"floor":33.0,"key":"PotionOfCapacity"},{"floor":35.0,"key":"GamblersBrew"},{"floor":36.0,"key":"Fire Potion"},{"floor":39.0,"key":"SteroidPotion"}],"is_trial":false,"path_per_floor":["M","?","M","M","M","R","E","M","T","$","M","R","E","$","R","B",null,"M","M","M","M","T","R","E","R","T","M","M","M","R","M","R","B",null,"M","M","?","$","M","R","M","M","T","R","?","$","?","M","R","B",null,"R","$","E","B"],"character_chosen":"DEFECT","items_purchased":["Bronze Scales","Rebound","Gash","Lee\u0027s Waffle","Explosive Potion","Bag of Marbles"],"campfire_rested":7,"item_purchase_floors":[10,10,14,38,46,46],"current_hp_per_floor":[60,60,60,60,53,53,27,11,11,11,3,29,13,13,39,39,89,60,60,29,9,9,35,12,38,38,37,22,7,48,42,83,47,89,89,75,50,96,61,61,43,35,35,35,35,35,35,14,57,25,96,96,96,26,0,0],"gold":45,"neow_bonus":"TWENTY_PERCENT_HP_BONUS","is_daily":false,"chose_seed":false,"campfire_upgraded":1,"win_rate":0.0,"timestamp":1609957081,"path_taken":["M","?","M","?","M","R","E","M","T","$","M","R","E","?","R","BOSS","M","M","M","M","?","R","E","R","T","M","M","M","R","M","R","BOSS","M","?","?","$","M","R","M","M","T","R","?","$","?","M","R","BOSS","R","$","E","BOSS"],"items_purchased_type":["Relic","Card","Card","Relic","Potion","Relic"],"build_version":"2020-12-22","purchased_purges":2,"victory":false,"max_hp_per_floor":[89,89,89,89,89,89,89,89,89,89,89,89,89,89,89,89,89,89,89,89,89,89,89,89,89,89,89,89,89,89,89,89,89,89,89,89,89,96,96,96,96,96,96,96,96,96,96,96,96,96,96,96,96,96,96,96],"card_choices":[{"not_picked":["Stack","Skim"],"picked":"Gash","floor":1.0},{"not_picked":["Chill","Chaos"],"picked":"Beam Cell","floor":3.0},{"not_picked":["Melter","Beam Cell"],"picked":"Gash","floor":4.0},{"not_picked":["Melter","Scrape"],"picked":"Rebound","floor":5.0},{"not_picked":["Steam","Streamline","Ball Lightning"],"picked":"SKIP","floor":7.0},{"not_picked":["Streamline","Ball Lightning"],"picked":"Steam","floor":7.0},{"not_picked":["Conserve Battery","Chaos"],"picked":"Hologram","floor":8.0},{"not_picked":["Genetic Algorithm","Sunder","Storm"],"picked":"SKIP","floor":11.0},{"not_picked":["Amplify","Leap","Coolheaded"],"picked":"SKIP","floor":13.0},{"not_picked":["Ball Lightning+1","Beam Cell+1"],"picked":"Streamline+1","floor":18.0},{"not_picked":["Stack","Conserve Battery"],"picked":"All For One+1","floor":18.0},{"not_picked":["Go for the Eyes+1","Force Field"],"picked":"Heatsinks+1","floor":19.0},{"not_picked":["Compile Driver+1","Turbo+1","Cold Snap+1"],"picked":"SKIP","floor":19.0},{"not_picked":["Streamline+1","Capacitor"],"picked":"Go for the Eyes+1","floor":20.0},{"not_picked":["Sweeping Beam+1","Ball Lightning+1","Coolheaded"],"picked":"SKIP","floor":20.0},{"not_picked":["Double Energy","Sweeping Beam+1"],"picked":"Skim","floor":21.0},{"not_picked":["Leap","Chaos","Stack"],"picked":"SKIP","floor":21.0},{"not_picked":["Leap","Sweeping Beam+1","Cold Snap+1"],"picked":"SKIP","floor":24.0},{"not_picked":["Leap","Consume","Sunder+1"],"picked":"SKIP","floor":27.0},{"not_picked":["Streamline+1","Ball Lightning+1","Rip and Tear+1"],"picked":"SKIP","floor":27.0},{"not_picked":["Multi-Cast","Conserve Battery"],"picked":"Beam Cell+1","floor":28.0},{"not_picked":["Hello World","Storm"],"picked":"Beam Cell+1","floor":28.0},{"not_picked":["Compile Driver+1","Doom and Gloom+1"],"picked":"Hologram+1","floor":29.0},{"not_picked":["Self Repair","Melter+1","Barrage+1"],"picked":"SKIP","floor":29.0},{"not_picked":["Ball Lightning+1","Capacitor"],"picked":"Rebound+1","floor":31.0},{"not_picked":["Conserve Battery","Stack","Streamline+1"],"picked":"SKIP","floor":31.0},{"not_picked":["Coolheaded","Redo"],"picked":"Go for the Eyes+1","floor":35.0},{"not_picked":["Conserve Battery+1","Stack+1","Streamline+1"],"picked":"SKIP","floor":35.0},{"not_picked":["Go for the Eyes+1","Fusion+1"],"picked":"Gash+1","floor":36.0},{"not_picked":["Double Energy+1","White Noise+1","Ball Lightning+1"],"picked":"SKIP","floor":36.0},{"not_picked":["Defragment","Steam Power+1"],"picked":"Go for the Eyes+1","floor":37.0},{"not_picked":["Self Repair+1","Conserve Battery+1","Lockon+1"],"picked":"SKIP","floor":39.0},{"not_picked":["Tempest","Creative AI","Capacitor+1"],"picked":"SKIP","floor":39.0},{"not_picked":["Streamline+1","Conserve Battery+1","Turbo+1"],"picked":"SKIP","floor":41.0},{"not_picked":["Melter+1","Sunder+1","Tempest+1"],"picked":"SKIP","floor":41.0},{"not_picked":["Doom and Gloom+1","Chill+1","Recycle+1"],"picked":"SKIP","floor":42.0},{"not_picked":["Cold Snap+1","Coolheaded","Consume+1"],"picked":"SKIP","floor":42.0},{"not_picked":["Doom and Gloom+1","Blizzard+1"],"picked":"Steam+1","floor":48},{"not_picked":["Darkness","Chaos+1"],"picked":"White Noise+1","floor":48},{"not_picked":["Sweeping Beam+1","Rip and Tear+1","Stack+1"],"picked":"SKIP","floor":54}],"player_experience":285458,"relics_obtained":[{"floor":7.0,"key":"Bird Faced Urn"},{"floor":9.0,"key":"Anchor"},{"floor":13.0,"key":"Bottled Flame"},{"floor":17.0,"key":"Ancient Tea Set"},{"floor":17.0,"key":"Molten Egg 2"},{"floor":17.0,"key":"Prayer Wheel"},{"floor":22.0,"key":"Ornamental Fan"},{"floor":24.0,"key":"DataDisk"},{"floor":26.0,"key":"Regal Pillow"},{"floor":37.0,"key":"Peace Pipe"},{"floor":54,"key":"Centennial Puzzle"}],"event_choices":[{"cards_removed":["Defend_B"],"damage_healed":0.0,"max_hp_gain":0.0,"max_hp_loss":0.0,"gold_gain":0.0,"event_name":"Bonfire Elementals","player_choice":"Offered Basic","floor":2.0,"gold_loss":0.0,"damage_taken":0.0},{"damage_healed":0.0,"max_hp_gain":0.0,"max_hp_loss":0.0,"gold_gain":0.0,"event_name":"Mysterious Sphere","player_choice":"Fight","floor":37.0,"gold_loss":0.0,"damage_taken":0.0},{"cards_removed":["Heatsinks"],"damage_healed":0.0,"max_hp_gain":0.0,"max_hp_loss":0.0,"gold_gain":0.0,"event_name":"Falling","player_choice":"Removed Power","floor":45.0,"gold_loss":0.0,"damage_taken":0.0},{"damage_healed":0,"gold_gain":0,"player_choice":"Paid","damage_taken":0,"relics_obtained":["Red Mask"],"max_hp_gain":0,"max_hp_loss":0,"event_name":"Tomb of Lord Red Mask","floor":47,"gold_loss":91}],"is_beta":false,"boss_relics":[{"not_picked":["Velvet Choker","Busted Crown"],"picked":"Calling Bell"},{"not_picked":["Philosopher\u0027s Stone","Sozu"],"picked":"Empty Cage"}],"items_purged_floors":[38,46],"is_endless":false,"potions_floor_spawned":[3,7,16,18,20,27,29,33,35,36,39],"killed_by":"The Heart","ascension_level":0}}