{"host":"nlbr7nnijupf3yfg","time":1609947018,"event":{"mods":["AchievementEnabler","BaseMod","Colored Powertips","DeckTracker","Downfall","Hubris","Marisa????????","Minty Spire (QoL Compilation)","Replay The Spire","StSLib","SuperFastMode"],"gold_per_floor":[112,126,126,86,86,86,103,137,160,235,235,252,252,252,252,357,357,367,367,433,476,486,486,486],"floor_reached":23,"playtime":475,"items_purged":[],"score":191,"play_id":"16431465-1a7e-49da-9772-3d39ee6acb4e","local_time":"20210106103018","is_ascension_mode":false,"campfire_choices":[{"data":"PowerUp","floor":6.0,"key":"SMITH"},{"floor":11.0,"key":"REST"},{"floor":15.0,"key":"REST"}],"circlet_count":0,"master_deck":["Strike_MRS","Strike_MRS","Strike_MRS","Defend_MRS","Defend_MRS","Defend_MRS","Defend_MRS","MasterSpark","UpSweep","JA","MysteriousBeam","MagicChant","PowerUp","PowerUp+1","EnergyRecoil","GalacticHalo","6A","TreasureHunter","DarkMatter+1","WitchOfGreed+1","UnstableBomb+1"],"relics":["MiniHakkero","hubris:Towel","Bag of Preparation","Replay:Rubber Ducky","The Courier","Snecko Eye","SsserpentHead"],"acts_visited":["Exordium","TheCity"],"potions_floor_usage":[23,23],"damage_taken":[{"damage":1.0,"enemies":"Cultist","floor":1.0,"turns":3.0},{"damage":0.0,"enemies":"2 Louse","floor":2.0,"turns":2.0},{"damage":0.0,"enemies":"Small Slimes","floor":7.0,"turns":2.0},{"damage":40.0,"enemies":"Lagavulin","floor":8.0,"turns":4.0},{"damage":10.0,"enemies":"Looter","floor":12.0,"turns":2.0},{"damage":31.0,"enemies":"Slime Boss","floor":16.0,"turns":9.0},{"damage":2.0,"enemies":"Chosen","floor":18.0,"turns":4.0},{"damage":3.0,"enemies":"Spheric Guardian","floor":20.0,"turns":5.0},{"damage":23.0,"enemies":"Snake Plant","floor":21.0,"turns":4.0},{"damage":12.0,"enemies":"Shelled Parasite and Fungi","floor":22.0,"turns":5.0},{"damage":37,"enemies":"Slavers","floor":23,"turns":2}],"seed_played":"4385179775259484603","potions_obtained":[{"floor":1.0,"key":"BlessingOfTheForge"},{"floor":8.0,"key":"DuplicationPotion"},{"floor":12.0,"key":"BottledSpark"}],"is_trial":false,"path_per_floor":["M","M","$","$","?","R","M","E","T","?","R","M","T","?","R","B",null,"M","?","M","M","M","E"],"character_chosen":"MARISA","items_purchased":["PowerUp"],"campfire_rested":2,"item_purchase_floors":[4],"current_hp_per_floor":[74,74,74,74,74,74,74,34,34,23,45,35,35,35,57,26,75,73,73,70,47,35,0,0],"gold":486,"neow_bonus":"ONE_RANDOM_RARE_CARD","is_daily":false,"chose_seed":false,"campfire_upgraded":1,"win_rate":0.0,"timestamp":1609947018,"path_taken":["M","M","?","$","?","R","M","E","T","?","R","M","?","?","R","BOSS","M","?","?","M","M","E"],"items_purchased_type":["Card"],"build_version":"2020-12-22","purchased_purges":0,"victory":false,"max_hp_per_floor":[75,75,75,75,75,75,75,75,75,75,75,75,75,75,75,75,75,75,75,75,75,75,75,75],"card_choices":[{"not_picked":["WitchOfGreed","GalacticHalo"],"picked":"MysteriousBeam","floor":1.0},{"not_picked":["GalacticHalo","Robbery"],"picked":"MagicChant","floor":2.0},{"not_picked":["PowerUp","StarBarrage"],"picked":"EnergyRecoil","floor":7.0},{"not_picked":["EventHorizon","AlicesGift","OpenUniverse"],"picked":"SKIP","floor":8.0},{"not_picked":["Orbital","ManaConvection"],"picked":"GalacticHalo","floor":12.0},{"not_picked":["AbsoluteMagnitude","BlazingStar"],"picked":"TreasureHunter","floor":16.0},{"not_picked":["MilkyWay+1","SuperNova"],"picked":"DarkMatter+1","floor":18.0},{"not_picked":["ChargeUpSpray+1","6A"],"picked":"WitchOfGreed+1","floor":20.0},{"not_picked":["AsteroidBelt","StarlightTyphoon"],"picked":"UnstableBomb+1","floor":21.0},{"not_picked":["MysteriousBeam","ShootingEcho","GravityBeat"],"picked":"SKIP","floor":22.0}],"player_experience":37066,"relics_obtained":[{"floor":8.0,"key":"Bag of Preparation"},{"floor":9.0,"key":"Replay:Rubber Ducky"},{"floor":13.0,"key":"The Courier"}],"event_choices":[{"damage_healed":0.0,"max_hp_gain":0.0,"max_hp_loss":0.0,"gold_gain":75.0,"event_name":"World of Goop","player_choice":"Gather Gold","floor":10.0,"gold_loss":0.0,"damage_taken":11.0},{"damage_healed":0.0,"max_hp_gain":0.0,"max_hp_loss":0.0,"gold_gain":0.0,"cards_transformed":["Strike_MRS"],"event_name":"Transmorgrifier","player_choice":"Transformed","floor":14.0,"gold_loss":0.0,"damage_taken":0.0,"cards_obtained":["6A"]},{"damage_healed":0.0,"max_hp_gain":0.0,"max_hp_loss":0.0,"gold_gain":0.0,"event_name":"FaceTrader","player_choice":"Trade","floor":19.0,"gold_loss":0.0,"damage_taken":0.0,"relics_obtained":["SsserpentHead"]}],"is_beta":false,"boss_relics":[{"not_picked":["Runic Pyramid","Replay:Bronze Core"],"picked":"Snecko Eye"}],"items_purged_floors":[],"is_endless":false,"potions_floor_spawned":[1,8,12,20],"killed_by":"Slavers","ascension_level":0}}