{"host":"9vecvdjkx64cw9bo","time":1609932932,"event":{"mods":["Ascension Unlocker","BaseMod","Custom Start","Keyboard Shortcuts","Minty Spire (QoL Compilation)","Quick Restart","StSLib","SuperFastMode"],"gold_per_floor":[112,37,37,37,60,85,104,116,188,215,115,131,165,176,176,253,253,266,266,60,60,71,71,71,71,71],"floor_reached":25,"playtime":652,"items_purged":["Strike_B","Strike_B","Defend_B"],"score":578,"play_id":"233ebb9d-e6f7-491c-afb8-869c808ac54a","local_time":"20210106203532","is_ascension_mode":true,"campfire_choices":[{"data":"Dualcast","floor":15.0,"key":"SMITH"},{"data":"Coolheaded","floor":23.0,"key":"SMITH"}],"circlet_count":0,"master_deck":["AscendersBane","Strike_B","Defend_B","Defend_B","Zap","Dualcast+1","Ball Lightning","Turbo","Glacier","Compile Driver","Coolheaded+1","FTL","Hologram","Echo Form","Hologram","Capacitor"],"relics":["Cracked Core","NeowsBlessing","MealTicket","PreservedInsect","DataDisk","Question Card","Peace Pipe","Bag of Preparation","Empty Cage"],"acts_visited":["Exordium","TheCity"],"potions_floor_usage":[],"damage_taken":[{"damage":0.0,"enemies":"2 Louse","floor":1.0,"turns":1.0},{"damage":0.0,"enemies":"3 Sentries","floor":6.0,"turns":1.0},{"damage":0.0,"enemies":"Jaw Worm","floor":7.0,"turns":1.0},{"damage":0.0,"enemies":"Cultist","floor":8.0,"turns":3.0},{"damage":0.0,"enemies":"Gremlin Nob","floor":10.0,"turns":3.0},{"damage":7.0,"enemies":"Large Slime","floor":12.0,"turns":4.0},{"damage":9.0,"enemies":"Lagavulin","floor":13.0,"turns":5.0},{"damage":0.0,"enemies":"Looter","floor":14.0,"turns":2.0},{"damage":36.0,"enemies":"The Guardian","floor":16.0,"turns":16.0},{"damage":18.0,"enemies":"Shell Parasite","floor":18.0,"turns":8.0},{"damage":9.0,"enemies":"Chosen","floor":22.0,"turns":8.0},{"damage":0.0,"enemies":"Book of Stabbing","floor":24.0,"turns":1.0},{"damage":25,"enemies":"Shelled Parasite and Fungi","floor":25,"turns":6}],"seed_played":"-1610810290332187541","potions_obtained":[{"floor":7.0,"key":"SmokeBomb"},{"floor":8.0,"key":"Block Potion"}],"is_trial":false,"path_per_floor":["M","$","?","?","T","E","M","M","T","E","$","M","E","M","R","B",null,"M","?","$","?","M","R","E","M"],"character_chosen":"DEFECT","items_purchased":["Capacitor"],"campfire_rested":0,"item_purchase_floors":[20],"current_hp_per_floor":[64,64,64,53,53,53,53,53,53,53,68,61,52,52,52,16,57,39,19,34,34,25,25,25,0,0],"gold":71,"neow_bonus":"THREE_ENEMY_KILL","is_daily":false,"chose_seed":false,"campfire_upgraded":2,"win_rate":0.0,"timestamp":1609932932,"path_taken":["M","$","?","?","?","E","M","M","T","E","$","M","E","?","R","BOSS","M","?","$","?","M","R","E","M"],"items_purchased_type":["Card"],"build_version":"2020-12-22","purchased_purges":3,"victory":false,"max_hp_per_floor":[71,71,71,71,71,71,71,71,71,71,71,71,71,71,71,71,71,71,76,76,76,76,76,76,76,76],"card_choices":[{"not_picked":["Sweeping Beam","Steam Power"],"picked":"Ball Lightning","floor":1.0},{"not_picked":["Barrage","Steam Power"],"picked":"Turbo","floor":6.0},{"not_picked":["FTL","Cold Snap"],"picked":"Glacier","floor":7.0},{"not_picked":["Sunder","Self Repair","Stack"],"picked":"SKIP","floor":8.0},{"not_picked":["Multi-Cast","Stack","Cold Snap"],"picked":"Compile Driver","floor":10.0},{"not_picked":["Conserve Battery","Go for the Eyes","Barrage"],"picked":"Coolheaded","floor":12.0},{"not_picked":["Coolheaded","Consume","Ball Lightning"],"picked":"FTL","floor":13.0},{"not_picked":["Static Discharge","Redo","Streamline"],"picked":"Hologram","floor":14.0},{"not_picked":["Multi-Cast","Seek","Creative AI"],"picked":"Echo Form","floor":16.0},{"not_picked":["Leap","Loop","Gash"],"picked":"Hologram","floor":18.0},{"not_picked":["Go for the Eyes","Sunder+1","Rebound","Turbo+1"],"picked":"SKIP","floor":22.0}],"player_experience":778593,"relics_obtained":[{"floor":5.0,"key":"PreservedInsect"},{"floor":6.0,"key":"DataDisk"},{"floor":9.0,"key":"Question Card"},{"floor":10.0,"key":"Peace Pipe"},{"floor":13.0,"key":"Bag of Preparation"}],"event_choices":[{"damage_healed":0.0,"max_hp_gain":0.0,"max_hp_loss":0.0,"gold_gain":0.0,"event_name":"The Cleric","player_choice":"Leave","floor":3.0,"gold_loss":0.0,"damage_taken":0.0},{"damage_healed":0.0,"max_hp_gain":0.0,"max_hp_loss":0.0,"gold_gain":0.0,"event_name":"Scrap Ooze","player_choice":"Success","floor":4.0,"gold_loss":0.0,"damage_taken":11.0,"relics_obtained":["MealTicket"]},{"damage_healed":0.0,"max_hp_gain":5.0,"max_hp_loss":0.0,"gold_gain":0.0,"event_name":"Forgotten Altar","player_choice":"Shed Blood","floor":19.0,"gold_loss":0.0,"damage_taken":25.0},{"damage_healed":0.0,"max_hp_gain":0.0,"max_hp_loss":0.0,"gold_gain":0.0,"event_name":"Vampires","player_choice":"Ignored","floor":21.0,"gold_loss":0.0,"damage_taken":0.0}],"is_beta":false,"boss_relics":[{"not_picked":["Nuclear Battery","Pandora\u0027s Box"],"picked":"Empty Cage"}],"items_purged_floors":[2,11,20],"is_endless":false,"potions_floor_spawned":[7,8,10,14,16,24],"killed_by":"Shelled Parasite and Fungi","ascension_level":20}}