{"host":"56xwnffi6e9z5l58","time":1609943272,"event":{"mods":["Aspiration","BaseMod","Better Match","Better Note","Better Sensory Stone","BetterRewards","Colored Map","Colored Powertips","Conspire","GifTheSpireLib","Hermit","Highlight Path","Hubris","Infinite Spire","Key Reminder","Minty Spire (QoL Compilation)","Permanent Neow","Quick Restart","Rare Cards Sparkle","Replay The Spire","StSLib","Stuff the Spire","SuperFastMode","Unceasing Turn Reminder"],"gold_per_floor":[14,14,31,51,66,101,101,140,140,166,166,185,185,200,200,274,274,291,291,291],"floor_reached":19,"playtime":482,"items_purged":[],"score":295,"play_id":"ee543ebb-16b7-4d81-89df-83c9a4c21f28","local_time":"20210106222752","is_ascension_mode":true,"campfire_choices":[{"data":"hubris:Ukulele","floor":7,"key":"SMITH"},{"floor":11,"key":"REST"},{"data":"Thunder Strike","floor":13,"key":"SMITH"},{"floor":15,"key":"REST"}],"circlet_count":0,"master_deck":["AscendersBane","Strike_B","Strike_B","Defend_B","Defend_B","Defend_B","Defend_B","Zap","Dualcast","Panic Button","Self Repair","Conserve Battery","Gash","hubris:Ukulele+1","Static Discharge","Rebound","Streamline","Thunder Strike+1","Creative AI","Loop"],"relics":["Cracked Core","Bag of Marbles","conspire:Dentures","conspire:Boomerang","StuffTheSpire:PointBlank","aspiration:FutureDiary"],"acts_visited":["Exordium","TheCity"],"potions_floor_usage":[6,10,16,19],"damage_taken":[{"damage":1,"enemies":"Cultist","floor":1,"turns":3},{"damage":4,"enemies":"Jaw Worm","floor":3,"turns":4},{"damage":2,"enemies":"2 Louse","floor":4,"turns":3},{"damage":20,"enemies":"Large Slime","floor":5,"turns":7},{"damage":21,"enemies":"Lagavulin","floor":6,"turns":6},{"damage":19,"enemies":"conspire:MimicChest","floor":8,"turns":4},{"damage":25,"enemies":"Gremlin Nob","floor":10,"turns":4},{"damage":11,"enemies":"Exordium Thugs","floor":12,"turns":3},{"damage":12,"enemies":"3 Louse","floor":14,"turns":3},{"damage":47,"enemies":"The Guardian","floor":16,"turns":6},{"damage":49,"enemies":"Shell Parasite","floor":18,"turns":5},{"damage":20,"enemies":"3 Byrds","floor":19,"turns":2}],"seed_played":"3358050526317196824","potions_obtained":[{"floor":1,"key":"FearPotion"},{"floor":4,"key":"ColorlessPotion"},{"floor":10,"key":"Toxic Potion"},{"floor":14,"key":"Languid Potion"},{"floor":18,"key":"Elixir"}],"is_trial":false,"path_per_floor":["M","?","M","M","M","E","R","?","T","E","R","M","R","M","R","B",null,"M","M"],"character_chosen":"DEFECT","items_purchased":[],"campfire_rested":2,"item_purchase_floors":[],"current_hp_per_floor":[67,67,70,75,62,48,48,36,36,18,40,36,36,31,53,13,60,18,0,0],"gold":291,"neow_bonus":"REMOVE_TWO","is_daily":false,"chose_seed":false,"campfire_upgraded":2,"win_rate":0.0,"timestamp":1609943272,"path_taken":["M","?","M","M","M","E","R","?","T","E","R","M","R","M","R","BOSS","M","M"],"items_purchased_type":[],"build_version":"2020-12-22","purchased_purges":0,"victory":false,"max_hp_per_floor":[75,75,75,75,75,75,75,75,75,75,75,75,75,75,75,75,75,75,75,75],"card_choices":[{"not_picked":["StuffTheSpire:LoadUp","Coolheaded"],"picked":"Panic Button","floor":1},{"not_picked":["Barrage","Turbo"],"picked":"Conserve Battery","floor":3},{"not_picked":["Beam Cell","Cold Snap"],"picked":"Gash","floor":4},{"not_picked":["Conserve Battery","Cold Snap"],"picked":"hubris:Ukulele","floor":5},{"not_picked":["Stack","Reboot"],"picked":"Static Discharge","floor":6},{"not_picked":["Redo","Leap"],"picked":"Rebound","floor":8},{"not_picked":["Steam","StuffTheSpire:LoadUp"],"picked":"Streamline","floor":10},{"not_picked":["Chill","StuffTheSpire:NuclearReactor"],"picked":"Thunder Strike","floor":12},{"not_picked":["Steam","Leap","BasicCrystalCard"],"picked":"SKIP","floor":14},{"not_picked":["Seek","Electrodynamics"],"picked":"Creative AI","floor":16},{"not_picked":["ReplayTheSpireMod:Reroute Power+1","StuffTheSpire:Plugnplay"],"picked":"Loop","floor":18}],"player_experience":949559,"relics_obtained":[{"floor":6,"key":"Bag of Marbles"},{"floor":8,"key":"conspire:Dentures"},{"floor":9,"key":"conspire:Boomerang"},{"floor":10,"key":"StuffTheSpire:PointBlank"}],"event_choices":[],"is_beta":false,"boss_relics":[{"not_picked":["Astrolabe","hubris:VirtuousBlindfold"],"picked":"aspiration:FutureDiary"}],"items_purged_floors":[],"is_endless":false,"potions_floor_spawned":[1,4,10,14,18],"killed_by":"3 Byrds","ascension_level":13}}