{"host":"j0vzbnzm6n2ctevn","time":1609929580,"event":{"mods":["AchievementEnabler","BaseMod","Better Note","Dota2Spire","Minty Spire (QoL Compilation)","Quick Restart","Shop Mod","Spicy Shops","StSLib"],"gold_per_floor":[109,109,126,126,137,168,168,182,207,207,233,274,51,63,63,196,196,210,259,303,30,30,61,101,101,101,101,101,120,150,150,150],"floor_reached":31,"playtime":1465,"items_purged":["Normality"],"score":267,"play_id":"6615418a-d5e9-45fd-913d-950a0bb0ba33","local_time":"20210106183940","is_ascension_mode":false,"campfire_choices":[{"data":"Beam Cell","floor":7.0,"key":"SMITH"},{"floor":10.0,"key":"REST"},{"floor":15.0,"key":"REST"},{"floor":25,"key":"RECALL"},{"floor":28,"key":"REST"}],"circlet_count":0,"master_deck":["Strike_B","Strike_B","Strike_B","Strike_B","Defend_B","Defend_B","Defend_B","Defend_B","Zap","Secret Technique","Redo","Doom and Gloom","Beam Cell+1","Multi-Cast","Barrage","Barrage","White Noise","Loop","Heatsinks","Meteor Strike","Barrage+1","Static Discharge+1","Core Surge","Hello World","Rip and Tear+1","Recycle","Streamline"],"relics":["Cracked Core","PreservedInsect","Dota2Spire:PowerTreads","Dota2Spire:Vanguard","Dota2Spire:HandOfMidas","Fusion Hammer","Bottled Tornado","Centennial Puzzle","Gremlin Horn"],"acts_visited":["Exordium","TheCity"],"potions_floor_usage":[23,30],"damage_taken":[{"damage":6.0,"enemies":"Jaw Worm","floor":1.0,"turns":4.0},{"damage":0.0,"enemies":"Small Slimes","floor":3.0,"turns":2.0},{"damage":1.0,"enemies":"Cultist","floor":5.0,"turns":4.0},{"damage":26.0,"enemies":"Lagavulin","floor":6.0,"turns":5.0},{"damage":8.0,"enemies":"2 Fungi Beasts","floor":8.0,"turns":3.0},{"damage":27.0,"enemies":"3 Sentries","floor":11.0,"turns":5.0},{"damage":7.0,"enemies":"Large Slime","floor":12.0,"turns":5.0},{"damage":7.0,"enemies":"Blue Slaver","floor":14.0,"turns":3.0},{"damage":31.0,"enemies":"Hexaghost","floor":16.0,"turns":7.0},{"damage":1.0,"enemies":"Chosen","floor":18.0,"turns":4.0},{"damage":15.0,"enemies":"3 Byrds","floor":19.0,"turns":4.0},{"damage":31.0,"enemies":"Centurion and Healer","floor":20.0,"turns":5.0},{"damage":14,"enemies":"Gremlin Leader","floor":23,"turns":4},{"damage":12,"enemies":"Snecko","floor":24,"turns":5},{"damage":36,"enemies":"Snake Plant","floor":29,"turns":3},{"damage":31,"enemies":"Colosseum Slavers","floor":30,"turns":3},{"damage":5,"enemies":"Cultist and Chosen","floor":31,"turns":1}],"seed_played":"-4526068435651116960","potions_obtained":[{"floor":5.0,"key":"FairyPotion"},{"floor":6.0,"key":"FearPotion"},{"floor":12.0,"key":"Explosive Potion"},{"floor":16.0,"key":"Regen Potion"},{"floor":18.0,"key":"PotionOfCapacity"},{"floor":24,"key":"DistilledChaos"},{"floor":29,"key":"BlessingOfTheForge"}],"is_trial":false,"path_per_floor":["M","?","M","?","M","E","R","M","T","R","E","M","$","M","R","B",null,"M","M","M","$","?","E","M","R","T","?","R","M","?","M"],"character_chosen":"DEFECT","items_purchased":["White Noise","Loop","Hello World","Bottled Tornado"],"campfire_rested":3,"item_purchase_floors":[13,13,21,21],"current_hp_per_floor":[69,69,69,51,50,24,24,16,16,38,11,4,4,22,44,13,75,74,59,33,33,75,61,49,49,49,49,71,35,4,0,0],"gold":150,"neow_bonus":"RANDOM_COLORLESS_2","is_daily":false,"chose_seed":false,"campfire_upgraded":1,"win_rate":0.0,"timestamp":1609929580,"path_taken":["M","?","M","?","?","E","R","M","T","R","E","M","$","M","R","BOSS","M","?","M","$","?","E","M","R","T","?","R","M","?","M"],"items_purchased_type":["Card","Card","Card","Relic"],"build_version":"2020-12-22","purchased_purges":1,"victory":false,"max_hp_per_floor":[75,75,75,75,75,75,75,75,75,75,75,75,75,75,75,75,75,75,75,75,75,75,75,75,75,75,75,75,75,75,75,75],"card_choices":[{"not_picked":["Thinking Ahead","Transmutation"],"picked":"Secret Technique","floor":0.0},{"not_picked":["Turbo","Steam"],"picked":"Redo","floor":1.0},{"not_picked":["Rebound","Hologram"],"picked":"Beam Cell","floor":3.0},{"not_picked":["Undo","Turbo"],"picked":"Multi-Cast","floor":5.0},{"not_picked":["Cold Snap","Storm"],"picked":"Barrage","floor":6.0},{"not_picked":["Scrape","Rebound","Darkness"],"picked":"SKIP","floor":8.0},{"not_picked":["Sweeping Beam","Compile Driver"],"picked":"Fusion","floor":11.0},{"not_picked":["Sweeping Beam","Beam Cell"],"picked":"Barrage","floor":12.0},{"not_picked":["Leap","Conserve Battery"],"picked":"Heatsinks","floor":14.0},{"not_picked":["All For One","Biased Cognition"],"picked":"Meteor Strike","floor":16.0},{"not_picked":["Chaos","Go for the Eyes"],"picked":"Barrage+1","floor":18.0},{"not_picked":["Reinforced Body","Go for the Eyes"],"picked":"Static Discharge+1","floor":19.0},{"not_picked":["Ball Lightning+1","Storm"],"picked":"Core Surge","floor":20.0},{"not_picked":["Machine Learning","Beam Cell"],"picked":"Rip and Tear+1","floor":23},{"not_picked":["Barrage","Force Field"],"picked":"Recycle","floor":24},{"not_picked":["Coolheaded","Stack"],"picked":"Streamline","floor":29}],"player_experience":139898,"relics_obtained":[{"floor":6.0,"key":"Dota2Spire:PowerTreads"},{"floor":9.0,"key":"Dota2Spire:Vanguard"},{"floor":11.0,"key":"Dota2Spire:HandOfMidas"},{"floor":23,"key":"Centennial Puzzle"},{"floor":26,"key":"Gremlin Horn"}],"event_choices":[{"damage_healed":0.0,"max_hp_gain":0.0,"max_hp_loss":0.0,"gold_gain":0.0,"cards_transformed":["Dualcast"],"event_name":"Living Wall","player_choice":"Change","floor":2.0,"gold_loss":0.0,"damage_taken":0.0,"cards_obtained":["Doom and Gloom"]},{"damage_healed":0.0,"max_hp_gain":0.0,"max_hp_loss":0.0,"gold_gain":0.0,"event_name":"Scrap Ooze","player_choice":"Success","floor":4.0,"gold_loss":0.0,"damage_taken":18.0,"relics_obtained":["PreservedInsect"]},{"cards_removed":["Fusion"],"damage_healed":42.0,"max_hp_gain":0.0,"max_hp_loss":0.0,"gold_gain":0.0,"event_name":"Bonfire Elementals","player_choice":"Offered Uncommon","floor":22.0,"gold_loss":0.0,"damage_taken":0.0},{"damage_healed":0,"gold_gain":0,"player_choice":"Ignored","damage_taken":0,"max_hp_gain":0,"max_hp_loss":0,"event_name":"betterNote:BetterNote","floor":27,"gold_loss":0,"cards_obtained":["Searing Blow"]},{"damage_healed":0,"gold_gain":0,"player_choice":"Fight","damage_taken":0,"max_hp_gain":0,"max_hp_loss":0,"event_name":"Colosseum","floor":30,"gold_loss":0},{"damage_healed":0,"gold_gain":0,"player_choice":"Fled From Nobs","damage_taken":0,"max_hp_gain":0,"max_hp_loss":0,"event_name":"Colosseum","floor":30,"gold_loss":0}],"is_beta":false,"boss_relics":[{"not_picked":["Runic Pyramid","Coffee Dripper"],"picked":"Fusion Hammer"}],"items_purged_floors":[13],"is_endless":false,"potions_floor_spawned":[5,6,12,16,18,19,24,29],"killed_by":"Cultist and Chosen","ascension_level":0}}