{"host":"rmsq46plbpwfbxcc","time":1609938348,"event":{"mods":["AchievementEnabler","BaseMod","Colored Map","Colored Powertips","DeckTracker","KOR Keyword Fix","Minty Spire (QoL Compilation)","Permanent Neow","Quick Restart","SuperFastMode"],"gold_per_floor":[113,124,139,153,153,153,167,92,173,191,210,236,236,263,263,263,263],"floor_reached":16,"playtime":370,"items_purged":["Defend_G"],"score":188,"play_id":"fdbaba3b-f147-4a57-8149-5ee9363ab647","local_time":"20210106220548","is_ascension_mode":true,"campfire_choices":[{"data":"Neutralize","floor":6,"key":"SMITH"},{"data":"Blade Dance","floor":15,"key":"SMITH"}],"circlet_count":0,"master_deck":["AscendersBane","Strike_G","Strike_G","Strike_G","Defend_G","Defend_G","Survivor","Neutralize+1","Outmaneuver+1","PiercingWail+1","Die Die Die+1","Blade Dance+1"],"relics":["Astrolabe","Darkstone Periapt","Unceasing Top","Potion Belt"],"acts_visited":["Exordium"],"potions_floor_usage":[12,14],"damage_taken":[{"damage":0.0,"enemies":"Small Slimes","floor":1.0,"turns":5.0},{"damage":7.0,"enemies":"Jaw Worm","floor":2.0,"turns":8.0},{"damage":0.0,"enemies":"2 Louse","floor":3.0,"turns":1.0},{"damage":0.0,"enemies":"Lots of Slimes","floor":4.0,"turns":3.0},{"damage":1,"enemies":"2 Fungi Beasts","floor":7,"turns":3},{"damage":11,"enemies":"Red Slaver","floor":10,"turns":6},{"damage":0,"enemies":"Gremlin Gang","floor":11,"turns":1},{"damage":10,"enemies":"3 Sentries","floor":12,"turns":3},{"damage":8,"enemies":"Gremlin Nob","floor":14,"turns":4},{"damage":32,"enemies":"Slime Boss","floor":16,"turns":6}],"seed_played":"-7860803412481190081","potions_obtained":[{"floor":2.0,"key":"LiquidMemories"},{"floor":4.0,"key":"AttackPotion"},{"floor":14,"key":"LiquidMemories"}],"is_trial":false,"path_per_floor":["M","M","M","M","?","R","M","$","T","M","M","E","?","E","R","B"],"character_chosen":"THE_SILENT","items_purchased":[],"campfire_rested":0,"item_purchase_floors":[],"current_hp_per_floor":[63,56,56,56,56,56,55,55,55,44,44,34,39,31,31,0,0],"gold":263,"neow_bonus":"BOSS_RELIC","is_daily":false,"chose_seed":false,"campfire_upgraded":2,"win_rate":0.0,"timestamp":1609938348,"path_taken":["M","M","M","M","?","R","M","$","T","M","M","E","?","E","R","BOSS"],"items_purchased_type":[],"build_version":"2020-12-22","purchased_purges":1,"victory":false,"max_hp_per_floor":[70,70,70,70,70,70,70,70,70,70,70,70,75,75,75,75,75],"card_choices":[{"not_picked":["PiercingWail","Deflect","Dodge and Roll"],"picked":"SKIP","floor":1.0},{"not_picked":["Calculated Gamble","Deflect","Sucker Punch"],"picked":"SKIP","floor":2.0},{"not_picked":["Poisoned Stab","Flying Knee","Slice"],"picked":"SKIP","floor":3.0},{"not_picked":["Deadly Poison","Venomology","Sucker Punch"],"picked":"SKIP","floor":4.0},{"not_picked":["Dagger Throw","Bane","All Out Attack"],"picked":"SKIP","floor":7},{"not_picked":["Bane","Deadly Poison","Deflect"],"picked":"SKIP","floor":10},{"not_picked":["Dagger Throw","Bouncing Flask"],"picked":"Blade Dance","floor":11},{"not_picked":["Flying Knee","Poisoned Stab","Dodge and Roll"],"picked":"SKIP","floor":12},{"not_picked":["All Out Attack","Calculated Gamble","Prepared"],"picked":"SKIP","floor":14}],"player_experience":665130,"relics_obtained":[{"floor":9,"key":"Darkstone Periapt"},{"floor":12,"key":"Unceasing Top"},{"floor":14,"key":"Potion Belt"}],"event_choices":[{"cards_removed":["Defend_G"],"damage_healed":0,"gold_gain":0,"player_choice":"Forget","damage_taken":0,"max_hp_gain":0,"max_hp_loss":0,"event_name":"Living Wall","floor":5,"gold_loss":0},{"damage_healed":0,"gold_gain":0,"player_choice":"Donut","damage_taken":0,"max_hp_gain":5,"max_hp_loss":0,"event_name":"Big Fish","floor":13,"gold_loss":0}],"is_beta":false,"boss_relics":[],"items_purged_floors":[8],"is_endless":false,"potions_floor_spawned":[2,4,14],"killed_by":"Slime Boss","ascension_level":13}}