{"host":"e52c7hvho6xny3hd","time":1609896784,"event":{"mods":["AchievementEnabler","BaseMod","Colored Map","DeckTracker","Minty Spire (QoL Compilation)","Permanent Neow","StSLib"],"gold_per_floor":[214,227,55,55,70,70,85,96,96,131,131],"floor_reached":10,"playtime":351,"items_purged":[],"score":109,"play_id":"ff7b3c61-9046-4703-92f4-41cc67851135","local_time":"20210106103304","is_ascension_mode":true,"campfire_choices":[{"data":"Chill","floor":6,"key":"SMITH"}],"circlet_count":0,"master_deck":["AscendersBane","Strike_B","Strike_B","Strike_B","Strike_B","Defend_B","Defend_B","Defend_B","Defend_B","Zap","Dualcast","Self Repair","Streamline","Chill+1","Core Surge","Leap","Genetic Algorithm","Redo"],"relics":["Cracked Core","InkBottle","Incense Burner"],"acts_visited":["Exordium"],"potions_floor_usage":[],"damage_taken":[{"damage":0,"enemies":"Cultist","floor":1,"turns":3},{"damage":4,"enemies":"Small Slimes","floor":2,"turns":3},{"damage":0,"enemies":"2 Louse","floor":5,"turns":2},{"damage":17,"enemies":"Large Slime","floor":7,"turns":8},{"damage":6,"enemies":"3 Louse","floor":8,"turns":4},{"damage":37,"enemies":"Gremlin Nob","floor":10,"turns":6}],"seed_played":"1245128333811142868","potions_obtained":[{"floor":5,"key":"SpeedPotion"},{"floor":7,"key":"LiquidMemories"}],"is_trial":false,"path_per_floor":["M","M","$","$","M","R","M","M","T","E"],"character_chosen":"DEFECT","items_purchased":["Chill","Core Surge"],"campfire_rested":0,"item_purchase_floors":[3,3],"current_hp_per_floor":[68,71,71,71,71,71,61,62,62,32,32],"gold":131,"neow_bonus":"HUNDRED_GOLD","is_daily":false,"chose_seed":false,"campfire_upgraded":1,"win_rate":0.0,"timestamp":1609896784,"path_taken":["M","M","?","$","M","R","M","M","T","E"],"items_purchased_type":["Card","Card"],"build_version":"2020-12-22","purchased_purges":0,"victory":false,"max_hp_per_floor":[75,75,75,75,75,75,75,75,75,75,75],"card_choices":[{"not_picked":["Sweeping Beam","Streamline"],"picked":"Self Repair","floor":1},{"not_picked":["Double Energy","Loop"],"picked":"Streamline","floor":2},{"not_picked":["Rip and Tear","Turbo"],"picked":"Leap","floor":5},{"not_picked":["Auto Shields","Blizzard"],"picked":"Genetic Algorithm","floor":7},{"not_picked":["Go for the Eyes","Static Discharge"],"picked":"Redo","floor":8}],"player_experience":632330,"relics_obtained":[{"floor":9,"key":"InkBottle"},{"floor":10,"key":"Incense Burner"}],"event_choices":[],"is_beta":false,"boss_relics":[],"items_purged_floors":[],"is_endless":false,"potions_floor_spawned":[5,7,8,10],"killed_by":"Gremlin Nob","ascension_level":11}}