{"host":"Squid","time":1609891730,"event":{"mods":["BaseMod","Minty Spire (QoL Compilation)","StSLib","The Marked"],"gold_per_floor":[115,126,126,301,29,29,55,55,81,81,81,97,97,108,108,210,210,221,221,232,248,261,287,24,52,52,52,85,103,114,127,127,127,127],"floor_reached":33,"playtime":1834,"items_purged":["Doubt"],"score":307,"play_id":"db220a96-39c6-4ad9-b7c1-8aafe5432e2e","local_time":"20210105190850","is_ascension_mode":false,"campfire_choices":[{"data":"theMarked:Abjuration","floor":6.0,"key":"SMITH"},{"data":"theMarked:SelfDefenseTraining","floor":8.0,"key":"SMITH"},{"data":"theMarked:SoldierOfQuellstein","floor":10.0,"key":"SMITH"},{"data":"theMarked:ResourceFulStrike","floor":13.0,"key":"SMITH"},{"data":"theMarked:Defend","floor":15.0,"key":"SMITH"},{"data":"theMarked:TakeOffHeels","floor":27.0,"key":"SMITH"},{"data":"theMarked:TakeOffHeels","floor":32,"key":"SMITH"}],"circlet_count":0,"master_deck":["theMarked:Strike","theMarked:Strike","theMarked:Strike","theMarked:Strike","theMarked:Strike","theMarked:Defend","theMarked:Defend","theMarked:Defend","theMarked:Defend+1","theMarked:SoldierOfQuellstein+1","theMarked:RogueSparks+1","theMarked:Abjuration+1","theMarked:SelfDefenseTraining+1","theMarked:ResourceFulStrike+1","theMarked:TakeOffHeels+1","theMarked:RogueSparks+1","theMarked:TwofoldDefense+1","theMarked:EternalStudent","theMarked:SwordAndMagic+1","theMarked:ComboAttacks","theMarked:TwofoldDefense","theMarked:TakeOffHeels+1","theMarked:SelfDefenseTraining"],"relics":["theMarked:ArtifactOfAir","Meat on the Bone","Omamori","Snecko Eye","MutagenicStrength","Dream Catcher","theMarked:Winder","Kunai","theMarked:Gun","MealTicket"],"acts_visited":["Exordium","TheCity"],"potions_floor_usage":[33],"damage_taken":[{"damage":5.0,"enemies":"Small Slimes","floor":1.0,"turns":3.0},{"damage":6.0,"enemies":"Jaw Worm","floor":2.0,"turns":3.0},{"damage":5.0,"enemies":"Lagavulin","floor":7.0,"turns":7.0},{"damage":0.0,"enemies":"2 Louse","floor":12.0,"turns":3.0},{"damage":1.0,"enemies":"Large Slime","floor":14.0,"turns":4.0},{"damage":18.0,"enemies":"The Guardian","floor":16.0,"turns":7.0},{"damage":13.0,"enemies":"Shell Parasite","floor":18.0,"turns":4.0},{"damage":0.0,"enemies":"Spheric Guardian","floor":20.0,"turns":3.0},{"damage":10.0,"enemies":"Cultist and Chosen","floor":21.0,"turns":4.0},{"damage":10.0,"enemies":"Centurion and Healer","floor":22.0,"turns":5.0},{"damage":8.0,"enemies":"Book of Stabbing","floor":23.0,"turns":4.0},{"damage":1.0,"enemies":"Gremlin Leader","floor":25.0,"turns":5.0},{"damage":38.0,"enemies":"Slavers","floor":28.0,"turns":5.0},{"damage":0.0,"enemies":"Snake Plant","floor":29.0,"turns":3.0},{"damage":3,"enemies":"Cultist and Chosen","floor":30,"turns":4},{"damage":15,"enemies":"Centurion and Healer","floor":31,"turns":4},{"damage":39,"enemies":"Automaton","floor":33,"turns":6}],"seed_played":"713030895611684080","potions_obtained":[{"floor":2.0,"key":"BlessingOfTheForge"},{"floor":12.0,"key":"Block Potion"},{"floor":16.0,"key":"DistilledChaos"},{"floor":20.0,"key":"GamblersBrew"},{"floor":23.0,"key":"LiquidMemories"},{"floor":28.0,"key":"Strength Potion"},{"floor":30,"key":"theMarked:ChargePotion"},{"floor":31,"key":"Swift Potion"}],"is_trial":false,"path_per_floor":["M","M","?","?","$","R","E","R","T","R","$","M","R","M","R","B",null,"M","?","M","M","M","E","$","E","T","R","E","M","M","M","R","B"],"character_chosen":"THE_DEFAULT","items_purchased":["theMarked:Abjuration","theMarked:SelfDefenseTraining","theMarked:ComboAttacks","theMarked:Winder","theMarked:TwofoldDefense"],"campfire_rested":0,"item_purchase_floors":[5,5,24,24,24],"current_hp_per_floor":[72,66,66,66,66,66,61,61,61,61,61,61,61,60,60,42,77,64,64,64,54,44,48,48,47,47,47,21,33,42,39,39,0,0],"gold":127,"neow_bonus":"TEN_PERCENT_HP_BONUS","is_daily":false,"chose_seed":false,"campfire_upgraded":7,"win_rate":0.0,"timestamp":1609891730,"path_taken":["M","M","?","?","$","R","E","R","T","R","?","?","R","M","R","BOSS","M","?","M","M","M","E","$","E","T","R","E","M","M","M","R","BOSS"],"items_purchased_type":["Card","Card","Card","Relic","Card"],"build_version":"2020-12-18","purchased_purges":1,"victory":false,"max_hp_per_floor":[77,77,77,77,77,77,77,77,77,77,77,77,77,77,77,77,77,77,77,77,77,77,77,77,77,77,77,77,77,77,77,77,77,77],"card_choices":[{"not_picked":["theMarked:RepellingDischarge","theMarked:Improvise"],"picked":"theMarked:RogueSparks","floor":1.0},{"not_picked":["theMarked:WardOff","theMarked:Seal","theMarked:Parkour"],"picked":"SKIP","floor":2.0},{"not_picked":["theMarked:WastefulDefense","theMarked:Static","theMarked:MaelstromOfLightning"],"picked":"SKIP","floor":7.0},{"not_picked":["theMarked:WardOff","theMarked:Polarize"],"picked":"theMarked:ResourceFulStrike","floor":12.0},{"not_picked":["theMarked:Static","theMarked:ElectricStrings","theMarked:Parry"],"picked":"SKIP","floor":14.0},{"not_picked":["theMarked:Vacuum","theMarked:UnarmedFury"],"picked":"theMarked:TakeOffHeels","floor":16.0},{"not_picked":["theMarked:Improvise+1","theMarked:BanishingWave"],"picked":"theMarked:RogueSparks+1","floor":18.0},{"not_picked":["theMarked:WastefulAttack","theMarked:ResourceFulStrike"],"picked":"theMarked:TwofoldDefense+1","floor":20.0},{"not_picked":["theMarked:WastefulDefense","theMarked:EmpowerWeapon","theMarked:Parkour"],"picked":"SKIP","floor":21.0},{"not_picked":["theMarked:Improvise","theMarked:RepellingDischarge+1"],"picked":"theMarked:EternalStudent","floor":22.0},{"not_picked":["theMarked:PowerFlow","theMarked:CreepingChasm"],"picked":"theMarked:SwordAndMagic+1","floor":23.0},{"not_picked":["theMarked:BanishingStrike","theMarked:Frustration+1","theMarked:BanishingWave"],"picked":"SKIP","floor":25.0},{"not_picked":["theMarked:HeightenedSenses","theMarked:ResourceFulStrike"],"picked":"theMarked:TakeOffHeels","floor":28.0},{"not_picked":["theMarked:SelfDefenseTraining","theMarked:LightningStrikesTwice","theMarked:RepellingDischarge"],"picked":"SKIP","floor":29},{"not_picked":["theMarked:LightningStrikesTwice","theMarked:RepellingDischarge"],"picked":"theMarked:SelfDefenseTraining","floor":29},{"not_picked":["theMarked:WardOff+1","theMarked:Seal","theMarked:Aftermath"],"picked":"SKIP","floor":30},{"not_picked":["theMarked:ParalyzingBlade+1","theMarked:ResourceFulStrike+1","theMarked:EmpowerWeapon"],"picked":"SKIP","floor":31}],"player_experience":843733,"relics_obtained":[{"floor":7.0,"key":"Meat on the Bone"},{"floor":9.0,"key":"Omamori"},{"floor":23.0,"key":"Dream Catcher"},{"floor":25.0,"key":"Kunai"},{"floor":26.0,"key":"theMarked:Gun"},{"floor":28.0,"key":"MealTicket"}],"event_choices":[{"damage_healed":0.0,"max_hp_gain":0.0,"max_hp_loss":0.0,"gold_gain":0.0,"event_name":"Living Wall","player_choice":"Grow","floor":3.0,"gold_loss":0.0,"damage_taken":0.0,"cards_upgraded":["theMarked:RogueSparks"]},{"damage_healed":0.0,"max_hp_gain":0.0,"max_hp_loss":0.0,"gold_gain":175.0,"event_name":"Liars Game","player_choice":"AGREE","floor":4.0,"gold_loss":0.0,"damage_taken":0.0,"cards_obtained":["Doubt"]},{"damage_healed":0.0,"max_hp_gain":0.0,"max_hp_loss":0.0,"gold_gain":0.0,"event_name":"Drug Dealer","player_choice":"Inject Mutagens","floor":19.0,"gold_loss":0.0,"damage_taken":0.0,"relics_obtained":["MutagenicStrength"]}],"is_beta":true,"boss_relics":[{"not_picked":["Ectoplasm","SacredBark"],"picked":"Snecko Eye"}],"items_purged_floors":[5],"is_endless":false,"potions_floor_spawned":[2,12,16,20,23,28,30,31],"killed_by":"Automaton","ascension_level":0}}