{"host":"6qo42zgaknezulyg","time":1609934388,"event":{"mods":["2.2 Compatiblity","BaseMod","Colored Map","Downfall","Keyboard Shortcuts","Minty Spire (QoL Compilation)","Permanent Neow","Quick Restart","StSLib","SuperFastMode"],"gold_per_floor":[99,109,129,143,173,186,236,250,275,275,275,287,27,46,63,161,161,161,176,186,286,304,404,404,231,231,247,247,264,264,279,293,391,391,391,1390,1390,1407,552,552,552,571,583,483,148,148,67,121,137,137],"floor_reached":51,"playtime":3110,"items_purged":["bronze:Strike","bronze:Strike","bronze:DelayedSlice","bronze:Replicate+1"],"score":980,"play_id":"97eb54b6-00dc-43b5-af52-9a3b4aa54f25","local_time":"20210106205948","is_ascension_mode":true,"campfire_choices":[{"floor":1.0,"key":"REST"},{"floor":11.0,"key":"REST"},{"data":"expansioncontent:StudyTheSpire","floor":18.0,"key":"SMITH"},{"floor":30.0,"key":"REST"},{"data":"bronze:Format","floor":35.0,"key":"SMITH"},{"floor":40.0,"key":"RECALL"},{"data":"bronze:Optimize","floor":44.0,"key":"SMITH"},{"data":"bronze:Shell","floor":46.0,"key":"SMITH"}],"circlet_count":0,"master_deck":["AscendersBane","bronze:Defend","bronze:Defend","bronze:Defend","bronze:Defend","bronze:Goto+1","bronze:SpaghettiCode","bronze:ChildClass","bronze:GetLatest","bronze:MaxOutput","bronze:Optimize+1","bronze:Boost+1","bronze:DelayedGuard+1","bronze:Format+1","expansioncontent:StudyTheSpire+1","bronze:ChildClass","bronze:Frontload","bronze:Iterate+1","bronze:FunctionCard","bronze:ItsAFeature+1","bronze:Repair+1","bronze:HyperBeam","bronze:Shell+1","expansioncontent:GoopSpray+1","bronze:Shell+1","bronze:Frontload+1"],"relics":["bronze:BronzeCore","Omamori","Whetstone","Matryoshka","bronze:MakeshiftBattery","Ice Cream","The Courier","MealTicket","bronze:ProtectiveGoggles","Empty Cage","Potion Belt","Bag of Preparation","Toxic Egg 2","Guardian:GemstoneGun","Orichalcum","PreservedInsect","downfall:HeartBlessingRed","Guardian:BottledAnomaly","HandDrill","Bronze Scales","Pen Nib","Anchor"],"acts_visited":["Exordium","TheCity","TheBeyond"],"potions_floor_usage":[50,50,50],"damage_taken":[{"damage":3.0,"enemies":"Small Slimes","floor":2.0,"turns":2.0},{"damage":0.0,"enemies":"2 Louse","floor":3.0,"turns":2.0},{"damage":5.0,"enemies":"Jaw Worm","floor":4.0,"turns":4.0},{"damage":8.0,"enemies":"Blue Slaver","floor":6.0,"turns":4.0},{"damage":11.0,"enemies":"Lots of Slimes","floor":8.0,"turns":4.0},{"damage":12.0,"enemies":"Lagavulin","floor":9.0,"turns":7.0},{"damage":0.0,"enemies":"Large Slime","floor":12.0,"turns":5.0},{"damage":2.0,"enemies":"downfall:FleeingMerchant","floor":13.0,"turns":4.0},{"damage":0.0,"enemies":"Blue Slaver","floor":14.0,"turns":4.0},{"damage":0.0,"enemies":"Large Slime","floor":15.0,"turns":3.0},{"damage":20.0,"enemies":"downfall:Watcher","floor":16.0,"turns":6.0},{"damage":0.0,"enemies":"3 Byrds","floor":19.0,"turns":3.0},{"damage":37.0,"enemies":"Sentry and Sphere","floor":20.0,"turns":4.0},{"damage":0.0,"enemies":"Snake Plant","floor":22.0,"turns":3.0},{"damage":8.0,"enemies":"Colosseum Nobs","floor":23.0,"turns":6.0},{"damage":0.0,"enemies":"downfall:FleeingMerchant","floor":25.0,"turns":4.0},{"damage":6.0,"enemies":"Shelled Parasite and Fungi","floor":27.0,"turns":5.0},{"damage":11.0,"enemies":"Centurion and Healer","floor":29.0,"turns":8.0},{"damage":0.0,"enemies":"3 Cultists","floor":31.0,"turns":4.0},{"damage":1.0,"enemies":"Chosen and Byrds","floor":32.0,"turns":4.0},{"damage":16.0,"enemies":"downfall:Defect","floor":33.0,"turns":14.0},{"damage":0.0,"enemies":"3 Darklings","floor":38.0,"turns":3.0},{"damage":0.0,"enemies":"downfall:FleeingMerchant","floor":39.0,"turns":4.0},{"damage":0.0,"enemies":"3 Shapes","floor":42.0,"turns":4.0},{"damage":0.0,"enemies":"Jaw Worm Horde","floor":43.0,"turns":3.0},{"damage":0.0,"enemies":"downfall:FleeingMerchant","floor":45.0,"turns":4.0},{"damage":0.0,"enemies":"downfall:FleeingMerchant","floor":47.0,"turns":1.0},{"damage":4,"enemies":"Sphere and 2 Shapes","floor":49,"turns":3},{"damage":73,"enemies":"downfall:Silent","floor":50,"turns":16}],"seed_played":"8097973775155074710","potions_obtained":[{"floor":2.0,"key":"BlessingOfTheForge"},{"floor":6.0,"key":"Strength Potion"},{"floor":12.0,"key":"ColorlessPotion"},{"floor":20.0,"key":"BlessingOfTheForge"},{"floor":22.0,"key":"Guardian:BlockOnCardUsePotion"},{"floor":29.0,"key":"Block Potion"},{"floor":31.0,"key":"EssenceOfSteel"},{"floor":38.0,"key":"SteroidPotion"}],"is_trial":false,"path_per_floor":["R","M","M","M","?","M","T","M","E","?","R","M","$","M","M","B",null,"R","M","M","?","M","?","T","$","?","M","?","M","R","M","M","B",null,"R","?","?","M","$","R","T","M","M","R","$","R","$","?","M","B",null],"character_chosen":"THE_AUTOMATON","items_purchased":["expansioncontent:StudyTheSpire","FairyPotion","Potion Belt","Bag of Preparation","bronze:BuildAFunctionPotion","Toxic Egg 2","Guardian:GemstoneGun","expansioncontent:GoopSpray+1","Guardian:BottledAnomaly","HandDrill","Bronze Scales","Pen Nib","FearPotion","FearPotion"],"campfire_rested":3,"item_purchase_floors":[13,25,39,39,39,39,39,45,45,47,47,47,47,47],"current_hp_per_floor":[66,63,63,58,58,50,50,39,27,27,48,48,46,46,46,26,59,59,59,22,22,22,14,14,29,29,23,23,22,43,53,52,46,64,64,64,64,70,70,70,70,70,70,70,70,70,70,70,66,3],"gold":137,"neow_bonus":"THREE_RARE_CARDS","is_daily":false,"chose_seed":false,"campfire_upgraded":4,"win_rate":0.0,"timestamp":1609934388,"path_taken":["R","M","M","M","?","M","T","M","E","?","R","M","$","?","M","BOSS","R","M","M","?","?","?","T","$","?","M","?","M","R","M","M","BOSS","R","?","?","M","$","R","T","?","M","R","$","R","$","?","M","BOSS"],"items_purchased_type":["Card","Potion","Relic","Relic","Potion","Relic","Relic","Card","Relic","Relic","Relic","Relic","Potion","Potion"],"build_version":"2020-12-22","purchased_purges":4,"victory":true,"max_hp_per_floor":[70,70,70,70,70,70,70,70,70,70,70,70,70,70,70,70,70,70,70,70,70,70,70,70,70,70,70,70,70,70,70,70,70,70,70,70,70,70,70,70,70,70,70,70,70,70,70,70,70,70],"card_choices":[{"not_picked":["bronze:Assembly","bronze:Break"],"picked":"bronze:SpaghettiCode","floor":0.0},{"not_picked":["bronze:CloningBeam","bronze:Shield"],"picked":"bronze:DelayedSlice","floor":2.0},{"not_picked":["bronze:DelayedGuard","bronze:Invalidate"],"picked":"bronze:ChildClass","floor":3.0},{"not_picked":["bronze:Shell","bronze:CloningBeam"],"picked":"bronze:GetLatest","floor":4.0},{"not_picked":["bronze:BronzeOrb","bronze:Return"],"picked":"bronze:MaxOutput","floor":6.0},{"not_picked":["bronze:Repulsor","bronze:ForLoop"],"picked":"bronze:Optimize","floor":8.0},{"not_picked":["bronze:AlphaBuild","bronze:Repulsor"],"picked":"bronze:Boost","floor":9.0},{"not_picked":["bronze:Turbo","bronze:WildBeam"],"picked":"bronze:DelayedGuard","floor":12.0},{"not_picked":["bronze:BitShift","bronze:Branch"],"picked":"bronze:Format","floor":13.0},{"not_picked":["bronze:Turbo","bronze:Constructor"],"picked":"bronze:ChildClass","floor":14.0},{"not_picked":["bronze:RecursiveStrike","bronze:DelayedGuard"],"picked":"bronze:Frontload","floor":15.0},{"not_picked":["bronze:Assembly","bronze:TinkerersToolbox"],"picked":"bronze:Hardcode","floor":16.0},{"not_picked":["bronze:ForLoop","bronze:DelayedGuard+1","bronze:CutThrough"],"picked":"SKIP","floor":19.0},{"not_picked":["bronze:Branch","bronze:DarkDash"],"picked":"bronze:Philosophize+1","floor":20.0},{"not_picked":["bronze:RecursiveStrike","bronze:BitShift+1"],"picked":"bronze:Iterate+1","floor":22.0},{"not_picked":["bronze:Branch","bronze:Terminator"],"picked":"bronze:ItsAFeature+1","floor":25.0},{"not_picked":["bronze:Constructor","bronze:Deprecate"],"picked":"bronze:Repair+1","floor":27.0},{"not_picked":["bronze:BuggyMess","bronze:FineTuning","bronze:Shield"],"picked":"SKIP","floor":29.0},{"not_picked":["bronze:ForceShield","bronze:Branch","bronze:Turbo"],"picked":"SKIP","floor":31.0},{"not_picked":["bronze:HardenedForm","bronze:WildBeam+1","bronze:Deprecate"],"picked":"SKIP","floor":32.0},{"not_picked":["bronze:InfiniteLoop","bronze:HardenedForm"],"picked":"bronze:HyperBeam","floor":33.0},{"not_picked":["bronze:CloningBeam","bronze:ChosenStrike+1"],"picked":"bronze:Shell","floor":38.0},{"not_picked":["bronze:Shield+1","bronze:Terminator","bronze:Refactor"],"picked":"SKIP","floor":39.0},{"not_picked":["bronze:Shield+1","bronze:FineTuning+1","bronze:SearingBeam+1"],"picked":"SKIP","floor":42.0},{"not_picked":["bronze:WildBeam+1","bronze:Backtrace","bronze:DelayedSlice+1"],"picked":"SKIP","floor":43.0},{"not_picked":["bronze:Break","bronze:NullPointer+1","bronze:Repair+1"],"picked":"SKIP","floor":45.0},{"not_picked":["bronze:ItsAFeature+1","bronze:DarkDash"],"picked":"bronze:Shell+1","floor":47.0},{"not_picked":["bronze:ChildClass+1","bronze:Overheat"],"picked":"bronze:Frontload+1","floor":49}],"player_experience":1116969,"relics_obtained":[{"floor":7.0,"key":"Whetstone"},{"floor":9.0,"key":"Matryoshka"},{"floor":23.0,"key":"Ice Cream"},{"floor":23.0,"key":"The Courier"},{"floor":24.0,"key":"MealTicket"},{"floor":24.0,"key":"bronze:ProtectiveGoggles"},{"floor":41.0,"key":"Orichalcum"},{"floor":41.0,"key":"PreservedInsect"},{"floor":48,"key":"Anchor"}],"event_choices":[],"is_beta":false,"boss_relics":[{"not_picked":["Tiny House","SacredBark"],"picked":"bronze:MakeshiftBattery"},{"not_picked":["Astrolabe","bronze:ElectromagneticCoil"],"picked":"Empty Cage"}],"items_purged_floors":[13,25,39,45],"is_endless":false,"potions_floor_spawned":[2,6,12,14,15,20,22,29,31,38,49],"ascension_level":10}}