{"host":"j204k34h42bd6fas","time":1609896657,"event":{"mods":["Aspiration","BaseMod","Colored Map","Colored Powertips","Conspire","Energized Spire","Hubris","Infinite Spire","JesterMod","Mimic Mod","Minty Spire (QoL Compilation)","Rare Cards Sparkle","Relic Stats","Replay The Spire","Say the Spire","StSLib","The Cursed","The Marked"],"gold_per_floor":[109,109,129,129,161,196,196,228,265,265,282,282,232,252,252,353,353,371,371,371,371,383,383,383,394,394,429,446,446,446,259,259,356,356,371,387,387,434,434,434,434],"floor_reached":40,"playtime":1610,"items_purged":[],"score":656,"play_id":"1b1120ff-35c9-4546-a185-b00153fbe81d","local_time":"20210105203057","is_ascension_mode":true,"campfire_choices":[{"data":"BowlingBash","floor":7,"key":"SMITH"},{"data":"EmptyFist","floor":12,"key":"SMITH"},{"data":"Vault","floor":23,"key":"SMITH"},{"data":"Infernal Blade","floor":29,"key":"SMITH"},{"floor":32,"key":"DIG"}],"circlet_count":0,"master_deck":["conspire:GhostlyStrike","conspire:GhostlyStrike","conspire:GhostlyStrike","conspire:GhostlyStrike","conspire:GhostlyDefend","conspire:GhostlyDefend","conspire:GhostlyDefend","conspire:GhostlyDefend+1","Eruption","Vigilance+1","DeceiveReality","BowlingBash+1","Replay:Battleflow","Swivel","JustLucky","EmptyFist+1","FearNoEvil+1","FlyingSleeves+1","Vault+1","Crescendo","ReachHeaven+1","ReplayTheSpireMod:Limb From Limb+1","Infernal Blade+1","jesterMod:ButterKnife+1","WreathOfFlame","BowlingBash+1","SpiritShield","Cloak And Dagger+1"],"relics":["PureWater","NeowsBlessing","hubris:PeanutButter","Juzu Bracelet","hubris:BundleOfHerbs","Anchor","Molten Egg 2","Runic Pyramid","PrismaticShard","Membership Card","jesterMod:MachoBrace","MutagenicStrength","Shuriken","hubris:FunFungus","HornCleat","hubris:Towel","Question Card","Unceasing Top","conspire:SeveredTorchhead","aspiration:HatOfInfinitePower","Prayer Wheel"],"acts_visited":["Exordium","TheCity","TheBeyond"],"potions_floor_usage":[6,16,33,40,40],"damage_taken":[{"damage":0,"enemies":"Cultist","floor":1,"turns":1},{"damage":0,"enemies":"Small Slimes","floor":3,"turns":1},{"damage":0,"enemies":"conspire:MimicChest","floor":5,"turns":1},{"damage":12,"enemies":"3 Sentries","floor":6,"turns":6},{"damage":10,"enemies":"Gremlin Nob","floor":8,"turns":4},{"damage":3,"enemies":"Jaw Worm","floor":9,"turns":11},{"damage":0,"enemies":"Jaw Worm","floor":11,"turns":2},{"damage":8,"enemies":"Exordium Thugs","floor":14,"turns":3},{"damage":0,"enemies":"Slime Boss","floor":16,"turns":4},{"damage":2,"enemies":"2 Thieves","floor":18,"turns":2},{"damage":0,"enemies":"Spheric Guardian","floor":22,"turns":3},{"damage":5,"enemies":"Shelled Parasite and Fungi","floor":25,"turns":2},{"damage":0,"enemies":"Gremlin Leader","floor":27,"turns":3},{"damage":0,"enemies":"Snake Plant","floor":28,"turns":3},{"damage":39,"enemies":"Collector","floor":33,"turns":5},{"damage":0,"enemies":"3 Darklings","floor":35,"turns":4},{"damage":0,"enemies":"Orb Walker","floor":36,"turns":3},{"damage":0,"enemies":"2 Orb Walkers","floor":38,"turns":4},{"damage":77,"enemies":"Time Eater","floor":40,"turns":5}],"seed_played":"-5273425485140656549","potions_obtained":[{"floor":1,"key":"AttackPotion"},{"floor":6,"key":"Fire Potion"},{"floor":16,"key":"Languid Potion"},{"floor":28,"key":"SteroidPotion"},{"floor":33,"key":"Venom Potion"},{"floor":36,"key":"BottledMiracle"}],"is_trial":false,"path_per_floor":["M","?","M","?","?","E","R","E","MIM","?","M","R","?","M","R_BF","B",null,"M","?","AVR","?","M","R","T","M","T","E","M","R","?","$","R_BF","B",null,"M","M","AVR","?","?","B"],"character_chosen":"WATCHER","items_purchased":["WreathOfFlame","Question Card","BowlingBash+1"],"campfire_rested":0,"item_purchase_floors":[31,31,31],"current_hp_per_floor":[72,72,72,72,72,60,60,50,47,47,47,47,47,39,60,60,69,67,59,59,59,59,59,59,54,54,65,65,65,65,65,65,30,62,63,64,64,68,68,0,0],"gold":434,"neow_bonus":"THREE_ENEMY_KILL","is_daily":false,"chose_seed":false,"campfire_upgraded":4,"win_rate":0.0,"timestamp":1609896657,"path_taken":["M","?","M","?","?","E","R","E","MIM","?","M","R","?","M","R_BF","BOSS","M","?","AVR","?","M","R","?","M","T","E","M","R","?","$","R_BF","BOSS","M","M","AVR","?","?","BOSS"],"items_purchased_type":["Card","Relic","Card"],"build_version":"2020-12-22","purchased_purges":0,"victory":false,"max_hp_per_floor":[72,72,72,72,72,72,72,72,72,72,72,72,72,72,72,72,72,72,72,72,72,72,72,72,72,72,72,72,72,72,72,72,72,72,72,72,72,72,72,72,72],"relic_stats":{"counters":[19,67],"Shuriken":[11],"Prayer Wheel":0,"Juzu Bracelet":1,"Question Card":12,"obtain_stats":[{"NeowsBlessing":0,"jesterMod:MachoBrace":20,"Juzu Bracelet":6,"hubris:Towel":30,"PrismaticShard":19,"Question Card":31,"conspire:SeveredTorchhead":34,"Anchor":9,"HornCleat":27,"Shuriken":24,"MutagenicStrength":21,"hubris:PeanutButter":5,"Molten Egg 2":10,"Prayer Wheel":38,"hubris:BundleOfHerbs":8,"hubris:FunFungus":26,"Membership Card":20,"PureWater":0,"aspiration:HatOfInfinitePower":37,"Unceasing Top":32,"Runic Pyramid":17},{"NeowsBlessing":0,"jesterMod:MachoBrace":10,"Juzu Bracelet":4,"hubris:Towel":14,"PrismaticShard":10,"Question Card":14,"conspire:SeveredTorchhead":15,"Anchor":6,"HornCleat":13,"Shuriken":11,"MutagenicStrength":10,"hubris:PeanutButter":3,"Molten Egg 2":6,"Prayer Wheel":18,"hubris:BundleOfHerbs":5,"hubris:FunFungus":12,"Membership Card":10,"PureWater":0,"aspiration:HatOfInfinitePower":17,"Unceasing Top":14,"Runic Pyramid":9},{"NeowsBlessing":0,"jesterMod:MachoBrace":35,"Juzu Bracelet":9,"hubris:Towel":46,"PrismaticShard":35,"Question Card":46,"conspire:SeveredTorchhead":51,"Anchor":24,"HornCleat":43,"Shuriken":38,"MutagenicStrength":35,"hubris:PeanutButter":3,"Molten Egg 2":24,"Prayer Wheel":62,"hubris:BundleOfHerbs":13,"hubris:FunFungus":40,"Membership Card":35,"PureWater":0,"aspiration:HatOfInfinitePower":58,"Unceasing Top":46,"Runic Pyramid":33}],"Unceasing Top":[0]},"card_choices":[{"not_picked":["FlyingSleeves","ThirdEye"],"picked":"DeceiveReality","floor":1},{"not_picked":["Replay:BluntJabs","ThirdEye"],"picked":"BowlingBash","floor":3},{"not_picked":["FlurryOfBlows","SandsOfTime"],"picked":"Replay:Battleflow","floor":5},{"not_picked":["Replay:Anticipation","Tantrum"],"picked":"Swivel","floor":6},{"not_picked":["ClearTheMind","SashWhip"],"picked":"JustLucky","floor":8},{"not_picked":["Replay:AtTheReady","PathToVictory"],"picked":"EmptyFist","floor":9},{"not_picked":["Halt","Weave+1"],"picked":"FearNoEvil+1","floor":11},{"not_picked":["Fasting2","Tantrum+1"],"picked":"FlyingSleeves+1","floor":14},{"not_picked":["Brilliance+1","Ragnarok+1"],"picked":"Vault","floor":16},{"not_picked":["Replay:AtTheReady","Weave+1"],"picked":"Crescendo","floor":18},{"not_picked":["EmptyBody","FlyingSleeves+1"],"picked":"ReachHeaven+1","floor":19},{"not_picked":["hubris:Ssssneak","Flame Barrier","Hologram+1"],"picked":"SKIP","floor":22},{"not_picked":["conspire:Rain","FollowUp+1"],"picked":"ReplayTheSpireMod:Limb From Limb+1","floor":25},{"not_picked":["Rupture","A Thousand Cuts"],"picked":"Infernal Blade","floor":27},{"not_picked":["jesterMod:BouncingKnife+1","ReplayTheSpireMod:Shiv Toss"],"picked":"jesterMod:ButterKnife+1","floor":28},{"not_picked":["TheCursedMod:OutForBlood","Creative AI","theMarked:SummonStrength"],"picked":"SpiritShield","floor":33},{"not_picked":["theMarked:Indomitable+1","jesterMod:Contradiction","Poisoned Stab+1","Cold Snap+1"],"picked":"SKIP","floor":35},{"not_picked":["theMarked:Static+1","Dagger Throw+1","theMarked:Parkour+1","jesterMod:DancingMad+1"],"picked":"SKIP","floor":36},{"not_picked":["TheCursedMod:StingEye+1","jesterMod:Prankster","Eviscerate+1"],"picked":"Cloak And Dagger+1","floor":38}],"player_experience":330833,"relics_obtained":[{"floor":5,"key":"hubris:PeanutButter"},{"floor":6,"key":"Juzu Bracelet"},{"floor":8,"key":"hubris:BundleOfHerbs"},{"floor":9,"key":"Anchor"},{"floor":19,"key":"PrismaticShard"},{"floor":24,"key":"Shuriken"},{"floor":26,"key":"hubris:FunFungus"},{"floor":27,"key":"HornCleat"},{"floor":32,"key":"Unceasing Top"},{"floor":38,"key":"Prayer Wheel"}],"event_choices":[{"damage_healed":0,"gold_gain":0,"player_choice":"Agree","damage_taken":0,"max_hp_gain":0,"max_hp_loss":0,"event_name":"conspire:LoneGhost","floor":2,"gold_loss":0},{"cards_removed":["Injury"],"damage_healed":0,"gold_gain":0,"player_choice":"Card Removal","damage_taken":0,"max_hp_gain":0,"max_hp_loss":0,"event_name":"The Cleric","floor":13,"gold_loss":50},{"damage_healed":0,"gold_gain":0,"player_choice":"Inject Mutagens","damage_taken":0,"relics_obtained":["MutagenicStrength"],"max_hp_gain":0,"max_hp_loss":0,"event_name":"Drug Dealer","floor":21,"gold_loss":0},{"damage_healed":0,"gold_gain":0,"player_choice":"Fight","damage_taken":0,"max_hp_gain":0,"max_hp_loss":0,"event_name":"Mysterious Sphere","floor":38,"gold_loss":0},{"damage_healed":0,"gold_gain":0,"player_choice":"Took Portal","damage_taken":0,"max_hp_gain":0,"max_hp_loss":0,"event_name":"SecretPortal","floor":39,"gold_loss":0}],"is_beta":false,"boss_relics":[{"not_picked":["energizedSpire:EnergizedDie","conspire:SlowCooker"],"picked":"Runic Pyramid"},{"not_picked":["Sozu","Philosopher\u0027s Stone"],"picked":"conspire:SeveredTorchhead"}],"items_purged_floors":[],"is_endless":false,"potions_floor_spawned":[1,6,16,28,33,36],"killed_by":"Time Eater","ascension_level":5}}