{"host":"6dypmz777xraikqf","time":1609947022,"event":{"mods":["AchievementEnabler","BaseMod","BetterRewards","Colored Map","Colored Powertips","Downfall","Highlight Path","Hubris","Infinite Spire","Minty Spire (QoL Compilation)","Replay The Spire","StSLib"],"gold_per_floor":[118,130,146,165,183,208,287,301,350,363,380,380,380],"floor_reached":12,"playtime":480,"items_purged":[],"score":120,"play_id":"a0f006dc-087b-41a9-96e8-237e17c1b801","local_time":"20210106153022","is_ascension_mode":true,"campfire_choices":[],"circlet_count":0,"master_deck":["Strike_R","Strike_R","Strike_R","Strike_R+1","Strike_R","Defend_R","Defend_R","Defend_R","Defend_R+1","Bash","Pommel Strike","Thunderclap","Hemokinesis","ReplayTheSpireMod:Limb From Limb","Pommel Strike","ReplayTheSpireMod:Muscle Training","Shrug It Off"],"relics":["Burning Blood","hubris:64BitClover","infinitespire:Magic Flask","MealTicket","Replay:Bottled Steam","Simple Rune","Vajra"],"acts_visited":["Exordium"],"potions_floor_usage":[5,6,6,10,11,12],"damage_taken":[{"damage":20,"enemies":"infinitespire:Voidling","floor":1,"turns":4},{"damage":1,"enemies":"Cultist","floor":2,"turns":3},{"damage":4,"enemies":"Jaw Worm","floor":3,"turns":4},{"damage":10,"enemies":"Red Slaver","floor":4,"turns":3},{"damage":19,"enemies":"Looter","floor":5,"turns":3},{"damage":34,"enemies":"Lagavulin","floor":6,"turns":6},{"damage":11,"enemies":"2 Fungi Beasts","floor":8,"turns":3},{"damage":10,"enemies":"3 Louse","floor":10,"turns":4},{"damage":16,"enemies":"Exordium Wildlife","floor":11,"turns":3},{"damage":12,"enemies":"3 Sentries","floor":12,"turns":2}],"seed_played":"-3646366918161140757","potions_obtained":[{"floor":2,"key":"BloodPotion"},{"floor":3,"key":"EssenceOfSteel"},{"floor":5,"key":"LiquidMemories"},{"floor":6,"key":"SteroidPotion"},{"floor":11,"key":"Slimebound:ThreeZeroPotion"}],"is_trial":false,"path_per_floor":["M","M","M","M","M","E","T","M","T","M","M","E"],"character_chosen":"IRONCLAD","items_purchased":["infinitespire:Magic Flask","Strength Potion"],"campfire_rested":0,"item_purchase_floors":[0,0],"current_hp_per_floor":[51,56,58,54,57,29,29,24,24,20,10,0,0],"gold":380,"neow_bonus":"","is_daily":false,"chose_seed":false,"campfire_upgraded":0,"win_rate":0.0,"timestamp":1609947022,"path_taken":["M","M","M","M","?","E","?","M","T","M","?","E"],"items_purchased_type":["Relic","Potion"],"build_version":"2020-12-22","purchased_purges":0,"victory":false,"max_hp_per_floor":[80,80,80,80,80,80,80,80,80,80,80,80,80],"card_choices":[{"not_picked":["Anger","Dropkick"],"picked":"Pommel Strike","floor":1},{"not_picked":["Clash","Sword Boomerang"],"picked":"Thunderclap","floor":2},{"not_picked":["Second Wind","Entrench"],"picked":"Hemokinesis","floor":3},{"not_picked":["Clash","ReplayTheSpireMod:Muscle Training"],"picked":"ReplayTheSpireMod:Limb From Limb","floor":4},{"not_picked":["ReplayTheSpireMod:Strike From Hell","Warcry","Massacre"],"picked":"SKIP","floor":5},{"not_picked":["Twin Strike","Abandon"],"picked":"Pommel Strike","floor":6},{"not_picked":["Limit Break","Warcry"],"picked":"ReplayTheSpireMod:Muscle Training","floor":8},{"not_picked":["Warcry","ReplayTheSpireMod:Strike From Hell"],"picked":"Shrug It Off","floor":10},{"not_picked":["Massacre","Clash","Defy Death"],"picked":"SKIP","floor":11}],"player_experience":122422,"relics_obtained":[{"floor":6,"key":"MealTicket"},{"floor":7,"key":"Replay:Bottled Steam"},{"floor":9,"key":"Simple Rune"},{"floor":10,"key":"Vajra"}],"event_choices":[],"is_beta":false,"boss_relics":[],"items_purged_floors":[],"is_endless":false,"potions_floor_spawned":[2,3,5,6,11],"killed_by":"3 Sentries","ascension_level":8}}