{"host":"52m1o8iwwagurbjs","time":1609905648,"event":{"mods":["AchievementEnabler","BaseMod","Bestiary","Colored Powertips","GifTheSpireLib","Minty Spire (QoL Compilation)","Quick Restart","RNG Fix","Relic Stats","StSLib"],"gold_per_floor":[114,129,129,88,163,163,191,214,214,228,256,256,290,310,310,310,310],"floor_reached":16,"playtime":537,"items_purged":[],"score":230,"play_id":"61347eed-538c-4951-8c92-a74163251368","local_time":"20210105230048","is_ascension_mode":true,"campfire_choices":[{"data":"Sunder","floor":6,"key":"SMITH"},{"floor":12,"key":"REST"},{"floor":15,"key":"REST"}],"circlet_count":0,"master_deck":["AscendersBane","Strike_B","Strike_B","Strike_B","Defend_B","Defend_B","Defend_B+1","Zap","Dualcast","Sunder+1","Glacier","Doom and Gloom","Leap+1","Turbo","Reboot","Sweeping Beam","Lockon"],"relics":["Empty Cage","Art of War","War Paint","Sundial","Bag of Preparation","Bottled Lightning"],"acts_visited":["Exordium"],"potions_floor_usage":[7,7,11,13],"damage_taken":[{"damage":11,"enemies":"Jaw Worm","floor":1,"turns":4},{"damage":0,"enemies":"Small Slimes","floor":2,"turns":3},{"damage":20,"enemies":"3 Sentries","floor":7,"turns":7},{"damage":0,"enemies":"Cultist","floor":10,"turns":3},{"damage":16,"enemies":"Lagavulin","floor":11,"turns":4},{"damage":24,"enemies":"Gremlin Nob","floor":13,"turns":4},{"damage":0,"enemies":"2 Fungi Beasts","floor":14,"turns":2},{"damage":24,"enemies":"Slime Boss","floor":16,"turns":5}],"seed_played":"-3451360344865127746","potions_obtained":[{"floor":2,"key":"EntropicBrew"},{"floor":10,"key":"SneckoOil"},{"floor":14,"key":"Dexterity Potion"}],"is_trial":false,"path_per_floor":["M","M","?","$","?","R","E","T","T","M","E","R","E","M","R","B"],"character_chosen":"DEFECT","items_purchased":["Doom and Gloom"],"campfire_rested":2,"item_purchase_floors":[4],"current_hp_per_floor":[53,53,53,53,42,42,22,22,22,22,6,27,3,3,24,0,0],"gold":310,"neow_bonus":"BOSS_RELIC","is_daily":false,"chose_seed":false,"campfire_upgraded":1,"win_rate":0.0,"timestamp":1609905648,"path_taken":["M","M","?","$","?","R","E","?","T","?","E","R","E","M","R","BOSS"],"items_purchased_type":["Card"],"build_version":"2020-12-22","purchased_purges":0,"victory":false,"max_hp_per_floor":[71,71,71,71,71,71,71,71,71,71,71,71,71,71,71,71,71],"relic_stats":{"counters":[8,32],"Sundial":[4],"Art of War":[1],"Bag of Preparation":[6],"War Paint":["Defend_B","Leap"],"obtain_stats":[{"Sundial":9,"Art of War":7,"Bag of Preparation":11,"Bottled Lightning":13,"War Paint":8,"Cracked Core":0,"Empty Cage":0},{"Sundial":3,"Art of War":3,"Bag of Preparation":5,"Bottled Lightning":6,"War Paint":3,"Cracked Core":0,"Empty Cage":0},{"Sundial":14,"Art of War":14,"Bag of Preparation":21,"Bottled Lightning":25,"War Paint":14,"Cracked Core":0,"Empty Cage":0}]},"card_choices":[{"not_picked":["Lockon","Turbo"],"picked":"Sunder","floor":1},{"not_picked":["Auto Shields","Hologram"],"picked":"Glacier","floor":2},{"not_picked":["Beam Cell","Go for the Eyes"],"picked":"Leap","floor":7},{"not_picked":["Double Energy","Go for the Eyes"],"picked":"Turbo","floor":10},{"not_picked":["Reprogram","Redo"],"picked":"Reboot","floor":11},{"not_picked":["Force Field","Compile Driver"],"picked":"Sweeping Beam","floor":13},{"not_picked":["Beam Cell","Sweeping Beam"],"picked":"Lockon","floor":14}],"player_experience":1096957,"relics_obtained":[{"floor":7,"key":"Art of War"},{"floor":8,"key":"War Paint"},{"floor":9,"key":"Sundial"},{"floor":11,"key":"Bag of Preparation"},{"floor":13,"key":"Bottled Lightning"}],"event_choices":[{"damage_healed":0,"gold_gain":0,"player_choice":"0 cards matched","damage_taken":0,"max_hp_gain":0,"max_hp_loss":0,"event_name":"Match and Keep!","floor":3,"gold_loss":0,"cards_obtained":[]},{"damage_healed":0,"gold_gain":75,"player_choice":"Gather Gold","damage_taken":11,"max_hp_gain":0,"max_hp_loss":0,"event_name":"World of Goop","floor":5,"gold_loss":0}],"is_beta":false,"boss_relics":[],"items_purged_floors":[],"is_endless":false,"potions_floor_spawned":[2,10,14],"killed_by":"Slime Boss","ascension_level":19}}