{"host":"uzcks4yhskks9i02","time":1609970654,"event":{"mods":["BaseMod","Minty Spire (QoL Compilation)","Quick Restart"],"gold_per_floor":[20,37,54,54,19,19,47,63,87,116,116,149,149,179,179,274,274,287,299,327,327,289,289,317,317,340,340,340,350,362,377,377,481,531,548,207,220,268,40,40,68,68,68,84,84,100,100,100,100,100],"floor_reached":51,"playtime":2136,"items_purged":[],"score":1468,"play_id":"82fd6397-a43f-40f7-8629-534da0351e02","local_time":"20210106150414","is_ascension_mode":true,"campfire_choices":[{"data":"Searing Blow+1","floor":6.0,"key":"SMITH"},{"floor":11.0,"key":"REST"},{"data":"Searing Blow+2","floor":13.0,"key":"SMITH"},{"floor":15.0,"key":"REST"},{"data":"Searing Blow+3","floor":23.0,"key":"SMITH"},{"data":"Searing Blow+4","floor":25.0,"key":"SMITH"},{"data":"Searing Blow+5","floor":27.0,"key":"SMITH"},{"data":"Searing Blow+6","floor":32.0,"key":"SMITH"},{"floor":40.0,"key":"REST"},{"data":"Searing Blow+7","floor":42.0,"key":"SMITH"},{"floor":47.0,"key":"REST"},{"data":"Searing Blow+8","floor":49.0,"key":"SMITH"}],"circlet_count":0,"master_deck":["AscendersBane","Strike_R+1","Strike_R+1","Strike_R+1","Strike_R+1","Defend_R+1","Defend_R+1","Defend_R+1","Defend_R+1","Bash","Blood for Blood","Carnage+1","Searing Blow+9","Shrug It Off","Reaper","Shrug It Off+1","Impervious","Headbutt","Metallicize","Disarm","Rage","Shrug It Off+1","Warcry","Feed","Perfected Strike+1","Violence","Seeing Red+1","Fire Breathing+1","Secret Weapon"],"relics":["Black Blood","Lizard Tail","Omamori","Lantern","Pen Nib","Bronze Scales","Red Mask","Bottled Flame","Juzu Bracelet","Tiny House","Regal Pillow","Prayer Wheel","Vajra","MealTicket","Pocketwatch"],"acts_visited":["Exordium","TheCity","TheBeyond"],"potions_floor_usage":[50,50],"damage_taken":[{"damage":10.0,"enemies":"Cultist","floor":1.0,"turns":5.0},{"damage":14.0,"enemies":"2 Louse","floor":2.0,"turns":3.0},{"damage":9.0,"enemies":"Small Slimes","floor":3.0,"turns":4.0},{"damage":25.0,"enemies":"3 Sentries","floor":7.0,"turns":6.0},{"damage":6.0,"enemies":"Looter","floor":8.0,"turns":2.0},{"damage":26.0,"enemies":"Gremlin Nob","floor":10.0,"turns":4.0},{"damage":42.0,"enemies":"Lagavulin","floor":12.0,"turns":6.0},{"damage":55.0,"enemies":"The Guardian","floor":16.0,"turns":10.0},{"damage":7.0,"enemies":"Chosen","floor":18.0,"turns":4.0},{"damage":16.0,"enemies":"Spheric Guardian","floor":19.0,"turns":3.0},{"damage":43.0,"enemies":"Masked Bandits","floor":20.0,"turns":5.0},{"damage":36.0,"enemies":"Slavers","floor":24.0,"turns":5.0},{"damage":0.0,"enemies":"Snake Plant","floor":29.0,"turns":1.0},{"damage":10.0,"enemies":"3 Cultists","floor":30.0,"turns":5.0},{"damage":8.0,"enemies":"Centurion and Healer","floor":31.0,"turns":4.0},{"damage":72.0,"enemies":"Collector","floor":33.0,"turns":11.0},{"damage":26.0,"enemies":"3 Darklings","floor":35.0,"turns":9.0},{"damage":21.0,"enemies":"3 Shapes","floor":37.0,"turns":3.0},{"damage":55.0,"enemies":"2 Orb Walkers","floor":38.0,"turns":4.0},{"damage":63.0,"enemies":"Nemesis","floor":41.0,"turns":6.0},{"damage":23.0,"enemies":"3 Darklings","floor":44.0,"turns":7.0},{"damage":9.0,"enemies":"Spire Growth","floor":46.0,"turns":4.0},{"damage":38,"enemies":"Time Eater","floor":50,"turns":8}],"seed_played":"-1831896704846265689","potions_obtained":[{"floor":3.0,"key":"AttackPotion"},{"floor":8.0,"key":"PowerPotion"},{"floor":10.0,"key":"BloodPotion"},{"floor":16.0,"key":"Fruit Juice"},{"floor":18.0,"key":"AttackPotion"},{"floor":19.0,"key":"EssenceOfSteel"},{"floor":24.0,"key":"Explosive Potion"},{"floor":33.0,"key":"SteroidPotion"},{"floor":34.0,"key":"Block Potion"},{"floor":37.0,"key":"Block Potion"},{"floor":38.0,"key":"Ancient Potion"}],"is_trial":false,"path_per_floor":["M","M","M","?","?","R","E","M","T","E","R","E","R","?","R","B",null,"M","M","?","?","$","R","E","R","T","R","?","M","M","M","R","B",null,"M","$","M","?","$","R","E","R","T","M","?","M","R","?","R","B",null],"character_chosen":"IRONCLAD","items_purchased":["Metallicize","Regal Pillow","Violence","LiquidMemories","Vajra"],"campfire_rested":4,"item_purchase_floors":[22,36,36,39,39],"current_hp_per_floor":[68,60,57,41,61,61,42,42,42,22,46,14,14,14,38,14,67,72,68,37,37,37,37,31,31,31,31,25,37,63,67,67,19,74,75,75,78,43,43,85,34,34,34,33,33,36,78,78,78,52],"gold":100,"neow_bonus":"ONE_RARE_RELIC","is_daily":false,"chose_seed":false,"campfire_upgraded":8,"win_rate":0.0,"timestamp":1609970654,"path_taken":["M","M","?","?","?","R","E","M","T","E","R","E","R","?","R","BOSS","M","M","?","?","$","R","E","R","T","R","?","M","M","M","R","BOSS","M","$","M","?","$","R","E","R","T","M","?","M","R","?","R","BOSS"],"items_purchased_type":["Card","Relic","Card","Potion","Relic"],"build_version":"2020-12-22","purchased_purges":0,"victory":true,"max_hp_per_floor":[80,80,80,80,80,80,80,80,80,80,80,80,80,80,80,85,85,85,85,85,85,85,85,85,85,85,85,85,85,85,85,85,85,90,93,93,93,93,93,93,93,93,93,93,93,93,93,93,93,93],"card_choices":[{"not_picked":["True Grit","Heavy Blade"],"picked":"Blood for Blood","floor":1.0},{"not_picked":["Disarm","Twin Strike"],"picked":"Carnage","floor":2.0},{"not_picked":["Entrench","Headbutt"],"picked":"Searing Blow","floor":3.0},{"not_picked":["Whirlwind","Bloodletting"],"picked":"Shrug It Off","floor":7.0},{"not_picked":["Warcry","Body Slam"],"picked":"Reaper","floor":8.0},{"not_picked":["Perfected Strike","Rupture","Hemokinesis"],"picked":"SKIP","floor":10.0},{"not_picked":["Armaments","Blood for Blood"],"picked":"Shrug It Off","floor":12.0},{"not_picked":["Limit Break","Reaper"],"picked":"Impervious","floor":16.0},{"not_picked":["Twin Strike","Dark Embrace","Blood for Blood"],"picked":"SKIP","floor":18.0},{"not_picked":["Anger","Wild Strike","Uppercut"],"picked":"SKIP","floor":19.0},{"not_picked":["Body Slam","Entrench"],"picked":"Headbutt","floor":20.0},{"not_picked":["Perfected Strike","Anger"],"picked":"Disarm","floor":24.0},{"not_picked":["Fire Breathing","Warcry"],"picked":"Rage","floor":29.0},{"not_picked":["Spot Weakness","Sword Boomerang"],"picked":"Shrug It Off+1","floor":30.0},{"not_picked":["Clothesline","Armaments"],"picked":"Warcry","floor":31.0},{"not_picked":["Reaper","Impervious"],"picked":"Feed","floor":33.0},{"not_picked":["Body Slam","Pommel Strike"],"picked":"Perfected Strike+1","floor":34.0},{"not_picked":["Shrug It Off","Clothesline","Cleave+1"],"picked":"SKIP","floor":35.0},{"not_picked":["Perfected Strike","Iron Wave","Body Slam"],"picked":"SKIP","floor":37.0},{"not_picked":["Perfected Strike","Sentinel+1"],"picked":"Seeing Red+1","floor":41.0},{"not_picked":["Cleave","Shrug It Off","Blood for Blood"],"picked":"SKIP","floor":44.0},{"not_picked":["Whirlwind","Dropkick","Dark Embrace+1"],"picked":"SKIP","floor":44.0},{"not_picked":["Battle Trance","Headbutt+1"],"picked":"Fire Breathing+1","floor":46.0},{"not_picked":["Inflame","Reckless Charge","Heavy Blade"],"picked":"SKIP","floor":46.0},{"not_picked":["Bandage Up","PanicButton"],"picked":"Secret Weapon","floor":48.0}],"player_experience":488493,"relics_obtained":[{"floor":7.0,"key":"Omamori"},{"floor":9.0,"key":"Lantern"},{"floor":10.0,"key":"Pen Nib"},{"floor":12.0,"key":"Bronze Scales"},{"floor":20.0,"key":"Red Mask"},{"floor":24.0,"key":"Bottled Flame"},{"floor":26.0,"key":"Juzu Bracelet"},{"floor":38.0,"key":"Prayer Wheel"},{"floor":41.0,"key":"MealTicket"},{"floor":43.0,"key":"Pocketwatch"}],"event_choices":[{"damage_healed":0.0,"max_hp_gain":0.0,"max_hp_loss":0.0,"gold_gain":0.0,"event_name":"Shining Light","player_choice":"Entered Light","floor":4.0,"gold_loss":0.0,"damage_taken":16.0,"cards_upgraded":["Carnage","Searing Blow"]},{"damage_healed":20.0,"max_hp_gain":0.0,"max_hp_loss":0.0,"gold_gain":0.0,"event_name":"The Cleric","player_choice":"Healed","floor":5.0,"gold_loss":35.0,"damage_taken":0.0},{"damage_healed":0.0,"max_hp_gain":0.0,"max_hp_loss":0.0,"gold_gain":30.0,"event_name":"Dead Adventurer","player_choice":"Searched \u00271\u0027 times","floor":14.0,"gold_loss":0.0,"damage_taken":0.0},{"damage_healed":0.0,"max_hp_gain":0.0,"max_hp_loss":0.0,"gold_gain":0.0,"event_name":"Masked Bandits","player_choice":"Fought Bandits","floor":20.0,"gold_loss":0.0,"damage_taken":0.0},{"damage_healed":0.0,"max_hp_gain":0.0,"max_hp_loss":0.0,"gold_gain":0.0,"event_name":"Back to Basics","player_choice":"Simplicity","floor":21.0,"gold_loss":0.0,"damage_taken":0.0,"cards_upgraded":["Strike_R","Strike_R","Strike_R","Strike_R","Strike_R","Defend_R","Defend_R","Defend_R","Defend_R"]},{"damage_healed":0.0,"max_hp_gain":0.0,"max_hp_loss":0.0,"gold_gain":0.0,"event_name":"Knowing Skull","player_choice":"","floor":28.0,"potions_obtained":[],"gold_loss":0.0,"damage_taken":6.0,"cards_obtained":[]},{"damage_healed":0.0,"max_hp_gain":0.0,"max_hp_loss":0.0,"gold_gain":0.0,"event_name":"Mysterious Sphere","player_choice":"Fight","floor":38.0,"gold_loss":0.0,"damage_taken":0.0},{"cards_removed":["Strike_R"],"damage_healed":0.0,"max_hp_gain":0.0,"max_hp_loss":0.0,"gold_gain":0.0,"event_name":"Falling","player_choice":"Removed Attack","floor":45.0,"gold_loss":0.0,"damage_taken":0.0},{"damage_healed":0.0,"max_hp_gain":0.0,"max_hp_loss":0.0,"gold_gain":0.0,"event_name":"SensoryStone","player_choice":"Memory 1","floor":48.0,"gold_loss":0.0,"damage_taken":0.0}],"is_beta":false,"boss_relics":[{"not_picked":["Mark of Pain","Runic Dome"],"picked":"Black Blood"},{"not_picked":["SacredBark","Busted Crown"],"picked":"Tiny House"}],"items_purged_floors":[],"is_endless":false,"potions_floor_spawned":[3,8,10,16,18,19,24,33,37,38],"ascension_level":12}}