{"host":"pcbz64t4k17ey4z1","time":1609893845,"event":{"mods":["2.2 Compatiblity","AchievementEnabler","Act Like it!","Aspiration","BaseMod","Beaked The Cultist","Better Match","Better Third Choice","BetterRewards","Card Forge","Colored Map","Colored Powertips","Conspire","Disable Question Mark Monsters","Fireblade Mod","Friendly Minions","Gensokyo","GifTheSpireLib","Glutton Mod","Googly Eyes","Gremlin Mod","Hermit","Hubris","Infinite Spire","Koishi","Marisa????????","Minty Spire (QoL Compilation)","Permanent Neow","Potionbrewer","Quick Restart","Random Character Button","Rare Cards Sparkle","Relic Filter","Replay The Spire","Robot Space Explorer","Shade Mod","Shop Mod","Spicy Shops","StSLib","Stuff the Spire","SuperFastMode","The Animator","The Cursed","The Druid","The Gatherer","The Hierophant","The IronCluck","The Jungle","The Marked","The Runesmith","Virulent Crown","Waifu the Spire","Wandering Minibosses","vexMod"],"gold_per_floor":[166,166,204,247,247,356,421,471,471,484,484,484,161,205,205,303,303,315,315,53,72,89,115,115,147,147,219,219,269,301,333,333,408,408,444,482,535,635,635,662,673,684,708,727,760,760,771,801,801,801,801,801],"floor_reached":51,"playtime":2517,"items_purged":["Defend_R"],"score":1885,"play_id":"609b4254-3d7e-4661-b233-499eba6e809a","local_time":"20210106004405","is_ascension_mode":true,"campfire_choices":[{"data":"ReplayTheSpireMod:Limb From Limb","floor":11,"key":"SMITH"},{"floor":15,"key":"REST"},{"data":"infinitespire:Gouge","floor":24,"key":"SMITH"},{"data":"Twin Strike","floor":28,"key":"SMITH"},{"data":"ReplayTheSpireMod:Black Plague","floor":32,"key":"SMITH"},{"floor":49,"key":"RECALL"}],"circlet_count":0,"master_deck":["AscendersBane","Defend_R+1","Defend_R+1","Defend_R+1","Bash+1","StuffTheSpire:Slingshot","Thunderclap","Evolve+1","infinitespire:Gouge+1","ReplayTheSpireMod:Limb From Limb+1","StuffTheSpire:Slingshot","StuffTheSpire:RockThrow","Enlightenment+1","Rage","Twin Strike+1","Necronomicurse","Inflame+1","Iron Wave+1","hubris:DuctTapeCard","Whirlwind+1","ReplayTheSpireMod:Black Plague+1","infinitespire:NeuralNetwork","Barricade+1"],"relics":["Burning Blood","Hammer of Thor","Seething Fire","Anvil of the Gods","infinitespire:CheckeredPen","Golden Egg","Dead Branch","StrikeDummy","Blood Vial","conspire:SeveredTorchhead","Necronomicon","Lee\u0027s Waffle","Regal Pillow","hubris:DuctTape","Singing Bowl","Mummified Hand","Bottled Lightning","Red Mask","Philosopher\u0027s Stone","CatCart","wanderingMiniBosses:Inkheart","vexMod:RetaliationKit","Blue Doll","Mercury Hourglass","StuffTheSpire:OldFever"],"acts_visited":["Exordium","TheCity","TheBeyond"],"potions_floor_usage":[6,16,30,33,33,50],"damage_taken":[{"damage":14,"enemies":"Small Slimes","floor":1,"turns":3},{"damage":0,"enemies":"Jaw Worm","floor":3,"turns":2},{"damage":2,"enemies":"2 Louse","floor":4,"turns":2},{"damage":10,"enemies":"3 Sentries","floor":6,"turns":5},{"damage":8,"enemies":"Exordium Thugs","floor":7,"turns":4},{"damage":0,"enemies":"Gremlin Nob","floor":8,"turns":3},{"damage":2,"enemies":"2 Fungi Beasts","floor":10,"turns":5},{"damage":14,"enemies":"3 Louse","floor":14,"turns":3},{"damage":0,"enemies":"Slime Boss","floor":16,"turns":4},{"damage":27,"enemies":"Shell Parasite","floor":18,"turns":5},{"damage":11,"enemies":"2 Thieves","floor":21,"turns":2},{"damage":9,"enemies":"Centurion and Healer","floor":22,"turns":2},{"damage":0,"enemies":"Book of Stabbing","floor":23,"turns":2},{"damage":25,"enemies":"Slavers","floor":25,"turns":3},{"damage":9,"enemies":"Nightmare","floor":30,"turns":3},{"damage":5,"enemies":"Masked Bandits","floor":31,"turns":3},{"damage":13,"enemies":"hubris:MusketHawk","floor":33,"turns":4},{"damage":0,"enemies":"Orb Walker","floor":35,"turns":1},{"damage":45,"enemies":"3 Shapes","floor":36,"turns":3},{"damage":11,"enemies":"Orin","floor":37,"turns":6},{"damage":0,"enemies":"infinitespire:Three Voidlings","floor":38,"turns":1},{"damage":25,"enemies":"Nightmare_Alpha","floor":38,"turns":9},{"damage":0,"enemies":"Giant Head","floor":40,"turns":4},{"damage":0,"enemies":"Transient","floor":41,"turns":5},{"damage":12,"enemies":"Sphere and 2 Shapes","floor":42,"turns":4},{"damage":0,"enemies":"Maw","floor":44,"turns":4},{"damage":31,"enemies":"Nemesis","floor":45,"turns":5},{"damage":0,"enemies":"Jaw Worm Horde","floor":47,"turns":1},{"damage":0,"enemies":"Giant Head","floor":48,"turns":3},{"damage":102,"enemies":"infinitespire:MassOfShapes","floor":50,"turns":5},{"damage":60,"enemies":"Replay:Hell Engine","floor":51,"turns":4}],"seed_played":"-7783023682731689742","potions_obtained":[{"floor":3,"key":"SkillPotion"},{"floor":8,"key":"Strength Potion"},{"floor":10,"key":"AttackPotion"},{"floor":21,"key":"Reflective Coating"},{"floor":25,"key":"Regen Potion"},{"floor":31,"key":"Energy Potion"},{"floor":35,"key":"Weak Potion"},{"floor":37,"key":"FearPotion"},{"floor":45,"key":"Flashbang"},{"floor":47,"key":"Ancient Potion"}],"is_trial":false,"path_per_floor":["M","?","M","M","?","E","M","E","T","M","R","?","$","M","R","B",null,"M","?","$","M","M","E","R","E","T","T","R","?","NM","?","R","B",null,"M","M","?","?","?","E","M","M","T","M","E","?","M","E","R","B","B"],"character_chosen":"IRONCLAD","items_purchased":["Blood Vial","Enlightenment","Lee\u0027s Waffle","Inflame"],"campfire_rested":1,"item_purchase_floors":[13,13,20,20],"current_hp_per_floor":[42,42,48,52,52,48,46,52,52,56,56,33,33,27,49,57,71,52,31,82,77,76,82,82,63,63,63,63,63,73,78,78,75,85,90,53,52,45,47,55,65,63,63,73,52,87,89,91,91,51,0,0],"gold":801,"neow_bonus":"RANDOM_COLORLESS_2","is_daily":false,"chose_seed":false,"campfire_upgraded":4,"win_rate":0.0,"timestamp":1609893845,"path_taken":["M","?","M","M","?","E","M","E","T","?","R","?","$","M","R","BOSS","M","?","$","M","M","E","R","E","T","?","R","?","NM","?","R","BOSS","M","M","?","?","?","E","M","M","T","?","E","?","M","E","R","BOSS","BOSS"],"items_purchased_type":["Relic","Card","Relic","Card"],"build_version":"2020-12-22","purchased_purges":1,"victory":false,"max_hp_per_floor":[75,75,75,75,75,75,75,75,75,75,75,75,75,75,75,75,75,75,75,82,82,82,82,82,82,82,82,82,82,84,86,86,88,88,90,92,94,96,98,98,100,102,102,104,106,87,89,91,91,91,91,91],"card_choices":[{"not_picked":["Replay:Resounding Blow","The Bomb"],"picked":"HandOfGreed","floor":0},{"not_picked":["Power Through","Sword Boomerang"],"picked":"StuffTheSpire:Slingshot","floor":1},{"not_picked":["StuffTheSpire:Incineration","Pommel Strike"],"picked":"Thunderclap","floor":3},{"not_picked":["Twin Strike","Iron Wave"],"picked":"Evolve","floor":4},{"not_picked":["infinitespire:Punishment","infinitespire:UltimateForm"],"picked":"infinitespire:Gouge","floor":5},{"not_picked":["StuffTheSpire:TitanForm","ReplayTheSpireMod:LeadingStrike"],"picked":"ReplayTheSpireMod:Limb From Limb","floor":6},{"not_picked":["Sword Boomerang","Dual Wield"],"picked":"StuffTheSpire:Slingshot","floor":7},{"not_picked":["Life Link","Seeing Red"],"picked":"StuffTheSpire:RockThrow","floor":8},{"not_picked":["True Grit","Anger"],"picked":"Perfected Strike","floor":10},{"not_picked":["Bloodletting","Body Slam"],"picked":"Rage","floor":14},{"not_picked":["Eclipse","Demonic Infusion"],"picked":"Immolate","floor":16},{"not_picked":["hubris:ReadiedAction+1","Sever Soul"],"picked":"Twin Strike","floor":18},{"not_picked":["Second Wind","Burning Pact","Warcry"],"picked":"SKIP","floor":21},{"not_picked":["Iron Wave","Perfected Strike","StuffTheSpire:Pyroclast"],"picked":"SKIP","floor":22},{"not_picked":["Entrench","StuffTheSpire:RagingBull"],"picked":"Iron Wave+1","floor":23},{"not_picked":["Twin Strike","Defy Death+1"],"picked":"Whirlwind+1","floor":25},{"not_picked":["hubris:ReadiedAction","Bloodletting","Reaper"],"picked":"Singing Bowl","floor":30},{"not_picked":["infinitespire:FinalStrike","infinitespire:Execution"],"picked":"ReplayTheSpireMod:Black Plague","floor":30},{"not_picked":["Life Link","Cleave","Perfected Strike"],"picked":"Singing Bowl","floor":31},{"not_picked":["Hemogenesis","Replay:Many Hands","StuffTheSpire:TitanForm"],"picked":"Singing Bowl","floor":33},{"not_picked":["Sword Boomerang","Cleave","Clash"],"picked":"Singing Bowl","floor":35},{"not_picked":["StuffTheSpire:Incineration+1","Sword Boomerang","Thunderclap"],"picked":"Singing Bowl","floor":36},{"not_picked":["Warcry","Replay:Undeath\u0027s Touch","Offering"],"picked":"Singing Bowl","floor":37},{"not_picked":["Body Slam","Clothesline","Searing Blow"],"picked":"Singing Bowl","floor":38},{"not_picked":["infinitespire:FutureSight","infinitespire:SevenWalls"],"picked":"infinitespire:NeuralNetwork","floor":38},{"not_picked":["Mind Blast","Finesse","Discovery"],"picked":"Singing Bowl","floor":39},{"not_picked":["Replay:Many Hands","ReplayTheSpireMod:LeadingStrike"],"picked":"Barricade","floor":40},{"not_picked":["StuffTheSpire:Slingshot+1","True Grit","Replay:Undeath\u0027s Touch"],"picked":"Singing Bowl","floor":41},{"not_picked":["Armaments","Burning Pact","conspire:Charge"],"picked":"Singing Bowl","floor":42},{"not_picked":["ReplayReversal","Clash","Warcry"],"picked":"Singing Bowl","floor":44},{"not_picked":["Dark Embrace+1","Warcry","Replay:Undeath\u0027s Touch"],"picked":"Singing Bowl","floor":45},{"not_picked":["Twin Strike","Second Wind","Wild Strike"],"picked":"Singing Bowl","floor":47},{"not_picked":["Havoc","StuffTheSpire:Slingshot","Battle Trance"],"picked":"Singing Bowl","floor":48}],"player_experience":3887282,"relics_obtained":[{"floor":2,"key":"infinitespire:CheckeredPen"},{"floor":6,"key":"Golden Egg"},{"floor":8,"key":"Dead Branch"},{"floor":9,"key":"StrikeDummy"},{"floor":19,"key":"Necronomicon"},{"floor":23,"key":"Regal Pillow"},{"floor":25,"key":"hubris:DuctTape"},{"floor":26,"key":"Singing Bowl"},{"floor":27,"key":"Mummified Hand"},{"floor":30,"key":"Bottled Lightning"},{"floor":31,"key":"Red Mask"},{"floor":37,"key":"CatCart"},{"floor":38,"key":"wanderingMiniBosses:Inkheart"},{"floor":38,"key":"vexMod:RetaliationKit"},{"floor":40,"key":"Blue Doll"},{"floor":45,"key":"Mercury Hourglass"},{"floor":48,"key":"StuffTheSpire:OldFever"}],"event_choices":[{"damage_healed":56,"gold_gain":0,"player_choice":"Upgrade","damage_taken":23,"max_hp_gain":0,"max_hp_loss":75,"event_name":"betterThird:BetterShining","floor":12,"gold_loss":0,"cards_upgraded":["Bash","Defend_R"]},{"damage_healed":0,"gold_gain":0,"player_choice":"Obtained Book","damage_taken":21,"max_hp_gain":0,"max_hp_loss":0,"event_name":"Cursed Tome","floor":19,"gold_loss":0},{"damage_healed":0,"gold_gain":50,"player_choice":"Steal","damage_taken":0,"max_hp_gain":0,"max_hp_loss":0,"event_name":"betterThird:BetterNest","floor":29,"gold_loss":0},{"damage_healed":0,"gold_gain":0,"player_choice":"Fought Bandits","damage_taken":0,"max_hp_gain":0,"max_hp_loss":0,"event_name":"Masked Bandits","floor":31,"gold_loss":0},{"damage_healed":0,"gold_gain":0,"player_choice":"Fight","damage_taken":0,"max_hp_gain":0,"max_hp_loss":0,"event_name":"OrinTheCat","floor":37,"gold_loss":0},{"damage_healed":0,"gold_gain":0,"player_choice":"Memory 1","damage_taken":0,"max_hp_gain":0,"max_hp_loss":0,"event_name":"SensoryStone","floor":39,"gold_loss":0},{"damage_healed":87,"gold_gain":0,"player_choice":"Heal","damage_taken":0,"max_hp_gain":0,"max_hp_loss":19,"event_name":"The Moai Head","floor":46,"gold_loss":0}],"is_beta":false,"boss_relics":[{"not_picked":["beaked:SacredDeck","infinitespire:Burning Sword"],"picked":"conspire:SeveredTorchhead"},{"not_picked":["Replay:Fungal Core","StuffTheSpire:ModemDavis"],"picked":"Philosopher\u0027s Stone"}],"items_purged_floors":[13],"is_endless":false,"potions_floor_spawned":[3,8,10,14,16,21,25,31,35,37,45,47,48],"killed_by":"Replay:Hell Engine","ascension_level":20}}