{"host":"jkgg7n5hn1slsm35","time":1609929548,"event":{"mods":["Aspiration","BaseMod","BetterRewards","Conspire","Googly Eyes","Gremlin Skip","Halation","Highlight Path","Hubris","Infinite Spire","Minty Spire (QoL Compilation)","Permanent Neow","StSLib","SuperFastMode","vexMod"],"gold_per_floor":[111,122,222,236,252,252,285,285,285,315,315,325,337,365,365,470,470,490,490,525,525,525],"floor_reached":21,"playtime":466,"items_purged":[],"score":294,"play_id":"2997f097-8c2d-47d6-8755-7ba51ace2a90","local_time":"20210106113908","daily_mods":["SealedDeck","Heirloom","Time Dilation","DeadlyEvents","Elite Swarm","Lethality"],"is_ascension_mode":false,"campfire_choices":[{"data":"Flex","floor":6,"key":"SMITH"},{"data":"Barricade","floor":8,"key":"SMITH"},{"data":"Heavy Blade","floor":11,"key":"SMITH"},{"data":"Limit Break","floor":15,"key":"SMITH"}],"circlet_count":0,"master_deck":["Feel No Pain","Twin Strike+1","Heavy Blade+1","Twin Strike","Flex+1","Heavy Blade","Cleave","Iron Wave","Clash+1","Shrug It Off","Clash","Barricade+1","Shrug It Off","Limit Break+1","Body Slam","Juggernaut"],"relics":["Unceasing Top","halation:VictoryRuler","aspiration:HiddenCompartment","infinitespire:Bottled Soul","hubris:TenFootPole","Whetstone","Sozu","hubris:FunFungus"],"acts_visited":["Exordium","TheCity"],"potions_floor_usage":[16,21],"damage_taken":[{"damage":14,"enemies":"Jaw Worm","floor":1,"turns":2},{"damage":0,"enemies":"Cultist","floor":2,"turns":2},{"damage":0,"enemies":"Small Slimes","floor":4,"turns":1},{"damage":0,"enemies":"Gremlin Gang","floor":5,"turns":2},{"damage":0,"enemies":"3 Sentries","floor":7,"turns":4},{"damage":0,"enemies":"Gremlin Nob","floor":10,"turns":1},{"damage":0,"enemies":"Exordium Wildlife","floor":12,"turns":2},{"damage":14,"enemies":"Large Slime","floor":13,"turns":2},{"damage":0,"enemies":"Lagavulin","floor":14,"turns":4},{"damage":40,"enemies":"Hexaghost","floor":16,"turns":4},{"damage":15,"enemies":"3 Byrds","floor":18,"turns":3},{"damage":40,"enemies":"Book of Stabbing","floor":20,"turns":3},{"damage":38,"enemies":"conspire:FuzzyDice","floor":21,"turns":1}],"seed_played":"-1379399474409262059","potions_obtained":[{"floor":2,"key":"SteroidPotion"},{"floor":10,"key":"Swift Potion"},{"floor":12,"key":"SkillPotion"}],"is_trial":true,"path_per_floor":["M","M","?","M","M","R","E","R","T","E","R","M","M","E","R","B",null,"M","?","E","M"],"character_chosen":"IRONCLAD","items_purchased":[],"campfire_rested":0,"item_purchase_floors":[],"current_hp_per_floor":[66,66,66,66,66,66,66,66,66,66,66,66,52,52,52,12,80,65,65,25,0,0],"gold":525,"neow_bonus":"","is_daily":false,"chose_seed":false,"campfire_upgraded":4,"win_rate":0.0,"timestamp":1609929548,"path_taken":["M","M","?","M","M","R","E","R","T","E","R","M","?","?","R","BOSS","M","?","?","?"],"items_purchased_type":[],"build_version":"2020-12-22","purchased_purges":0,"victory":false,"max_hp_per_floor":[80,80,80,80,80,80,80,80,80,80,80,80,80,80,80,80,80,80,80,80,80,80],"card_choices":[{"not_picked":["Pommel Strike","Sword Boomerang","Evolve"],"picked":"SKIP","floor":1},{"not_picked":["Entrench","Carnage"],"picked":"Clash","floor":2},{"not_picked":["Armaments","Havoc","Headbutt"],"picked":"SKIP","floor":4},{"not_picked":["Entrench","Warcry","Rampage"],"picked":"SKIP","floor":5},{"not_picked":["Reaper","conspire:Purge"],"picked":"Barricade","floor":7},{"not_picked":["conspire:Purge","Corruption","Offering"],"picked":"SKIP","floor":10},{"not_picked":["Havoc","Thunderclap","Bloodletting"],"picked":"SKIP","floor":12},{"not_picked":["Havoc","Perfected Strike"],"picked":"Shrug It Off","floor":13},{"not_picked":["Demon Form","Brutality"],"picked":"Limit Break","floor":14},{"not_picked":["hubris:ReadiedAction","Entrench"],"picked":"Body Slam","floor":18},{"not_picked":["Bludgeon","Corruption"],"picked":"Juggernaut","floor":20}],"player_experience":1821928,"relics_obtained":[{"floor":7,"key":"aspiration:HiddenCompartment"},{"floor":9,"key":"infinitespire:Bottled Soul"},{"floor":10,"key":"hubris:TenFootPole"},{"floor":14,"key":"Whetstone"},{"floor":20,"key":"hubris:FunFungus"}],"event_choices":[{"damage_healed":0,"gold_gain":100,"player_choice":"Pray","damage_taken":0,"max_hp_gain":0,"max_hp_loss":0,"event_name":"Golden Shrine","floor":3,"gold_loss":0}],"is_beta":false,"boss_relics":[{"not_picked":["aspiration:FutureDiary","halation:Yufonium"],"picked":"Sozu"}],"items_purged_floors":[],"is_endless":false,"potions_floor_spawned":[2,10,12,13],"killed_by":"conspire:FuzzyDice","ascension_level":0}}