{"host":"ga4s3hj9m6nkn6gp","time":1609959942,"event":{"mods":["AchievementEnabler","BaseMod","Colored Powertips","Highlight Path","Minty Spire (QoL Compilation)","Relic Stats","everything is the same but u backflip on backflip"],"gold_per_floor":[115,115,176,226,244,298,61,96,164,198,7,23,23,41,41,136,136,156,174,193,243,208,237,237,287,287,349,349,399,429,128,128,204,204,222,272,287,300,313,344,344,379,429,10,23,51,118,137,137,137,137,137,137,12,44,44,44],"floor_reached":56,"playtime":3536,"items_purged":["Strike_G","Strike_G","Strike_G"],"score":2169,"play_id":"34f81316-9a51-4321-957d-aed1f415fe18","local_time":"20210106200542","is_ascension_mode":true,"campfire_choices":[{"floor":13.0,"key":"REST"},{"data":"Bouncing Flask","floor":15.0,"key":"SMITH"},{"data":"Wraith Form v2","floor":24.0,"key":"SMITH"},{"data":"Wraith Form v2","floor":28.0,"key":"SMITH"},{"data":"Noxious Fumes","floor":32.0,"key":"SMITH"},{"data":"Bullet Time","floor":41.0,"key":"SMITH"},{"floor":49.0,"key":"RECALL"},{"data":"Catalyst","floor":53.0,"key":"SMITH"}],"circlet_count":0,"master_deck":["AscendersBane","Defend_G","Defend_G","Defend_G","Defend_G","Defend_G","Survivor","Neutralize+1","Bouncing Flask+1","Bane","Dagger Throw","Poisoned Stab+1","Die Die Die","Corpse Explosion","Wraith Form v2+1","Noxious Fumes+1","Wraith Form v2+1","PiercingWail","Bullet Time+1","Dark Shackles","Venomology","Backflip+1","Outmaneuver+1","Acrobatics+1","Panacea","Adrenaline","Catalyst+1"],"relics":["Ring of the Snake","NeowsBlessing","SsserpentHead","Bloody Idol","Mango","Vajra","Ninja Scroll","Dream Catcher","Bag of Marbles","Coffee Dripper","Bag of Preparation","Art of War","Paper Crane","MutagenicStrength","Snake Skull","Whetstone","Runic Pyramid","Kunai","Shuriken","Medical Kit","Darkstone Periapt","Turnip"],"acts_visited":["Exordium","TheCity","TheBeyond","TheEnding"],"potions_floor_usage":[56],"damage_taken":[{"damage":0.0,"enemies":"Jaw Worm","floor":1.0,"turns":1.0},{"damage":0.0,"enemies":"Cultist","floor":3.0,"turns":1.0},{"damage":0.0,"enemies":"Small Slimes","floor":5.0,"turns":1.0},{"damage":30.0,"enemies":"Lagavulin","floor":6.0,"turns":5.0},{"damage":20.0,"enemies":"3 Sentries","floor":8.0,"turns":8.0},{"damage":8.0,"enemies":"Gremlin Nob","floor":10.0,"turns":3.0},{"damage":0.0,"enemies":"Exordium Thugs","floor":12.0,"turns":2.0},{"damage":0.0,"enemies":"2 Fungi Beasts","floor":14.0,"turns":2.0},{"damage":11.0,"enemies":"The Guardian","floor":16.0,"turns":8.0},{"damage":2.0,"enemies":"Shell Parasite","floor":18.0,"turns":5.0},{"damage":0.0,"enemies":"Chosen","floor":19.0,"turns":2.0},{"damage":28.0,"enemies":"Shelled Parasite and Fungi","floor":20.0,"turns":7.0},{"damage":0.0,"enemies":"Gremlin Leader","floor":23.0,"turns":5.0},{"damage":1.0,"enemies":"Centurion and Healer","floor":27.0,"turns":4.0},{"damage":5.0,"enemies":"Slavers","floor":30.0,"turns":4.0},{"damage":27.0,"enemies":"Collector","floor":33.0,"turns":8.0},{"damage":0.0,"enemies":"3 Darklings","floor":35.0,"turns":1.0},{"damage":1.0,"enemies":"Orb Walker","floor":37.0,"turns":4.0},{"damage":0.0,"enemies":"3 Darklings","floor":38.0,"turns":2.0},{"damage":0.0,"enemies":"4 Shapes","floor":39.0,"turns":5.0},{"damage":0.0,"enemies":"Reptomancer","floor":40.0,"turns":5.0},{"damage":2.0,"enemies":"Nemesis","floor":42.0,"turns":5.0},{"damage":0.0,"enemies":"Spire Growth","floor":45.0,"turns":5.0},{"damage":0.0,"enemies":"Reptomancer","floor":46.0,"turns":5.0},{"damage":0.0,"enemies":"Jaw Worm Horde","floor":47.0,"turns":1.0},{"damage":13.0,"enemies":"3 Darklings","floor":48.0,"turns":3.0},{"damage":2.0,"enemies":"Donu and Deca","floor":50.0,"turns":6.0},{"damage":20.0,"enemies":"Awakened One","floor":51.0,"turns":13.0},{"damage":29.0,"enemies":"Shield and Spear","floor":55.0,"turns":4.0},{"damage":49,"enemies":"The Heart","floor":56,"turns":2}],"seed_played":"-8567624935482903521","potions_obtained":[{"floor":1.0,"key":"EntropicBrew"},{"floor":3.0,"key":"ColorlessPotion"},{"floor":10.0,"key":"Fire Potion"},{"floor":12.0,"key":"Dexterity Potion"},{"floor":18.0,"key":"ColorlessPotion"},{"floor":19.0,"key":"Energy Potion"},{"floor":23.0,"key":"SpeedPotion"},{"floor":35.0,"key":"PowerPotion"},{"floor":55.0,"key":"Poison Potion"}],"is_trial":false,"path_per_floor":["M","?","M","?","M","E","$","E","T","E","$","M","R","M","R","B",null,"M","M","M","?","?","E","R","?","T","M","R","?","E","$","R","B",null,"M","?","M","M","M","E","R","E","T","$","M","E","M","M","R","B","B",null,"R","$","E","B"],"character_chosen":"THE_SILENT","items_purchased":["Die Die Die","Wraith Form v2","Bag of Marbles","Whetstone","Dark Shackles","Medical Kit","Panacea","Adrenaline"],"campfire_rested":1,"item_purchase_floors":[7,11,11,31,31,44,44,44],"current_hp_per_floor":[59,59,59,59,59,43,43,23,23,15,15,15,37,37,37,26,62,60,60,32,32,37,42,42,47,47,56,56,61,61,66,66,44,67,72,74,74,74,74,74,74,74,74,74,74,74,74,66,66,64,44,67,67,67,43,0,0],"gold":44,"neow_bonus":"THREE_ENEMY_KILL","is_daily":false,"chose_seed":false,"campfire_upgraded":6,"win_rate":0.0,"timestamp":1609959942,"path_taken":["M","?","?","?","M","E","$","E","T","E","?","M","R","M","R","BOSS","M","M","M","?","?","E","R","?","T","?","R","?","E","?","R","BOSS","M","?","M","M","M","E","R","E","T","$","M","E","?","M","R","BOSS","BOSS","R","$","E","BOSS"],"items_purchased_type":["Card","Card","Relic","Relic","Card","Relic","Card","Card"],"build_version":"2020-12-22","purchased_purges":3,"victory":false,"max_hp_per_floor":[66,66,66,60,60,74,74,74,74,74,74,74,74,74,74,74,74,74,74,74,74,74,74,74,74,74,74,74,74,74,74,74,74,74,74,74,74,74,74,74,74,74,74,74,74,74,74,74,74,74,74,74,74,74,74,74,74],"relic_stats":{"Darkstone Periapt":0,"counters":[30,127],"Snake Skull":[175],"Bag of Preparation":[0],"Whetstone":["Poisoned Stab","Neutralize"],"Medical Kit":[6],"SsserpentHead":550,"Dream Catcher":1,"Shuriken":[14],"Bloody Idol":65,"Turnip":[2],"Art of War":[12],"Kunai":[15],"obtain_stats":[{"Darkstone Periapt":46,"NeowsBlessing":0,"Golden Idol":4,"Vajra":8,"Mango":6,"Snake Skull":30,"Bag of Preparation":22,"Whetstone":31,"Paper Crane":26,"Medical Kit":44,"SsserpentHead":2,"Dream Catcher":10,"Ninja Scroll":9,"Shuriken":42,"Bloody Idol":21,"MutagenicStrength":29,"Turnip":55,"Bag of Marbles":11,"Coffee Dripper":17,"Art of War":23,"Kunai":40,"Ring of the Snake":0,"Runic Pyramid":34},{"Darkstone Periapt":24,"NeowsBlessing":0,"Golden Idol":2,"Vajra":5,"Mango":4,"Snake Skull":15,"Bag of Preparation":12,"Whetstone":15,"Paper Crane":13,"Medical Kit":22,"SsserpentHead":1,"Dream Catcher":6,"Ninja Scroll":5,"Shuriken":22,"Bloody Idol":12,"MutagenicStrength":14,"Turnip":29,"Bag of Marbles":6,"Coffee Dripper":9,"Art of War":13,"Kunai":21,"Ring of the Snake":0,"Runic Pyramid":16},{"Darkstone Periapt":98,"NeowsBlessing":0,"Golden Idol":2,"Vajra":16,"Mango":8,"Snake Skull":58,"Bag of Preparation":45,"Whetstone":58,"Paper Crane":50,"Medical Kit":88,"SsserpentHead":1,"Dream Catcher":19,"Ninja Scroll":16,"Shuriken":88,"Bloody Idol":45,"MutagenicStrength":54,"Turnip":125,"Bag of Marbles":19,"Coffee Dripper":31,"Art of War":50,"Kunai":83,"Ring of the Snake":0,"Runic Pyramid":66}],"Ring of the Snake":[60]},"card_choices":[{"not_picked":["Calculated Gamble","Slice"],"picked":"Bouncing Flask","floor":1.0},{"not_picked":["Well Laid Plans","Prepared"],"picked":"Bane","floor":3.0},{"not_picked":["Distraction","Dodge and Roll"],"picked":"Dagger Throw","floor":5.0},{"not_picked":["Bane","Blur"],"picked":"Poisoned Stab","floor":6.0},{"not_picked":["Outmaneuver","Endless Agony"],"picked":"Corpse Explosion","floor":8.0},{"not_picked":["Reflex","Blur","Deflect"],"picked":"SKIP","floor":10.0},{"not_picked":["Backflip","Poisoned Stab"],"picked":"Noxious Fumes","floor":12.0},{"not_picked":["Accuracy","Calculated Gamble","Quick Slash"],"picked":"SKIP","floor":14.0},{"not_picked":["Envenom","A Thousand Cuts"],"picked":"Wraith Form v2","floor":16.0},{"not_picked":["Blur","Footwork","Masterful Stab"],"picked":"SKIP","floor":18.0},{"not_picked":["Cloak And Dagger","Dodge and Roll","Blur"],"picked":"SKIP","floor":19.0},{"not_picked":["Poisoned Stab","Blur"],"picked":"PiercingWail","floor":20.0},{"not_picked":["Noxious Fumes","Slice","Underhanded Strike"],"picked":"SKIP","floor":23.0},{"not_picked":["Riddle With Holes","Quick Slash"],"picked":"Bullet Time","floor":27.0},{"not_picked":["Blade Dance","Flying Knee","Bane"],"picked":"SKIP","floor":30.0},{"not_picked":["Glass Knife","A Thousand Cuts"],"picked":"Venomology","floor":33.0},{"not_picked":["Bane","Dagger Spray"],"picked":"Backflip+1","floor":35.0},{"not_picked":["Prepared","Underhanded Strike"],"picked":"Outmaneuver+1","floor":37.0},{"not_picked":["Deflect","Predator","Deadly Poison"],"picked":"SKIP","floor":38.0},{"not_picked":["Prepared","Setup+1"],"picked":"Acrobatics+1","floor":39.0},{"not_picked":["Venomology","Storm of Steel","Slice"],"picked":"SKIP","floor":40.0},{"not_picked":["Prepared","Cloak And Dagger","PiercingWail"],"picked":"SKIP","floor":42.0},{"not_picked":["Concentrate","PiercingWail+1"],"picked":"Catalyst","floor":45.0},{"not_picked":["Poisoned Stab","Reflex","Outmaneuver"],"picked":"SKIP","floor":46.0},{"not_picked":["Outmaneuver","Acrobatics","Flechettes+1"],"picked":"SKIP","floor":47.0},{"not_picked":["Distraction+1","Tactician","Escape Plan"],"picked":"SKIP","floor":48.0},{"not_picked":["Bane","Crippling Poison","Predator"],"picked":"SKIP","floor":55.0}],"player_experience":587552,"relics_obtained":[{"floor":6.0,"key":"Mango"},{"floor":8.0,"key":"Vajra"},{"floor":9.0,"key":"Ninja Scroll"},{"floor":10.0,"key":"Dream Catcher"},{"floor":23.0,"key":"Art of War"},{"floor":26.0,"key":"Paper Crane"},{"floor":30.0,"key":"Snake Skull"},{"floor":40.0,"key":"Kunai"},{"floor":42.0,"key":"Shuriken"},{"floor":46.0,"key":"Darkstone Periapt"},{"floor":55.0,"key":"Turnip"}],"event_choices":[{"damage_healed":0.0,"max_hp_gain":0.0,"max_hp_loss":0.0,"gold_gain":0.0,"event_name":"FaceTrader","player_choice":"Trade","floor":2.0,"gold_loss":0.0,"damage_taken":0.0,"relics_obtained":["SsserpentHead"]},{"damage_healed":0.0,"max_hp_gain":0.0,"max_hp_loss":6.0,"gold_gain":0.0,"event_name":"Golden Idol","player_choice":"Lose Max HP","floor":4.0,"gold_loss":0.0,"damage_taken":0.0,"relics_obtained":["Golden Idol"]},{"damage_healed":0.0,"max_hp_gain":0.0,"max_hp_loss":0.0,"gold_gain":0.0,"event_name":"Forgotten Altar","player_choice":"Gave Idol","floor":21.0,"relics_lost":["Golden Idol"],"gold_loss":0.0,"damage_taken":0.0,"relics_obtained":["Bloody Idol"]},{"damage_healed":0.0,"max_hp_gain":0.0,"max_hp_loss":0.0,"gold_gain":0.0,"event_name":"Addict","player_choice":"Obtained Relic","floor":22.0,"gold_loss":85.0,"damage_taken":0.0,"relics_obtained":["Bag of Preparation"]},{"cards_removed":["Strike_G"],"damage_healed":0.0,"max_hp_gain":0.0,"max_hp_loss":0.0,"gold_gain":0.0,"event_name":"Purifier","player_choice":"Purged","floor":25.0,"gold_loss":0.0,"damage_taken":0.0},{"damage_healed":0.0,"max_hp_gain":0.0,"max_hp_loss":0.0,"gold_gain":0.0,"event_name":"Drug Dealer","player_choice":"Inject Mutagens","floor":29.0,"gold_loss":0.0,"damage_taken":0.0,"relics_obtained":["MutagenicStrength"]},{"cards_removed":["Strike_G"],"damage_healed":0.0,"max_hp_gain":0.0,"max_hp_loss":0.0,"gold_gain":0.0,"event_name":"Purifier","player_choice":"Purged","floor":36.0,"gold_loss":0.0,"damage_taken":0.0}],"is_beta":false,"boss_relics":[{"not_picked":["Pandora\u0027s Box","Ring of the Serpent"],"picked":"Coffee Dripper"},{"not_picked":["SacredBark","Calling Bell"],"picked":"Runic Pyramid"}],"items_purged_floors":[7,31,54],"is_endless":false,"potions_floor_spawned":[1,3,10,12,18,19,23,35,38,46,47,55],"killed_by":"The Heart","ascension_level":20}}