{"host":"og6lam4kt3nibbw0","time":1609956293,"event":{"mods":["AchievementEnabler","BaseMod","Colored Map","DeckTracker","Highlight Path","Keyboard Shortcuts","Minty Spire (QoL Compilation)","Permanent Neow","Quick Restart","StSLib","SuperFastMode"],"gold_per_floor":[118,134,134,148,164,196,31,41,41,56,74,74,87,121,121,121,121],"floor_reached":16,"playtime":714,"items_purged":["Strike_B"],"score":232,"play_id":"b9092465-fb22-47e8-b18e-02cf831ada9f","local_time":"20210107030453","is_ascension_mode":true,"campfire_choices":[{"floor":12,"key":"REST"},{"floor":15,"key":"REST"}],"circlet_count":0,"master_deck":["AscendersBane","Strike_B","Strike_B","Strike_B","Defend_B","Defend_B","Defend_B","Defend_B","Zap","Dualcast","Biased Cognition","Redo","Undo","Core Surge","Storm","Heatsinks","Leap","Go for the Eyes","Self Repair"],"relics":["Cracked Core","Anchor","Cables","Ornamental Fan"],"acts_visited":["Exordium"],"potions_floor_usage":[10,11,14,16],"damage_taken":[{"damage":9.0,"enemies":"Small Slimes","floor":1.0,"turns":3.0},{"damage":1.0,"enemies":"Cultist","floor":2.0,"turns":3.0},{"damage":0,"enemies":"2 Louse","floor":4,"turns":3},{"damage":1,"enemies":"2 Fungi Beasts","floor":5,"turns":4},{"damage":11,"enemies":"Gremlin Nob","floor":6,"turns":3},{"damage":8,"enemies":"Blue Slaver","floor":8,"turns":3},{"damage":4,"enemies":"Exordium Thugs","floor":10,"turns":4},{"damage":14,"enemies":"Exordium Wildlife","floor":11,"turns":4},{"damage":8,"enemies":"Blue Slaver","floor":13,"turns":3},{"damage":20,"enemies":"3 Sentries","floor":14,"turns":5},{"damage":7,"enemies":"The Guardian","floor":16,"turns":5}],"seed_played":"-2440384219648902704","potions_obtained":[{"floor":4,"key":"Energy Potion"},{"floor":8,"key":"Explosive Potion"},{"floor":13,"key":"FocusPotion"},{"floor":14,"key":"Explosive Potion"}],"is_trial":false,"path_per_floor":["M","M","?","M","M","E","$","M","T","M","M","R","M","E","R","B"],"character_chosen":"DEFECT","items_purchased":["Heatsinks"],"campfire_rested":2,"item_purchase_floors":[7],"current_hp_per_floor":[55,54,54,54,53,42,42,34,34,30,16,35,27,7,26,19,19],"gold":121,"neow_bonus":"THREE_RARE_CARDS","is_daily":false,"chose_seed":false,"campfire_upgraded":0,"win_rate":0.0,"timestamp":1609956293,"path_taken":["M","M","?","M","M","E","$","M","T","T","M","M","R","?","E","R","BOSS"],"items_purchased_type":["Card"],"build_version":"2020-12-22","purchased_purges":1,"victory":false,"max_hp_per_floor":[64,64,64,64,64,64,64,64,64,64,64,64,64,64,64,64,64],"card_choices":[{"not_picked":["Rainbow","Seek"],"picked":"Biased Cognition","floor":0.0},{"not_picked":["Rebound","Cold Snap"],"picked":"Redo","floor":1.0},{"not_picked":["Scrape","Barrage"],"picked":"Undo","floor":2.0},{"not_picked":["Stack","Consume","Redo"],"picked":"SKIP","floor":4},{"not_picked":["Coolheaded","Recycle"],"picked":"Storm","floor":5},{"not_picked":["Undo","Steam","Conserve Battery"],"picked":"SKIP","floor":6},{"not_picked":["All For One","Rebound"],"picked":"Leap","floor":8},{"not_picked":["Barrage","Darkness","Hello World"],"picked":"SKIP","floor":10},{"not_picked":["Cold Snap","Reprogram"],"picked":"Go for the Eyes","floor":11},{"not_picked":["Barrage","Go for the Eyes","Rebound"],"picked":"SKIP","floor":13},{"not_picked":["Hologram","Coolheaded"],"picked":"Self Repair","floor":14}],"player_experience":823243,"relics_obtained":[{"floor":6,"key":"Anchor"},{"floor":9,"key":"Cables"},{"floor":14,"key":"Ornamental Fan"}],"event_choices":[{"damage_healed":0,"gold_gain":0,"player_choice":"1 cards matched","damage_taken":0,"max_hp_gain":0,"max_hp_loss":0,"event_name":"Match and Keep!","floor":3,"gold_loss":0,"cards_obtained":["Core Surge"]}],"is_beta":false,"boss_relics":[],"items_purged_floors":[7],"is_endless":false,"potions_floor_spawned":[4,8,13,14],"killed_by":"The Guardian","ascension_level":20}}