{"host":"2461dio7vetlq1z3","time":1609892612,"event":{"mods":["2.2 Compatiblity","AchievementEnabler","BaseMod","Better Third Choice","Friendly Minions","Minty Spire (QoL Compilation)","Relic Stats","Spicy Shops","StSLib","The Marked","Waifu the Spire"],"gold_per_floor":[112,132,152,172,172,210,230,230,230,243,243,243,243,243,243,243,243],"floor_reached":16,"playtime":487,"items_purged":[],"score":117,"play_id":"188dc357-cc6b-44a8-91df-987b3fe222c6","local_time":"20210106012332","is_ascension_mode":true,"campfire_choices":[{"floor":8,"key":"REST"},{"data":"theMarked:Improvise","floor":11,"key":"SMITH"},{"floor":15,"key":"REST"}],"circlet_count":0,"master_deck":["theMarked:Strike","theMarked:Strike","theMarked:Strike","theMarked:Strike","theMarked:Defend","theMarked:Defend","theMarked:Defend","theMarked:Defend","theMarked:SoldierOfQuellstein","theMarked:ElectricStrings","theMarked:WardOff","theMarked:StartUp","theMarked:ComboAttacks","theMarked:SwordAndMagic","theMarked:Improvise+1","theMarked:MuscleMemory"],"relics":["theMarked:SpiritSword","Golden Idol","Bronze Scales","Singing Bowl","Anchor"],"acts_visited":["Exordium"],"potions_floor_usage":[6],"damage_taken":[{"damage":10,"enemies":"Small Slimes","floor":1,"turns":4},{"damage":4,"enemies":"Jaw Worm","floor":2,"turns":4},{"damage":3,"enemies":"2 Louse","floor":3,"turns":3},{"damage":15,"enemies":"Large Slime","floor":4,"turns":7},{"damage":22,"enemies":"Gremlin Nob","floor":6,"turns":5},{"damage":3,"enemies":"Blue Slaver","floor":7,"turns":3},{"damage":2,"enemies":"3 Louse","floor":10,"turns":4},{"damage":0,"enemies":"The Guardian","floor":16,"turns":1}],"seed_played":"4889607904767626958","potions_obtained":[{"floor":2,"key":"PowerPotion"},{"floor":3,"key":"Explosive Potion"}],"is_trial":false,"path_per_floor":["M","M","M","M","?","E","M","R","T","M","R","?","?","?","R","B"],"character_chosen":"THE_DEFAULT","items_purchased":[],"campfire_rested":2,"item_purchase_floors":[],"current_hp_per_floor":[60,56,53,38,38,16,13,32,32,30,30,23,5,5,24,24,24],"gold":243,"neow_bonus":"BOSS_RELIC","is_daily":false,"chose_seed":false,"campfire_upgraded":1,"win_rate":0.0,"timestamp":1609892612,"path_taken":["M","M","M","M","?","E","M","R","T","M","R","?","?","?","R","BOSS"],"items_purchased_type":[],"build_version":"2020-12-22","purchased_purges":0,"victory":false,"max_hp_per_floor":[70,70,70,70,65,65,65,65,65,65,65,65,65,65,65,65,65],"relic_stats":{"Singing Bowl":0,"counters":[8,31],"Golden Idol":15,"Bronze Scales":[15],"obtain_stats":[{"theMarked:ArtifactOfAir":0,"Anchor":13,"Singing Bowl":9,"Golden Idol":5,"Bronze Scales":6,"theMarked:SpiritSword":0},{"theMarked:ArtifactOfAir":0,"Anchor":7,"Singing Bowl":6,"Golden Idol":4,"Bronze Scales":5,"theMarked:SpiritSword":0},{"theMarked:ArtifactOfAir":0,"Anchor":30,"Singing Bowl":26,"Golden Idol":18,"Bronze Scales":23,"theMarked:SpiritSword":0}]},"card_choices":[{"not_picked":["theMarked:RepellingDischarge","theMarked:Seal"],"picked":"theMarked:ElectricStrings","floor":1},{"not_picked":["theMarked:ChainLightning","theMarked:WastefulAttack"],"picked":"theMarked:WardOff","floor":2},{"not_picked":["theMarked:RepellingDischarge","theMarked:Electrocute"],"picked":"theMarked:StartUp","floor":3},{"not_picked":["theMarked:ElectricStrings","theMarked:Static"],"picked":"theMarked:ComboAttacks","floor":4},{"not_picked":["theMarked:Parkour","theMarked:Panic"],"picked":"theMarked:SwordAndMagic","floor":6},{"not_picked":["theMarked:Frustration","theMarked:ComboAttacks"],"picked":"theMarked:Improvise","floor":7},{"not_picked":["theMarked:Panic","theMarked:Opportunist"],"picked":"theMarked:MuscleMemory","floor":10}],"player_experience":1075418,"relics_obtained":[{"floor":6,"key":"Bronze Scales"},{"floor":9,"key":"Singing Bowl"}],"event_choices":[{"damage_healed":0,"gold_gain":0,"player_choice":"Lose Max HP","damage_taken":0,"relics_obtained":["Golden Idol"],"max_hp_gain":0,"max_hp_loss":5,"event_name":"Golden Idol","floor":5,"gold_loss":0},{"cards_removed":["theMarked:Strike"],"damage_healed":0,"gold_gain":0,"player_choice":"Card Removal","damage_taken":7,"max_hp_gain":0,"max_hp_loss":0,"event_name":"Golden Wing","floor":12,"gold_loss":0},{"damage_healed":0,"gold_gain":0,"player_choice":"Relic ","damage_taken":18,"max_hp_gain":0,"max_hp_loss":0,"event_name":"betterThird:BetterScrap","floor":13,"gold_loss":0,"cards_obtained":["WreathOfFlame"]},{"damage_healed":0,"gold_gain":0,"player_choice":"Searched \u00270\u0027 times","damage_taken":0,"max_hp_gain":0,"max_hp_loss":0,"event_name":"Dead Adventurer","floor":14,"gold_loss":0}],"is_beta":false,"boss_relics":[],"items_purged_floors":[],"is_endless":false,"potions_floor_spawned":[2,3],"killed_by":"The Guardian","ascension_level":3}}