{"host":"newqdrzxfhh2im9e","time":1609915051,"event":{"mods":["AchievementEnabler","BaseMod","BetterRewards","Block Reminder","Colored Map","Jorbs\u0027s Wanderer Trilogy","Minty Spire (QoL Compilation)","Rare Cards Sparkle","Shop Mod","StSLib"],"gold_per_floor":[112,212,225,242,8,8,33,48,48,48,67,67,30,50,50,145,145,163,13,26,26,26,26,26,26],"floor_reached":24,"playtime":913,"items_purged":[],"score":198,"play_id":"7fb4b215-b30b-496f-8563-c5a5e02300ba","local_time":"20210105223731","is_ascension_mode":false,"campfire_choices":[{"data":"BattleHymn","floor":6,"key":"SMITH"},{"floor":10,"key":"REST"},{"floor":15,"key":"REST"},{"floor":23,"key":"REST"}],"circlet_count":0,"master_deck":["Strike_P","Strike_P","Strike_P","Strike_P","Defend_P","Defend_P","Defend_P","Defend_P","Eruption","Vigilance","ConjureBlade","BattleHymn+1","SandsOfTime","LikeWater","Fasting2","TalkToTheHand","Study","CarveReality","Consecrate","DevaForm","CurseOfTheBell","ReachHeaven","Perseverance+1"],"relics":["PureWater","ClockworkSouvenir","Art of War","Darkstone Periapt","Calling Bell","Omamori","White Beast Statue","Pocketwatch","Bag of Marbles"],"acts_visited":["Exordium","TheCity"],"potions_floor_usage":[7,12,18,18,24,24],"damage_taken":[{"damage":6,"enemies":"Jaw Worm","floor":1,"turns":4},{"damage":6,"enemies":"Cultist","floor":3,"turns":3},{"damage":0,"enemies":"2 Louse","floor":4,"turns":2},{"damage":22,"enemies":"Gremlin Nob","floor":7,"turns":4},{"damage":10,"enemies":"Looter","floor":8,"turns":3},{"damage":7,"enemies":"2 Fungi Beasts","floor":11,"turns":3},{"damage":7,"enemies":"Blue Slaver","floor":12,"turns":2},{"damage":11,"enemies":"3 Louse","floor":14,"turns":4},{"damage":37,"enemies":"Hexaghost","floor":16,"turns":11},{"damage":16,"enemies":"Shell Parasite","floor":18,"turns":6},{"damage":44,"enemies":"3 Byrds","floor":20,"turns":6},{"damage":42,"enemies":"Gremlin Leader","floor":24,"turns":2}],"seed_played":"-7053480405193466073","potions_obtained":[{"floor":3,"key":"LiquidBronze"},{"floor":11,"key":"SmokeBomb"},{"floor":14,"key":"SpeedPotion"},{"floor":16,"key":"Block Potion"},{"floor":18,"key":"Dexterity Potion"},{"floor":20,"key":"Fire Potion"}],"is_trial":false,"path_per_floor":["M","?","M","M","$","R","E","M","T","R","M","M","$","M","R","B",null,"M","$","M","?","?","R","E"],"character_chosen":"WATCHER","items_purchased":["ClockworkSouvenir","LikeWater","CarveReality","Bag of Marbles"],"campfire_rested":3,"item_purchase_floors":[5,5,13,19],"current_hp_per_floor":[66,66,60,60,60,60,38,28,28,49,42,35,35,24,45,8,78,62,62,18,18,18,41,0,0],"gold":26,"neow_bonus":"ONE_RANDOM_RARE_CARD","is_daily":false,"chose_seed":false,"campfire_upgraded":1,"win_rate":0.0,"timestamp":1609915051,"path_taken":["M","?","M","M","$","R","E","?","T","R","M","M","$","M","R","BOSS","M","$","M","?","?","R","E"],"items_purchased_type":["Relic","Card","Card","Relic"],"build_version":"2020-12-22","purchased_purges":0,"victory":false,"max_hp_per_floor":[72,72,72,72,72,72,72,72,72,72,72,72,72,72,72,72,78,78,78,78,78,78,78,78,78],"card_choices":[{"not_picked":["SashWhip","FlurryOfBlows","CrushJoints"],"picked":"SKIP","floor":1},{"not_picked":["Tantrum","CrushJoints"],"picked":"BattleHymn","floor":3},{"not_picked":["Evaluate","FlurryOfBlows"],"picked":"SandsOfTime","floor":4},{"not_picked":["Evaluate","EmptyBody"],"picked":"Fasting2","floor":7},{"not_picked":["Evaluate","CutThroughFate"],"picked":"TalkToTheHand","floor":8},{"not_picked":["EmptyBody","CutThroughFate"],"picked":"Study","floor":11},{"not_picked":["Crescendo","EmptyBody"],"picked":"Consecrate","floor":14},{"not_picked":["MasterReality","Vault"],"picked":"DevaForm","floor":16},{"not_picked":["Halt","ThirdEye"],"picked":"ReachHeaven","floor":18},{"not_picked":["EmptyFist","CarveReality"],"picked":"Perseverance+1","floor":20}],"player_experience":695519,"relics_obtained":[{"floor":7,"key":"Art of War"},{"floor":9,"key":"Darkstone Periapt"},{"floor":17,"key":"Omamori"},{"floor":17,"key":"White Beast Statue"},{"floor":17,"key":"Pocketwatch"}],"event_choices":[{"damage_healed":0,"gold_gain":100,"player_choice":"Pray","damage_taken":0,"max_hp_gain":0,"max_hp_loss":0,"event_name":"Golden Shrine","floor":2,"gold_loss":0},{"damage_healed":0,"gold_gain":0,"player_choice":"Ignored","damage_taken":0,"max_hp_gain":0,"max_hp_loss":0,"event_name":"Ghosts","floor":21,"gold_loss":0},{"damage_healed":0,"gold_gain":0,"player_choice":"Ignored","damage_taken":0,"max_hp_gain":0,"max_hp_loss":0,"event_name":"Cursed Tome","floor":22,"gold_loss":0}],"is_beta":false,"boss_relics":[{"not_picked":["SacredBark","VioletLotus"],"picked":"Calling Bell"}],"items_purged_floors":[],"is_endless":false,"potions_floor_spawned":[3,11,12,14,16,18,20],"killed_by":"Gremlin Leader","ascension_level":0}}