{"host":"6p0attdrtjqaih7v","time":1609965610,"event":{"mods":["2.2 Compatiblity","AchievementEnabler","Bard","BaseMod","Better Skull","Better Third Choice","Colored Powertips","Hermit","Highlight Path","Jorbs\u0027s Wanderer Trilogy","Key Reminder","Minty Spire (QoL Compilation)","Permanent Neow","Quick Restart","Random Character Button","Relic Stats","Replay The Spire","StSLib","The Construct"],"gold_per_floor":[115,130,130,40,40,73,87,118,118,118,131,131,148,180,180,255,255,273,286,305,305,325,351,351,386,411,411,422,135,135,151,151,226,226,242,242,253,268,168,196,196,230,230,230,230,230,249,269,269,269],"floor_reached":51,"playtime":2728,"items_purged":["Strike_R+1","Strike_R+1"],"score":1473,"play_id":"e345c650-db6b-4b86-9e9d-a7b8c57cac6f","local_time":"20210106154010","is_ascension_mode":true,"campfire_choices":[{"data":"Disarm","floor":10,"key":"SMITH"},{"data":"Bash","floor":12,"key":"SMITH"},{"data":"Spot Weakness","floor":15,"key":"SMITH"},{"data":"Combust","floor":24,"key":"SMITH"},{"data":"Blood for Blood","floor":30,"key":"SMITH"},{"data":"Shockwave","floor":32,"key":"SMITH"},{"data":"Immolate","floor":41,"key":"SMITH"},{"data":"Demonic Infusion","floor":44,"key":"SMITH"},{"data":"ReplayTheSpireMod:Limb From Limb","floor":49,"key":"SMITH"}],"circlet_count":0,"master_deck":["AscendersBane","Strike_R+1","Defend_R+1","Defend_R+1","Defend_R+1","Defend_R+1","Bash+1","Disarm+1","Twin Strike","Spot Weakness+1","Combust+1","Battle Trance","Blood for Blood+1","True Grit","Offering","Shrug It Off","Reaper","Shrug It Off+1","Thunderclap","Havoc+1","Impervious","True Grit+1","Pommel Strike","Feed","Demonic Infusion+1","Shockwave+1","Immolate+1","ReplayTheSpireMod:Limb From Limb+1","Sword Boomerang+1"],"relics":["Burning Blood","Incense Burner","Replay:Kaleidoscope","Anchor","Shovel","Replay:Bottled Flurry","Philosopher\u0027s Stone","Pet Ghost","Tiny Chest","PreservedInsect","BargainBundle","Runic Pyramid","Ancient Tea Set","Akabeko","TungstenRod","Dream Catcher"],"acts_visited":["Exordium","TheCity","TheBeyond"],"potions_floor_usage":[6,23,25,31,33,42,42,50],"damage_taken":[{"damage":8,"enemies":"2 Louse","floor":1,"turns":4},{"damage":0,"enemies":"Small Slimes","floor":2,"turns":4},{"damage":17,"enemies":"3 Sentries","floor":6,"turns":8},{"damage":1,"enemies":"Cultist","floor":7,"turns":3},{"damage":28,"enemies":"Lagavulin","floor":8,"turns":7},{"damage":2,"enemies":"2 Fungi Beasts","floor":11,"turns":5},{"damage":6,"enemies":"Large Slime","floor":13,"turns":4},{"damage":12,"enemies":"3 Sentries","floor":14,"turns":6},{"damage":8,"enemies":"Hexaghost","floor":16,"turns":7},{"damage":12,"enemies":"2 Thieves","floor":18,"turns":4},{"damage":16,"enemies":"Chosen","floor":19,"turns":4},{"damage":12,"enemies":"Snake Plant","floor":20,"turns":4},{"damage":0,"enemies":"Snecko","floor":22,"turns":4},{"damage":53,"enemies":"Slavers","floor":23,"turns":5},{"damage":14,"enemies":"Gremlin Leader","floor":25,"turns":6},{"damage":22,"enemies":"Shelled Parasite and Fungi","floor":28,"turns":5},{"damage":9,"enemies":"3 Cultists","floor":31,"turns":5},{"damage":48,"enemies":"Collector","floor":33,"turns":8},{"damage":6,"enemies":"Orb Walker","floor":35,"turns":4},{"damage":7,"enemies":"3 Shapes","floor":37,"turns":7},{"damage":10,"enemies":"Writhing Mass","floor":38,"turns":8},{"damage":29,"enemies":"Giant Head","floor":40,"turns":7},{"damage":16,"enemies":"Reptomancer","floor":42,"turns":3},{"damage":41,"enemies":"Spire Growth","floor":47,"turns":7},{"damage":20,"enemies":"Maw","floor":48,"turns":7},{"damage":75,"enemies":"Awakened One","floor":50,"turns":13}],"seed_played":"8799149514993756955","potions_obtained":[{"floor":1,"key":"SpeedPotion"},{"floor":7,"key":"Fire Potion"},{"floor":8,"key":"DistilledChaos"},{"floor":13,"key":"LiquidMemories"},{"floor":25,"key":"LiquidMemories"},{"floor":31,"key":"GamblersBrew"},{"floor":38,"key":"BlessingOfTheForge"},{"floor":47,"key":"Elixir"}],"is_trial":false,"path_per_floor":["M","M","?","$","?","E","M","E","T","R","M","R","M","E","R","B",null,"M","M","M","?","M","E","R","E","T","?","M","$","R","M","R","B",null,"M","?","M","M","$","E","R","E","T","R","?","T","M","M","R","B",null],"character_chosen":"IRONCLAD","items_purchased":["Battle Trance","BargainBundle","Feed","Demonic Infusion","Heavy Blade","Swift Potion"],"campfire_rested":0,"item_purchase_floors":[4,29,29,29,29,29],"current_hp_per_floor":[66,68,68,68,68,57,62,40,40,40,44,44,44,38,38,36,60,68,67,66,66,68,31,31,41,41,41,37,37,37,61,61,46,67,70,70,80,79,79,77,77,96,96,96,96,96,87,90,90,33],"gold":269,"neow_bonus":"TRANSFORM_TWO_CARDS","is_daily":false,"chose_seed":false,"campfire_upgraded":9,"win_rate":0.0,"timestamp":1609965610,"path_taken":["M","M","?","$","?","E","?","E","T","R","M","R","M","E","R","BOSS","M","M","M","?","M","E","R","E","T","?","M","$","R","M","R","BOSS","M","?","M","M","$","E","R","E","T","R","?","?","M","M","R","BOSS"],"items_purchased_type":["Card","Relic","Card","Card","Card","Potion"],"build_version":"2020-12-22","purchased_purges":2,"victory":true,"max_hp_per_floor":[68,68,68,68,68,68,68,68,68,68,68,68,68,68,68,68,68,68,68,68,68,68,68,68,68,68,68,68,68,68,71,71,74,74,77,77,80,83,83,91,91,100,100,100,100,100,108,116,116,116],"relic_stats":{"Dream Catcher":0,"Shovel":0,"counters":[26,149],"Tiny Chest":1,"PreservedInsect":191,"obtain_stats":[{"BargainBundle":29,"PreservedInsect":26,"Incense Burner":5,"Replay:Kaleidoscope":6,"Ancient Tea Set":40,"Burning Blood":0,"Pet Ghost":23,"Akabeko":42,"Anchor":8,"Dream Catcher":46,"Shovel":9,"Philosopher\u0027s Stone":17,"Tiny Chest":25,"Replay:Bottled Flurry":14,"TungstenRod":43,"Runic Pyramid":34},{"BargainBundle":16,"PreservedInsect":15,"Incense Burner":2,"Replay:Kaleidoscope":3,"Ancient Tea Set":22,"Burning Blood":0,"Pet Ghost":14,"Akabeko":23,"Anchor":5,"Dream Catcher":23,"Shovel":5,"Philosopher\u0027s Stone":9,"Tiny Chest":15,"Replay:Bottled Flurry":8,"TungstenRod":23,"Runic Pyramid":18},{"BargainBundle":80,"PreservedInsect":75,"Incense Burner":8,"Replay:Kaleidoscope":16,"Ancient Tea Set":119,"Burning Blood":0,"Pet Ghost":69,"Akabeko":122,"Anchor":26,"Dream Catcher":122,"Shovel":26,"Philosopher\u0027s Stone":48,"Tiny Chest":75,"Replay:Bottled Flurry":41,"TungstenRod":122,"Runic Pyramid":93}],"Burning Blood":135,"TungstenRod":40},"card_choices":[{"not_picked":["Ghostly Armor","Wild Strike"],"picked":"Spot Weakness","floor":1},{"not_picked":["Reckless Charge","Clash"],"picked":"Combust","floor":2},{"not_picked":["Flex","Brutality"],"picked":"Blood for Blood","floor":6},{"not_picked":["Power Through","Spot Weakness"],"picked":"True Grit","floor":7},{"not_picked":["Rampage","Bloodletting"],"picked":"Offering","floor":8},{"not_picked":["Flex","Perfected Strike"],"picked":"Shrug It Off","floor":11},{"not_picked":["Havoc","Fire Breathing","Flex"],"picked":"SKIP","floor":13},{"not_picked":["Havoc","Fire Breathing","Flex"],"picked":"SKIP","floor":13},{"not_picked":["Flex","Wild Strike","Iron Wave"],"picked":"SKIP","floor":14},{"not_picked":["Demonic Infusion","Limit Break"],"picked":"Reaper","floor":16},{"not_picked":["Fire Breathing","Twin Strike"],"picked":"Shrug It Off+1","floor":18},{"not_picked":["Shrug It Off","Cleave"],"picked":"Thunderclap","floor":19},{"not_picked":["Iron Wave","Dropkick"],"picked":"Havoc+1","floor":20},{"not_picked":["Shrug It Off","Headbutt"],"picked":"Impervious","floor":22},{"not_picked":["Abandon","Iron Wave"],"picked":"True Grit+1","floor":23},{"not_picked":["Heavy Blade","Seeing Red"],"picked":"Pommel Strike","floor":25},{"not_picked":["Flex+1","Iron Wave","Armaments"],"picked":"SKIP","floor":28},{"not_picked":["Bloodletting","Abandon"],"picked":"Shockwave","floor":31},{"not_picked":["Demonic Infusion","Bludgeon"],"picked":"Immolate","floor":33},{"not_picked":["Evolve+1","Searing Blow","Twin Strike"],"picked":"SKIP","floor":35},{"not_picked":["Shrug It Off","Pommel Strike+1","Evolve+1"],"picked":"SKIP","floor":37},{"not_picked":["Dropkick","Infernal Blade","Cleave"],"picked":"SKIP","floor":38},{"not_picked":["Clothesline","Havoc+1","Anger"],"picked":"SKIP","floor":40},{"not_picked":["Havoc","Rage+1"],"picked":"ReplayTheSpireMod:Limb From Limb","floor":42},{"not_picked":["Impervious","True Grit+1"],"picked":"Sword Boomerang+1","floor":47},{"not_picked":["Cleave+1","Whirlwind","True Grit"],"picked":"SKIP","floor":48}],"player_experience":957809,"relics_obtained":[{"floor":5,"key":"Incense Burner"},{"floor":6,"key":"Replay:Kaleidoscope"},{"floor":8,"key":"Anchor"},{"floor":9,"key":"Shovel"},{"floor":14,"key":"Replay:Bottled Flurry"},{"floor":23,"key":"Pet Ghost"},{"floor":25,"key":"Tiny Chest"},{"floor":26,"key":"PreservedInsect"},{"floor":40,"key":"Ancient Tea Set"},{"floor":42,"key":"Akabeko"},{"floor":43,"key":"TungstenRod"},{"floor":46,"key":"Dream Catcher"}],"event_choices":[{"damage_healed":0,"gold_gain":0,"player_choice":"Relic","damage_taken":0,"max_hp_gain":0,"max_hp_loss":0,"event_name":"Wheel of Change","floor":5,"gold_loss":0},{"damage_healed":0,"gold_gain":0,"player_choice":"Ignored","damage_taken":0,"max_hp_gain":0,"max_hp_loss":0,"event_name":"Ghosts","floor":21,"gold_loss":0},{"damage_healed":0,"gold_gain":0,"player_choice":"Simplicity","damage_taken":0,"max_hp_gain":0,"max_hp_loss":0,"event_name":"Back to Basics","floor":27,"gold_loss":0,"cards_upgraded":["Strike_R","Strike_R","Strike_R","Defend_R","Defend_R","Defend_R"]},{"cards_removed":["Heavy Blade"],"damage_healed":0,"gold_gain":0,"player_choice":"Removed Attack","damage_taken":0,"max_hp_gain":0,"max_hp_loss":0,"event_name":"Falling","floor":36,"gold_loss":0}],"is_beta":false,"boss_relics":[{"not_picked":["Kintsugi","Runic Cube"],"picked":"Philosopher\u0027s Stone"},{"not_picked":["ChewingGum","Replay:Ancient Bell"],"picked":"Runic Pyramid"}],"items_purged_floors":[29,39],"is_endless":false,"potions_floor_spawned":[1,7,8,13,16,19,20,25,31,38,40,47],"ascension_level":19}}