{"host":"7gewg82ormp6yt4e","time":1609933663,"event":{"mods":["BaseMod","Block Reminder","Colored Map","Colored Powertips","DeckTracker","Highlight Path","Minty Spire (QoL Compilation)","Relic Stats","StSLib","ojb\u0027s Info Mod"],"gold_per_floor":[115,115,115,131,56,91,91,110,110,141,153,153,179,95,95,166,166,184,20,35,65,65,65,65,65],"floor_reached":24,"playtime":944,"items_purged":["Strike_B"],"score":524,"play_id":"1d576a31-6acd-42c3-a003-7e09859d55ee","local_time":"20210106204743","is_ascension_mode":true,"campfire_choices":[{"data":"Barrage","floor":7,"key":"SMITH"},{"data":"Zap","floor":12,"key":"SMITH"},{"data":"Hologram","floor":15,"key":"SMITH"},{"floor":23,"key":"REST"}],"circlet_count":0,"master_deck":["AscendersBane","Strike_B","Strike_B+1","Defend_B","Defend_B","Defend_B","Defend_B","Zap+1","Dualcast+1","Cold Snap","Glacier","Barrage+1","Machine Learning+1","Hologram+1","Ball Lightning","Hologram+1","Ball Lightning+1","Defragment+1","Core Surge","Compile Driver+1","Darkness","Defragment+1"],"relics":["Cracked Core","NeowsBlessing","Frozen Egg 2","Symbiotic Virus","War Paint","Vajra","Whetstone","Inserter","Red Mask","Akabeko"],"acts_visited":["Exordium","TheCity"],"potions_floor_usage":[10,13,16,21],"damage_taken":[{"damage":0,"enemies":"2 Louse","floor":1,"turns":1},{"damage":0,"enemies":"Jaw Worm","floor":4,"turns":1},{"damage":0,"enemies":"Gremlin Nob","floor":6,"turns":1},{"damage":0,"enemies":"Cultist","floor":8,"turns":3},{"damage":2,"enemies":"Lagavulin","floor":10,"turns":6},{"damage":0,"enemies":"Blue Slaver","floor":11,"turns":3},{"damage":0,"enemies":"Gremlin Nob","floor":13,"turns":2},{"damage":19,"enemies":"Hexaghost","floor":16,"turns":5},{"damage":22,"enemies":"2 Thieves","floor":18,"turns":3},{"damage":1,"enemies":"3 Byrds","floor":20,"turns":4},{"damage":14,"enemies":"Masked Bandits","floor":21,"turns":4},{"damage":46,"enemies":"Book of Stabbing","floor":24,"turns":4}],"seed_played":"-8243590732658943914","potions_obtained":[{"floor":1,"key":"SkillPotion"},{"floor":6,"key":"EssenceOfSteel"},{"floor":13,"key":"PowerPotion"},{"floor":20,"key":"SpeedPotion"}],"is_trial":false,"path_per_floor":["M","?","?","M","$","E","R","M","T","E","M","R","E","$","R","B",null,"M","$","M","?","?","R","E"],"character_chosen":"DEFECT","items_purchased":["Defragment+1","Darkness","DistilledChaos"],"campfire_rested":1,"item_purchase_floors":[14,19,19],"current_hp_per_floor":[64,64,53,53,53,53,53,53,53,51,51,51,51,51,51,32,61,39,39,38,24,24,45,0,0],"gold":65,"neow_bonus":"THREE_ENEMY_KILL","is_daily":false,"chose_seed":false,"campfire_upgraded":3,"win_rate":0.0,"timestamp":1609933663,"path_taken":["M","?","?","M","$","E","R","M","T","E","M","R","E","?","R","BOSS","M","$","?","?","?","R","E"],"items_purchased_type":["Card","Card","Potion"],"build_version":"2020-12-22","purchased_purges":1,"victory":false,"max_hp_per_floor":[71,71,71,71,71,71,71,71,71,71,71,71,71,71,71,71,71,71,71,71,71,71,71,71,71],"relic_stats":{"Inserter":[7],"counters":[12,37],"Whetstone":["Ball Lightning","Strike_B"],"War Paint":["Dualcast","Hologram"],"obtain_stats":[{"Inserter":17,"NeowsBlessing":0,"Vajra":10,"Red Mask":21,"Whetstone":13,"Frozen Egg 2":3,"War Paint":9,"Cracked Core":0,"Symbiotic Virus":6,"Akabeko":22},{"Inserter":8,"NeowsBlessing":0,"Vajra":5,"Red Mask":11,"Whetstone":7,"Frozen Egg 2":1,"War Paint":4,"Cracked Core":0,"Symbiotic Virus":3,"Akabeko":11},{"Inserter":22,"NeowsBlessing":0,"Vajra":12,"Red Mask":33,"Whetstone":17,"Frozen Egg 2":1,"War Paint":6,"Cracked Core":0,"Symbiotic Virus":3,"Akabeko":33}]},"card_choices":[{"not_picked":["Gash","Steam Power"],"picked":"Cold Snap","floor":1},{"not_picked":["Heatsinks+1","Leap"],"picked":"Barrage","floor":4},{"not_picked":["Scrape","Hologram"],"picked":"Machine Learning+1","floor":6},{"not_picked":["Storm+1","Beam Cell"],"picked":"Hologram","floor":8},{"not_picked":["Cold Snap","Redo"],"picked":"Ball Lightning","floor":10},{"not_picked":["Sweeping Beam","Gash"],"picked":"Hologram","floor":11},{"not_picked":["Conserve Battery","Reboot"],"picked":"Ball Lightning","floor":13},{"not_picked":["Fission","Rainbow"],"picked":"Core Surge","floor":16},{"not_picked":["Gash+1","FTL"],"picked":"Compile Driver+1","floor":18},{"not_picked":["Sweeping Beam","Redo"],"picked":"Defragment+1","floor":20}],"player_experience":2484210,"relics_obtained":[{"floor":6,"key":"Symbiotic Virus"},{"floor":9,"key":"War Paint"},{"floor":10,"key":"Vajra"},{"floor":13,"key":"Whetstone"},{"floor":21,"key":"Red Mask"}],"event_choices":[{"damage_healed":0,"gold_gain":0,"cards_transformed":["Strike_B"],"player_choice":"Change","damage_taken":0,"max_hp_gain":0,"max_hp_loss":0,"event_name":"Living Wall","floor":2,"gold_loss":0,"cards_obtained":["Glacier"]},{"damage_healed":0,"gold_gain":0,"player_choice":"Success","damage_taken":11,"relics_obtained":["Frozen Egg 2"],"max_hp_gain":0,"max_hp_loss":0,"event_name":"Scrap Ooze","floor":3,"gold_loss":0},{"damage_healed":0,"gold_gain":0,"player_choice":"Fought Bandits","damage_taken":0,"max_hp_gain":0,"max_hp_loss":0,"event_name":"Masked Bandits","floor":21,"gold_loss":0},{"damage_healed":0,"gold_gain":0,"player_choice":"Gave Potion","damage_taken":0,"relics_obtained":["Akabeko"],"max_hp_gain":0,"max_hp_loss":0,"event_name":"WeMeetAgain","floor":22,"gold_loss":0}],"is_beta":false,"boss_relics":[{"not_picked":["Velvet Choker","FrozenCore"],"picked":"Inserter"}],"items_purged_floors":[5],"is_endless":false,"potions_floor_spawned":[1,6,13,20],"killed_by":"Book of Stabbing","ascension_level":20}}