{"host":"8zg25aa619vmqq54","time":1609915155,"event":{"mods":["ATMod(∞¢Ë™Mod)","BaseMod","Downfall","Marisa£®ÏF”Í°°ƒß¿Ì…≥£©","Minty Spire (QoL Compilation)","Remilia£®¿Ÿ√◊¿Ú—«£©","Replay The Spire","Shop Mod","Spicy Shops","StSLib","The Alterego","The Animator","The Servant 0.9.4","°æ“≈ŒÔø®≈∆°øREMEMod"],"gold_per_floor":[99,124,138,153,153,153,179,197,212,276,276,60,80,92,106,201,201,201,218,232,232,246,276,300,67,181,73,129,129,4,39,74,229,229,229,271,314,392,19,87,110,110,174,34,80,155,201,268,295,331],"floor_reached":51,"playtime":4907,"items_purged":["Regret","Shame","Injury"],"score":974,"play_id":"2d84d0ae-64bb-451d-9f00-35feb73aaa97","local_time":"20210106143915","is_ascension_mode":true,"campfire_choices":[{"floor":1,"key":"RECALL"},{"data":"VampireClaw","floor":6,"key":"SMITH"},{"data":"TricksterDevil","floor":18,"key":"SMITH"},{"data":"HeartBreak","floor":35,"key":"SMITH"},{"data":"EquivalentExchange","floor":42,"key":"SMITH"}],"circlet_count":0,"master_deck":["Strike_RM","Strike_RM","Strike_RM","Strike_RM","Defend_RM+1","Defend_RM+1","Defend_RM","RedMoon","ScarletShoot","AT_FamilyPortrait+1","sneckomod:UnknownClassMARISA_COLOR","ScarletImprint","ScarletNetherworld+1","VampireClaw+1","QueenOfMidnight+1","ScarletSymphony","Stigmanizer","VampireKiss","BloodHunter","VampireKiss","VampireClaw","MillenniumVampire","TricksterDevil+1","ReplayTheSpireMod:Splinters","BlasphemousPunishment","FavorOfDestiny","UnstableMagic+1","RedRainbow","MiserableFate","NightDance","BombardNight","MillenniumVampire","J.A.X.","VampirishNight","HeartBreak+1","ScarletNetherworld+1","TwelveNightmare","FavorOfDestiny","Stigmanizer+1","EquivalentExchange+1","BombardNight+1","VampireSweep+1","BloodHunter+1","Secret Weapon","ReplayTheSpireMod:Splinters","BombardNight+1","VampirishNight+1","ChaoticDestiny+1","ScarletCoffin","ScarletCoffin","VampireKiss+1","ScarletImprint+1","NightDance"],"relics":["AT_ATBox","REME_ComplimentaryCards","AT_TrinityForce","Thread and Needle","Vajra","Replay:Ancient Bell","REME_PuzzleBoxRelic","Replay:Ringing Soul","TypeBBloodRedTea","ReplayTheSpireMod:Ring of Addiction","Potion Belt","SacredBark","ReplayTheSpireMod:TigerMarble","Replay:Bandana","Orichalcum","MutagenicStrength","Membership Card","Bag of Preparation","Letter Opener","AT_RedNoBalance","Gremlin Horn","Guide Book","Empty Cage","TungstenRod","REME_HandOfSuture","AT_ArchangelStaff","AT_ForceNature","Blue Doll","Dream Catcher","Pet Ghost","Juzu Bracelet","FairyMaid","Oddly Smooth Stone"],"acts_visited":["Exordium","TheCity","TheBeyond"],"potions_floor_usage":[9,16,23,25,28,31,33],"damage_taken":[{"damage":11,"enemies":"Jaw Worm","floor":2,"turns":2},{"damage":0,"enemies":"Small Slimes","floor":3,"turns":2},{"damage":6,"enemies":"2 Louse","floor":4,"turns":3},{"damage":0,"enemies":"Exordium Thugs","floor":8,"turns":3},{"damage":0,"enemies":"3 Louse","floor":9,"turns":4},{"damage":0,"enemies":"Gremlin Nob","floor":10,"turns":2},{"damage":3,"enemies":"downfall:FleeingMerchant","floor":12,"turns":4},{"damage":12,"enemies":"Large Slime","floor":13,"turns":4},{"damage":0,"enemies":"2 Fungi Beasts","floor":14,"turns":4},{"damage":6,"enemies":"Red Slaver","floor":15,"turns":7},{"damage":46,"enemies":"downfall:Ironclad","floor":16,"turns":7},{"damage":2,"enemies":"Chosen","floor":19,"turns":4},{"damage":0,"enemies":"Spheric Guardian","floor":20,"turns":2},{"damage":16,"enemies":"Centurion and Healer","floor":22,"turns":5},{"damage":6,"enemies":"Book of Stabbing","floor":23,"turns":3},{"damage":2,"enemies":"downfall:FleeingMerchant","floor":25,"turns":4},{"damage":4,"enemies":"downfall:Augmenter","floor":26,"turns":2},{"damage":0,"enemies":"downfall:FleeingMerchant","floor":27,"turns":4},{"damage":96,"enemies":"REME_1_Revenger","floor":28,"turns":4},{"damage":0,"enemies":"3 Cultists","floor":31,"turns":3},{"damage":0,"enemies":"Sentry and Sphere","floor":32,"turns":1},{"damage":94,"enemies":"downfall:Watcher","floor":33,"turns":6},{"damage":0,"enemies":"3 Darklings","floor":36,"turns":1},{"damage":9,"enemies":"3 Shapes","floor":37,"turns":1},{"damage":0,"enemies":"Mind Bloom Boss Battle","floor":38,"turns":2},{"damage":40,"enemies":"Transient","floor":43,"turns":5},{"damage":0,"enemies":"4 Shapes","floor":45,"turns":1},{"damage":0,"enemies":"Nemesis","floor":47,"turns":3},{"damage":0,"enemies":"2 Orb Walkers","floor":48,"turns":2},{"damage":0,"enemies":"3 Darklings","floor":49,"turns":1},{"damage":24,"enemies":"downfall:Silent","floor":50,"turns":4}],"seed_played":"-8310438633265923844","potions_obtained":[{"floor":2,"key":"Explosive Potion"},{"floor":3,"key":"DuplicationPotion"},{"floor":4,"key":"PowerPotion"},{"floor":9,"key":"Fruit Juice"},{"floor":10,"key":"Guardian:BlockOnCardUsePotion"},{"floor":14,"key":"REME_GoldPotion"},{"floor":16,"key":"LiquidMemories"},{"floor":21,"key":"Fire Potion"},{"floor":21,"key":"champ:CounterPotion"},{"floor":21,"key":"Weak Potion"},{"floor":22,"key":"Dexterity Potion"},{"floor":23,"key":"PowerPotion"},{"floor":29,"key":"DistilledChaos"},{"floor":29,"key":"PowerPotion"},{"floor":31,"key":"DuplicationPotion"},{"floor":32,"key":"LiquidMemories"},{"floor":33,"key":"BlessingOfTheForge"},{"floor":36,"key":"SteroidPotion"},{"floor":36,"key":"DuplicationPotion"},{"floor":46,"key":"downfall:CursedFountainPotion"},{"floor":49,"key":"Toxic Potion"}],"is_trial":false,"path_per_floor":["R","M","M","M","?","R","T","M","M","?","?","$","M","M","M","B",null,"R","M","M","?","M","E","T","$","?","$","E","?","$","M","M","B",null,"R","M","M","?","$","?","T","R","M","?","M","?","E","?","M","B",null],"character_chosen":"REMILIA","items_purchased":["BloodHunter","VampireKiss","Orichalcum","NightDance","Membership Card","Bag of Preparation","Letter Opener","ScarletNetherworld+1","Gremlin Horn","Guide Book","REME_HandOfSuture","AT_ArchangelStaff","AT_ForceNature","Secret Weapon","Pet Ghost","ChaoticDestiny+1","ScarletCoffin"],"campfire_rested":0,"item_purchase_floors":[12,12,25,25,27,27,27,27,30,30,39,39,39,39,44,44,44],"current_hp_per_floor":[75,65,65,59,47,47,47,47,54,58,58,58,49,53,54,26,89,89,92,95,98,101,100,100,105,114,117,54,54,57,83,70,135,135,135,73,74,94,97,100,100,100,147,150,153,151,154,157,158,158],"gold":331,"neow_bonus":"BOSS_RELIC","is_daily":false,"chose_seed":false,"campfire_upgraded":4,"win_rate":0.0,"timestamp":1609915155,"path_taken":["R","M","M","M","?","R","T","M","M","?","?","$","M","M","M","BOSS","R","M","M","?","M","E","T","$","?","$","E","?","$","M","M","BOSS","R","M","M","?","$","?","T","R","M","?","M","?","E","?","M","BOSS"],"items_purchased_type":["Card","Card","Relic","Card","Relic","Relic","Relic","Card","Relic","Relic","Relic","Relic","Relic","Card","Relic","Card","Card"],"build_version":"2020-12-22","purchased_purges":3,"victory":true,"max_hp_per_floor":[75,75,75,75,75,75,75,75,80,80,80,80,80,83,86,86,89,89,92,95,98,101,104,104,107,114,117,120,120,123,129,132,135,135,135,138,139,142,145,146,146,146,147,150,153,151,154,157,158,158],"card_choices":[{"not_picked":["VampireSweep","ScarletDevil"],"picked":"ScarletImprint","floor":2},{"not_picked":["UnderTheZenith","RedMagic"],"picked":"ScarletNetherworld","floor":3},{"not_picked":["VampireKiss","Septette"],"picked":"VampireClaw","floor":4},{"not_picked":["VampireFantasy","MastersStateliness"],"picked":"QueenOfMidnight","floor":8},{"not_picked":["FitfulNightmare","NightLord"],"picked":"ScarletSymphony","floor":9},{"not_picked":["RedRainbow","ScarletNetherworld"],"picked":"Stigmanizer","floor":10},{"not_picked":["CharismaGuard","TransientEternity"],"picked":"VampireKiss","floor":12},{"not_picked":["Ultimatum","StarOfDavid"],"picked":"VampireClaw","floor":13},{"not_picked":["ScarletNetherworld","BlasphemousPunishment"],"picked":"MillenniumVampire","floor":14},{"not_picked":["NightDance","BloodHunter"],"picked":"SuperhumanBloodyKnife","floor":15},{"not_picked":["HeartBreak","TransientEternity"],"picked":"TricksterDevil","floor":16},{"not_picked":["Replay:Hysterical Blindness","Decay"],"picked":"ReplayTheSpireMod:Splinters","floor":17},{"not_picked":["Gluttony_TH","Voices"],"picked":"Injury","floor":17},{"not_picked":["ReplayTheSpireMod:Restless Dread","Sloth_TH"],"picked":"Shame","floor":17},{"not_picked":["BadLadyScramble+1","BloodyTrap"],"picked":"BlasphemousPunishment","floor":19},{"not_picked":["NightDance","VampireKiss"],"picked":"FavorOfDestiny","floor":20},{"not_picked":["EmergencyRegeneration+1","Stigmanizer"],"picked":"UnstableMagic+1","floor":22},{"not_picked":["ScarletImprint","FitfulNightmare"],"picked":"RedRainbow","floor":23},{"not_picked":["BadLadyScramble","CharismaGuard"],"picked":"MiserableFate","floor":25},{"not_picked":[],"picked":"J.A.X.","floor":26},{"not_picked":["UnstableMagic","BloodHunter"],"picked":"VampirishNight","floor":26},{"not_picked":["CharismaGuard","VampireKiss"],"picked":"HeartBreak","floor":27},{"not_picked":["GlobalNightmare","UnderTheZenith+1"],"picked":"TwelveNightmare","floor":28},{"not_picked":["CharismaGuard","BloodHunter"],"picked":"FavorOfDestiny","floor":31},{"not_picked":["BloodAndWine","StarOfDavid"],"picked":"Stigmanizer+1","floor":32},{"not_picked":["ScarletMeister","CeilingFear"],"picked":"EquivalentExchange","floor":33},{"not_picked":["VampireClaw","StarOfDavid"],"picked":"BombardNight+1","floor":36},{"not_picked":["EndlessAdversity","ScarletGensokyo"],"picked":"VampireSweep+1","floor":37},{"not_picked":["HunterOfTheNight","VampireClaw"],"picked":"BloodHunter+1","floor":38},{"not_picked":["DevilSight+1","CharismaGuard"],"picked":"BombardNight+1","floor":40},{"not_picked":["BadLadyScramble","GlobalNightmare+1"],"picked":"VampirishNight+1","floor":43},{"not_picked":["BlasphemousPunishment","FitfulNightmare"],"picked":"ScarletCoffin","floor":45},{"not_picked":["BlasphemousPunishment+1","UltimateOffering+1"],"picked":"VampireKiss+1","floor":47},{"not_picked":["CharismaGuard","MastersStateliness"],"picked":"ScarletImprint+1","floor":48},{"not_picked":["Stigmanizer+1","EquivalentExchange"],"picked":"NightDance","floor":49}],"player_experience":56974,"relics_obtained":[{"floor":21,"key":"ReplayTheSpireMod:Ring of Addiction"},{"floor":21,"key":"Potion Belt"},{"floor":21,"key":"SacredBark"},{"floor":23,"key":"ReplayTheSpireMod:TigerMarble"},{"floor":24,"key":"Replay:Bandana"},{"floor":26,"key":"MutagenicStrength"},{"floor":28,"key":"AT_SilverBalance"},{"floor":38,"key":"TungstenRod"},{"floor":40,"key":"Blue Doll"},{"floor":41,"key":"Dream Catcher"},{"floor":47,"key":"Juzu Bracelet"},{"floor":48,"key":"FairyMaid"}],"event_choices":[{"damage_healed":0,"gold_gain":0,"player_choice":"Success","damage_taken":12,"relics_obtained":["Thread and Needle"],"max_hp_gain":0,"max_hp_loss":0,"event_name":"Scrap Ooze","floor":5,"gold_loss":0},{"damage_healed":0,"gold_gain":0,"player_choice":"Got Potions","damage_taken":0,"max_hp_gain":0,"max_hp_loss":0,"event_name":"Lab","floor":29,"gold_loss":0},{"damage_healed":0,"gold_gain":0,"player_choice":"Fight","damage_taken":0,"max_hp_gain":0,"max_hp_loss":0,"event_name":"Mysterious Sphere","floor":48,"gold_loss":0}],"is_beta":false,"boss_relics":[{"not_picked":["Busted Crown","Kintsugi"],"picked":"Replay:Ancient Bell"},{"not_picked":["AT_ChloranthyRing","Bag of Marbles"],"picked":"REME_PuzzleBoxRelic"},{"not_picked":["Eternal Feather","REME_LimitBreaker"],"picked":"Replay:Ringing Soul"},{"not_picked":["Incense Burner","Gungnir"],"picked":"TypeBBloodRedTea"},{"not_picked":["REME_DuelDisc","Coffee Dripper"],"picked":"Empty Cage"}],"items_purged_floors":[12,25,27],"is_endless":false,"potions_floor_spawned":[3,4,9,10,14,16,22,23,31,32,36,45,47,49],"ascension_level":1}}