{"host":"4rvakrj1idbgia3f","time":1609910071,"event":{"mods":["BaseMod","Colored Map","Colored Powertips","DeckTracker","Highlight Path","Minty Spire (QoL Compilation)","Random Character Button","StSLib"],"gold_per_floor":[10,10,23,33,33,33,33,33,79,117,117,156,156,187,187,280,280,299,299,299,315,340,340,376,376,423,423,444,468,468,512,512,610,610,634,634,650,650,681,681,725,741,741,741,120,160,69,85,85,85,85,85,85,85,118,118],"floor_reached":57,"playtime":3539,"items_purged":["Defend_R"],"score":2753,"play_id":"5e6c236a-a427-460c-bc35-a817af489e11","local_time":"20210106141431","is_ascension_mode":true,"campfire_choices":[{"data":"Defend_R","floor":6,"key":"PURGE"},{"data":"Strike_R","floor":8,"key":"PURGE"},{"data":"Strike_R","floor":11,"key":"PURGE"},{"data":"Defend_R","floor":13,"key":"PURGE"},{"data":"Shockwave","floor":15,"key":"SMITH"},{"floor":23,"key":"REST"},{"data":"Corruption","floor":25,"key":"SMITH"},{"data":"Feed","floor":27,"key":"SMITH"},{"floor":30,"key":"REST"},{"data":"Strike_R","floor":32,"key":"PURGE"},{"data":"Strike_R","floor":40,"key":"PURGE"},{"data":"Pain","floor":44,"key":"PURGE"},{"floor":49,"key":"RECALL"},{"data":"Defend_R","floor":53,"key":"PURGE"}],"circlet_count":0,"master_deck":["AscendersBane","Bash","Apotheosis+1","Flame Barrier","Shockwave+1","Cleave","Second Wind","Reaper","Impervious","Corruption+1","Evolve","Feed+1","Clothesline+1","Feel No Pain","Intimidate","Double Tap","Pommel Strike+1","Shrug It Off+1","Impervious","Spot Weakness","Battle Trance","Exhume","Dark Shackles","Heavy Blade","Sword Boomerang+1"],"relics":["Burning Blood","Peace Pipe","Golden Idol","Bag of Marbles","Centennial Puzzle","Du-Vu Doll","Pantograph","Philosopher\u0027s Stone","Lantern","Oddly Smooth Stone","Unceasing Top","Cursed Key","Ice Cream","Potion Belt","CaptainsWheel","Sling","Art of War","Paper Frog"],"acts_visited":["Exordium","TheCity","TheBeyond","TheEnding"],"potions_floor_usage":[12,21,24,31,33,55,56],"damage_taken":[{"damage":7,"enemies":"2 Louse","floor":1,"turns":3},{"damage":4,"enemies":"Jaw Worm","floor":3,"turns":3},{"damage":8,"enemies":"Small Slimes","floor":4,"turns":4},{"damage":24,"enemies":"3 Sentries","floor":10,"turns":7},{"damage":11,"enemies":"Gremlin Nob","floor":12,"turns":4},{"damage":20,"enemies":"3 Sentries","floor":14,"turns":5},{"damage":58,"enemies":"Hexaghost","floor":16,"turns":11},{"damage":1,"enemies":"3 Byrds","floor":18,"turns":3},{"damage":40,"enemies":"Shell Parasite","floor":21,"turns":6},{"damage":34,"enemies":"Shelled Parasite and Fungi","floor":22,"turns":5},{"damage":28,"enemies":"Gremlin Leader","floor":24,"turns":7},{"damage":27,"enemies":"Snake Plant","floor":28,"turns":4},{"damage":14,"enemies":"Cultist and Chosen","floor":29,"turns":6},{"damage":20,"enemies":"Slavers","floor":31,"turns":4},{"damage":87,"enemies":"Automaton","floor":33,"turns":13},{"damage":14,"enemies":"3 Shapes","floor":35,"turns":4},{"damage":27,"enemies":"Orb Walker","floor":37,"turns":4},{"damage":32,"enemies":"Mind Bloom Boss Battle","floor":39,"turns":8},{"damage":12,"enemies":"Reptomancer","floor":41,"turns":6},{"damage":12,"enemies":"Maw","floor":42,"turns":8},{"damage":6,"enemies":"Nemesis","floor":46,"turns":9},{"damage":14,"enemies":"Sphere and 2 Shapes","floor":48,"turns":4},{"damage":71,"enemies":"Time Eater","floor":50,"turns":12},{"damage":44,"enemies":"Donu and Deca","floor":51,"turns":8},{"damage":24,"enemies":"Shield and Spear","floor":55,"turns":5},{"damage":116,"enemies":"The Heart","floor":56,"turns":8}],"seed_played":"-2875878005414639239","potions_obtained":[{"floor":1,"key":"BloodPotion"},{"floor":4,"key":"GamblersBrew"},{"floor":14,"key":"Strength Potion"},{"floor":16,"key":"Fire Potion"},{"floor":21,"key":"PowerPotion"},{"floor":24,"key":"PowerPotion"},{"floor":31,"key":"SneckoOil"},{"floor":33,"key":"Fruit Juice"},{"floor":35,"key":"FairyPotion"},{"floor":42,"key":"CultistPotion"}],"is_trial":false,"path_per_floor":["M","?","M","M","?","R","?","R","T","E","R","E","R","E","R","B",null,"M","?","?","M","M","R","E","R","T","R","M","M","R","E","R","B",null,"M","?","M","?","?","R","E","M","T","R","$","E","$","M","R","B","B",null,"R","$","E","B",null],"character_chosen":"IRONCLAD","items_purchased":["Swift Potion","CaptainsWheel","Sling","Dark Shackles"],"campfire_rested":2,"item_purchase_floors":[45,45,45,47],"current_hp_per_floor":[67,67,69,67,56,56,56,56,56,38,38,33,33,46,46,16,55,60,60,60,39,14,36,42,42,42,42,28,38,61,61,61,20,74,91,91,79,79,69,69,85,97,97,97,97,101,101,93,93,57,90,103,103,103,89,36],"gold":118,"neow_bonus":"RANDOM_COLORLESS_2","is_daily":false,"chose_seed":false,"campfire_upgraded":3,"win_rate":0.0,"timestamp":1609910071,"path_taken":["M","?","M","M","?","R","?","R","T","E","R","E","R","E","R","BOSS","M","?","?","?","M","R","E","R","T","R","M","?","R","E","R","BOSS","M","?","M","?","?","R","E","M","T","R","$","E","?","M","R","BOSS","BOSS","R","$","E","BOSS"],"items_purchased_type":["Potion","Relic","Relic","Card"],"build_version":"2020-12-22","purchased_purges":1,"victory":true,"max_hp_per_floor":[75,75,75,75,75,75,68,68,68,68,68,68,68,68,68,68,68,68,68,68,72,75,75,75,75,75,75,75,79,79,83,83,92,92,96,96,96,91,95,95,99,103,103,103,103,107,107,107,107,107,107,107,107,107,111,111],"card_choices":[{"not_picked":["Magnetism","Thinking Ahead"],"picked":"Apotheosis","floor":0},{"not_picked":["Evolve","True Grit"],"picked":"Flame Barrier","floor":1},{"not_picked":["True Grit","Sword Boomerang"],"picked":"Shockwave","floor":3},{"not_picked":["Rupture","Thunderclap"],"picked":"Cleave","floor":4},{"not_picked":["Pommel Strike","Anger"],"picked":"Second Wind","floor":10},{"not_picked":["Rage","Flame Barrier"],"picked":"Reaper","floor":12},{"not_picked":["Flex","Dropkick"],"picked":"Impervious","floor":14},{"not_picked":["Brutality","Barricade"],"picked":"Corruption","floor":16},{"not_picked":["Anger","Shockwave","Infernal Blade"],"picked":"SKIP","floor":21},{"not_picked":["Heavy Blade","Twin Strike"],"picked":"Clothesline+1","floor":22},{"not_picked":["True Grit","Clothesline","Pommel Strike"],"picked":"SKIP","floor":28},{"not_picked":["Anger","Headbutt"],"picked":"Feel No Pain","floor":29},{"not_picked":["Cleave","Dropkick"],"picked":"Intimidate","floor":31},{"not_picked":["Demon Form","Corruption"],"picked":"Double Tap","floor":33},{"not_picked":["Rampage","Warcry+1"],"picked":"Pommel Strike+1","floor":35},{"not_picked":["Havoc+1","Warcry"],"picked":"Shrug It Off+1","floor":37},{"not_picked":["Cleave+1","Armaments"],"picked":"Impervious","floor":39},{"not_picked":["Thunderclap","Warcry"],"picked":"Spot Weakness","floor":41},{"not_picked":["Spot Weakness","Clothesline"],"picked":"Battle Trance","floor":42},{"not_picked":["Warcry","Dropkick"],"picked":"Exhume","floor":46},{"not_picked":["Clothesline","Body Slam+1"],"picked":"Heavy Blade","floor":48},{"not_picked":["Warcry+1","Heavy Blade+1"],"picked":"Sword Boomerang+1","floor":55}],"player_experience":1943985,"relics_obtained":[{"floor":9,"key":"Bag of Marbles"},{"floor":10,"key":"Centennial Puzzle"},{"floor":12,"key":"Du-Vu Doll"},{"floor":14,"key":"Pantograph"},{"floor":24,"key":"Lantern"},{"floor":26,"key":"Oddly Smooth Stone"},{"floor":31,"key":"Unceasing Top"},{"floor":39,"key":"Ice Cream"},{"floor":41,"key":"Potion Belt"},{"floor":46,"key":"Art of War"},{"floor":55,"key":"Paper Frog"}],"event_choices":[{"damage_healed":0,"gold_gain":0,"player_choice":"Grow","damage_taken":0,"max_hp_gain":0,"max_hp_loss":0,"event_name":"Living Wall","floor":2,"gold_loss":0,"cards_upgraded":["Apotheosis"]},{"damage_healed":0,"gold_gain":0,"player_choice":"Success","damage_taken":11,"relics_obtained":["Peace Pipe"],"max_hp_gain":0,"max_hp_loss":0,"event_name":"Scrap Ooze","floor":5,"gold_loss":0},{"damage_healed":0,"gold_gain":0,"player_choice":"Lose Max HP","damage_taken":0,"relics_obtained":["Golden Idol"],"max_hp_gain":0,"max_hp_loss":7,"event_name":"Golden Idol","floor":7,"gold_loss":0},{"damage_healed":0,"gold_gain":0,"player_choice":"Read","damage_taken":0,"max_hp_gain":0,"max_hp_loss":0,"event_name":"The Library","floor":19,"gold_loss":0,"cards_obtained":["Evolve"]},{"damage_healed":0,"gold_gain":0,"player_choice":"1 cards matched","damage_taken":0,"max_hp_gain":0,"max_hp_loss":0,"event_name":"Match and Keep!","floor":20,"gold_loss":0,"cards_obtained":["Feed"]},{"cards_removed":["Strike_R"],"damage_healed":0,"gold_gain":0,"player_choice":"Removed Attack","damage_taken":0,"max_hp_gain":0,"max_hp_loss":0,"event_name":"Falling","floor":36,"gold_loss":0},{"damage_healed":0,"gold_gain":0,"player_choice":"Max HP","damage_taken":0,"max_hp_gain":0,"max_hp_loss":5,"event_name":"Winding Halls","floor":38,"gold_loss":0},{"damage_healed":0,"gold_gain":0,"player_choice":"Fight","damage_taken":0,"max_hp_gain":0,"max_hp_loss":0,"event_name":"MindBloom","floor":39,"gold_loss":0}],"is_beta":false,"boss_relics":[{"not_picked":["SacredBark","Black Blood"],"picked":"Philosopher\u0027s Stone"},{"not_picked":["Black Star","Velvet Choker"],"picked":"Cursed Key"}],"items_purged_floors":[45],"is_endless":false,"potions_floor_spawned":[1,4,14,16,21,24,31,33,35,37,42],"ascension_level":20}}