{"host":"s9dep4x43c14s74h","time":1609974114,"event":{"mods":["BaseMod","Downfall","Gremlin Mod","Hermit","HololiveMod","Jorbs\u0027s Wanderer Trilogy","Lobotomy","Marisa????????","Minty Spire (QoL Compilation)","Replay The Spire","StSLib","The Animator","The Bug Knight","The Construct","The Cursed","The Necromancer","The Runesmith","The Servant 0.9.4"],"gold_per_floor":[99,99,20,20,195,68,92,17,32,61,76,106,23,8,21,123,123,48,60,80,93,0,0,0,35,69,69,1,1,30,30,30,30,30],"floor_reached":32,"playtime":2858,"items_purged":["Doubt"],"score":388,"play_id":"d9d6085a-4c18-4170-a461-24bcdcd28726","local_time":"20210107020154","is_ascension_mode":true,"campfire_choices":[{"data":"Guardian:TwinSlam","floor":1.0,"key":"SMITH"},{"data":"Guardian:BronzeOrb","floor":8.0,"key":"SMITH"},{"data":"Guardian:CurlUp","floor":18.0,"key":"SMITH"},{"data":"Guardian:DonusPower","floor":23,"key":"SMITH"},{"floor":27,"key":"RECALL"},{"data":"Guardian:FloatingOrbs","floor":29,"key":"SMITH"}],"circlet_count":0,"master_deck":["Guardian:Strike_Guardian","Guardian:Strike_Guardian","Guardian:Strike_Guardian","Guardian:Strike_Guardian","Guardian:Defend_Guardian","Guardian:Defend_Guardian","Guardian:Defend_Guardian","Guardian:Defend_Guardian","Guardian:CurlUp+1","Guardian:TwinSlam+1","Guardian:BronzeOrb+1","Guardian:RollAttack","Guardian:SentryBeam","Guardian:ChargeCore","Guardian:ChargeCore","Guardian:SpikerProtocol","Guardian:RollAttack","Guardian:PrimingBeam","Guardian:FloatingOrbs+1","Guardian:DonusPower+1","Guardian:TemporalStrike","Guardian:PrimingBeam","Guardian:TemporalStrike","Guardian:ShieldSpikes","Guardian:EvasiveProtocol","Guardian:CrystalBeam","expansioncontent:StudyTheSpire","Guardian:TemporalStrike+1","TheCursedMod:Dregs","Guardian:TimeCapacitor+1","Guardian:TemporalStrike+1","Guardian:ChargeUp"],"relics":["Guardian:ModeShifter","downfall:HeartsMalice","downfall:HeartBlessingBlue","Odd Mushroom","Lantern","ChewingGum","downfall:HeartBlessingGreen","HollowMod:StagPassRelic","Darkstone Periapt","ReplayTheSpireMod:CursedCoin","Replay:Bottled Snecko"],"acts_visited":["Exordium","TheCity"],"potions_floor_usage":[22,22],"damage_taken":[{"damage":0.0,"enemies":"Cultist","floor":2.0,"turns":1.0},{"damage":0.0,"enemies":"downfall:FleeingMerchant","floor":3.0,"turns":1.0},{"damage":0.0,"enemies":"Jaw Worm","floor":4.0,"turns":1.0},{"damage":5.0,"enemies":"downfall:FleeingMerchant","floor":6.0,"turns":4.0},{"damage":0.0,"enemies":"2 Louse","floor":9.0,"turns":1.0},{"damage":7.0,"enemies":"The Mushroom Lair","floor":10.0,"turns":3.0},{"damage":0.0,"enemies":"Blue Slaver","floor":11.0,"turns":2.0},{"damage":10.0,"enemies":"3 Sentries","floor":12.0,"turns":3.0},{"damage":1.0,"enemies":"downfall:FleeingMerchant","floor":13.0,"turns":4.0},{"damage":11.0,"enemies":"downfall:FleeingMerchant","floor":14.0,"turns":4.0},{"damage":10.0,"enemies":"Lots of Slimes","floor":15.0,"turns":3.0},{"damage":43.0,"enemies":"downfall:Ironclad","floor":16.0,"turns":9.0},{"damage":0.0,"enemies":"3 Byrds","floor":19.0,"turns":1.0},{"damage":15.0,"enemies":"Sentry and Sphere","floor":20.0,"turns":5.0},{"damage":29.0,"enemies":"Centurion and Healer","floor":21.0,"turns":6.0},{"damage":3,"enemies":"downfall:FleeingMerchant","floor":22,"turns":4},{"damage":0,"enemies":"downfall:FleeingMerchant","floor":25,"turns":1},{"damage":18,"enemies":"Replay:Snechameleon","floor":26,"turns":4},{"damage":25,"enemies":"Slavers","floor":30,"turns":4},{"damage":14,"enemies":"Snecko","floor":32,"turns":3}],"seed_played":"6449209720979293061","potions_obtained":[{"floor":9.0,"key":"ColorlessPotion"},{"floor":10.0,"key":"ColorlessPotion"},{"floor":11.0,"key":"SkillPotion"},{"floor":12.0,"key":"SpeedPotion"},{"floor":19.0,"key":"construct:ShiftPotion"},{"floor":21.0,"key":"BlessingOfTheForge"},{"floor":30,"key":"Guardian:AcceleratePotion"}],"is_trial":false,"path_per_floor":["R","M","$","M","?","$","T","R","M","?","M","E","$","$","M","B",null,"R","M","M","M","$","R","T","$","E","R","$","R","E","?","M"],"character_chosen":"GUARDIAN","items_purchased":["Guardian:SentryBeam","Guardian:SpikerProtocol","Guardian:DonusPower","Guardian:ShieldSpikes","Guardian:EvasiveProtocol","Guardian:CrystalBeam","expansioncontent:StudyTheSpire","ReplayTheSpireMod:CursedCoin","Guardian:Gem_Blue","Guardian:Gem_Red","Guardian:TimeCapacitor","Guardian:TemporalStrike"],"campfire_rested":0,"item_purchase_floors":[3,6,13,22,25,25,25,28,28,28,28,28],"current_hp_per_floor":[80,80,80,80,80,75,75,85,85,78,78,68,67,56,46,3,90,90,90,75,46,43,43,43,43,25,25,31,31,6,6,0,0,0],"gold":30,"neow_bonus":"THREE_ENEMY_KILL","is_daily":false,"chose_seed":false,"campfire_upgraded":5,"win_rate":0.0,"timestamp":1609974114,"path_taken":["R","M","?","?","?","$","T","R","M","?","M","E","?","$","M","BOSS","R","M","M","M","$","R","T","?","E","R","$","R","E","?","M"],"items_purchased_type":["Card","Card","Card","Card","Card","Card","Card","Relic","Card","Card","Card","Card"],"build_version":"2020-12-22","purchased_purges":1,"victory":false,"max_hp_per_floor":[80,80,80,80,80,80,80,90,90,90,90,90,90,90,90,90,90,90,90,90,90,90,90,90,90,90,90,96,96,96,96,96,96,96],"card_choices":[{"not_picked":["Guardian:Gem_Cyan","Guardian:TemporalShield"],"picked":"Guardian:BronzeOrb","floor":2.0},{"not_picked":["Guardian:Incinerate","Guardian:Suspension"],"picked":"Guardian:RollAttack","floor":3.0},{"not_picked":["Guardian:RollAttack","Guardian:SentryBeam"],"picked":"Guardian:ChargeCore","floor":4.0},{"not_picked":["Guardian:CrystalBeam","Guardian:Gem_Blue"],"picked":"Guardian:ChargeCore","floor":6.0},{"not_picked":["Guardian:PrimingBeam","Guardian:Gem_Lightblue"],"picked":"Guardian:Gem_Cyan","floor":9.0},{"not_picked":["Guardian:PrismaticBarrier","Guardian:Gem_Green"],"picked":"Guardian:RollAttack","floor":10.0},{"not_picked":["Guardian:ConstructionForm","Guardian:Reroute"],"picked":"Guardian:PrimingBeam","floor":11.0},{"not_picked":["Guardian:DonusPower","Guardian:Gem_Blue"],"picked":"Guardian:FloatingOrbs","floor":12.0},{"not_picked":["Guardian:Recover","Guardian:BronzeOrb"],"picked":"Guardian:Gem_Cyan","floor":13.0},{"not_picked":["Guardian:PrismaticBeam","Guardian:RefractedBeam"],"picked":"Guardian:TemporalStrike","floor":14.0},{"not_picked":["Guardian:ChargeCore","Guardian:SentryBeam"],"picked":"Guardian:Gem_Red","floor":15.0},{"not_picked":["Guardian:HyperBeam_Guardian","Guardian:ConstructionForm"],"picked":"Guardian:Gem_Orange","floor":16.0},{"not_picked":["Guardian:PiercingHide","Guardian:Gem_Yellow"],"picked":"Guardian:Gem_Cyan","floor":19.0},{"not_picked":["Guardian:CrystalBeam","Guardian:ChargeCore"],"picked":"Guardian:PrimingBeam","floor":20.0},{"not_picked":["Guardian:PrismaticBeam","Guardian:FloatingOrbs+1"],"picked":"Guardian:TemporalStrike","floor":21.0},{"not_picked":["Guardian:Planning","Guardian:Preprogram","Guardian:TemporalStrike"],"picked":"SKIP","floor":22},{"not_picked":["Guardian:Incinerate","Guardian:CrystalBeam","Guardian:Gem_Green"],"picked":"SKIP","floor":25},{"not_picked":["Guardian:GuardianWhirl","Guardian:GemFire"],"picked":"Guardian:TemporalStrike+1","floor":26},{"not_picked":["Guardian:PolyBeam","Guardian:Gem_Purple"],"picked":"Guardian:ChargeUp","floor":30}],"player_experience":831841,"relics_obtained":[{"floor":10.0,"key":"Odd Mushroom"},{"floor":12.0,"key":"Lantern"},{"floor":24,"key":"HollowMod:StagPassRelic"},{"floor":26,"key":"Darkstone Periapt"},{"floor":30,"key":"Replay:Bottled Snecko"}],"event_choices":[{"damage_healed":0.0,"max_hp_gain":0.0,"max_hp_loss":0.0,"gold_gain":0.0,"event_name":"Mushrooms","player_choice":"Fought Mushrooms","floor":10.0,"gold_loss":0.0,"damage_taken":0.0}],"is_beta":false,"boss_relics":[{"not_picked":["Painkiller Herb","Hololive_Finger"],"picked":"ChewingGum"}],"items_purged_floors":[6],"is_endless":false,"potions_floor_spawned":[9,10,11,12,19,21,30],"killed_by":"Snecko","ascension_level":3}}