{"host":"91blwi3hgehj6ch9","time":1609902991,"event":{"mods":["2.2 Compatiblity","AchievementEnabler","BaseMod","Colored Map","DeckTracker","Keyboard Shortcuts","Minty Spire (QoL Compilation)","Permanent Neow","Quick Restart","StSLib","SuperFastMode"],"gold_per_floor":[10,29,29,42,42,75,91,101,151,170,170,180,180,197,197,197,197],"floor_reached":16,"playtime":497,"items_purged":[],"score":164,"play_id":"574f8674-0ae9-4e1c-80ca-63cfa60c0edc","local_time":"20210106121631","is_ascension_mode":true,"campfire_choices":[{"data":"Eruption","floor":13,"key":"SMITH"},{"data":"Adaptation","floor":15,"key":"SMITH"}],"circlet_count":0,"master_deck":["AscendersBane","Strike_P","Strike_P","Defend_P","Defend_P","Defend_P","Eruption+1","Vigilance","SashWhip","Tantrum","EmptyFist","DeceiveReality","Adaptation+1"],"relics":["PureWater","FaceOfCleric","Bag of Marbles","Anchor"],"acts_visited":["Exordium"],"potions_floor_usage":[6,14,16],"damage_taken":[{"damage":24,"enemies":"Jaw Worm","floor":1,"turns":3},{"damage":14,"enemies":"2 Louse","floor":2,"turns":2},{"damage":0,"enemies":"Cultist","floor":4,"turns":3},{"damage":16,"enemies":"Gremlin Nob","floor":6,"turns":3},{"damage":1,"enemies":"Looter","floor":7,"turns":2},{"damage":0,"enemies":"3 Louse","floor":8,"turns":1},{"damage":0,"enemies":"2 Fungi Beasts","floor":10,"turns":2},{"damage":0,"enemies":"Exordium Wildlife","floor":12,"turns":1},{"damage":0,"enemies":"3 Louse","floor":14,"turns":1},{"damage":16,"enemies":"The Guardian","floor":16,"turns":14}],"seed_played":"-623563165649919311","potions_obtained":[{"floor":1,"key":"Explosive Potion"},{"floor":2,"key":"Ancient Potion"},{"floor":4,"key":"LiquidMemories"},{"floor":7,"key":"EssenceOfSteel"}],"is_trial":false,"path_per_floor":["M","M","?","M","?","E","M","M","T","M","?","M","R","M","R","B"],"character_chosen":"WATCHER","items_purchased":[],"campfire_rested":0,"item_purchase_floors":[],"current_hp_per_floor":[41,27,27,27,27,12,12,13,13,14,14,15,15,16,16,0,0],"gold":197,"neow_bonus":"REMOVE_TWO","is_daily":false,"chose_seed":false,"campfire_upgraded":2,"win_rate":0.0,"timestamp":1609902991,"path_taken":["M","M","?","M","?","E","M","?","T","M","?","M","R","M","R","BOSS"],"items_purchased_type":[],"build_version":"2020-12-22","purchased_purges":0,"victory":false,"max_hp_per_floor":[72,72,72,72,72,73,74,75,75,76,76,77,77,78,78,78,78],"card_choices":[{"not_picked":["Meditate","Wireheading","SandsOfTime"],"picked":"SKIP","floor":1},{"not_picked":["Crescendo","Indignation"],"picked":"SashWhip","floor":2},{"not_picked":["LikeWater","Meditate"],"picked":"Tantrum","floor":4},{"not_picked":["Nirvana","BowlingBash"],"picked":"EmptyFist","floor":6},{"not_picked":["FlurryOfBlows","EmptyBody"],"picked":"DeceiveReality","floor":7},{"not_picked":["Halt","Crescendo","FlyingSleeves"],"picked":"SKIP","floor":8},{"not_picked":["BowlingBash","Crescendo","Vault"],"picked":"SKIP","floor":10},{"not_picked":["CrushJoints","WreathOfFlame","JustLucky"],"picked":"SKIP","floor":12},{"not_picked":["WaveOfTheHand","Wallop"],"picked":"Adaptation","floor":14}],"player_experience":99435,"relics_obtained":[{"floor":6,"key":"Bag of Marbles"},{"floor":9,"key":"Anchor"}],"event_choices":[{"cards_removed":["Strike_P"],"damage_healed":0,"gold_gain":0,"player_choice":"Forget","damage_taken":0,"max_hp_gain":0,"max_hp_loss":0,"event_name":"Living Wall","floor":3,"gold_loss":0},{"damage_healed":0,"gold_gain":0,"player_choice":"Trade","damage_taken":0,"relics_obtained":["FaceOfCleric"],"max_hp_gain":0,"max_hp_loss":0,"event_name":"FaceTrader","floor":5,"gold_loss":0},{"damage_healed":0,"gold_gain":0,"player_choice":"Ignored","damage_taken":0,"max_hp_gain":0,"max_hp_loss":0,"event_name":"Liars Game","floor":11,"gold_loss":0}],"is_beta":false,"boss_relics":[],"items_purged_floors":[],"is_endless":false,"potions_floor_spawned":[1,2,4,7,10],"killed_by":"The Guardian","ascension_level":11}}