{"host":"qmufev141yub3yf0","time":1609944317,"event":{"mods":["BaseMod","Minty Spire (QoL Compilation)","Quick Restart","StSLib","SuperFastMode"],"gold_per_floor":[109,34,7,7,17,46,60,25,25,25,25,25,39,39,39,134,134,149,169,268,268,268,268,268],"floor_reached":23,"playtime":599,"items_purged":["Defend_R"],"score":215,"play_id":"b7c2a9f8-cee6-49b3-9631-db4aab9f4171","local_time":"20210106224517","is_ascension_mode":true,"campfire_choices":[{"floor":10.0,"key":"REST"},{"floor":15.0,"key":"REST"}],"circlet_count":0,"master_deck":["Strike_R","Strike_R+1","Strike_R","Strike_R+1","Defend_R","Defend_R","Defend_R","Bash","Shrug It Off","Cleave","Intimidate","Juggernaut","Reckless Charge","Decay"],"relics":["Burning Blood","TungstenRod","Matryoshka","Runic Cube"],"acts_visited":["Exordium","TheCity"],"potions_floor_usage":[23],"damage_taken":[{"damage":3.0,"enemies":"2 Louse","floor":1.0,"turns":3.0},{"damage":2.0,"enemies":"Jaw Worm","floor":5.0,"turns":4.0},{"damage":68.0,"enemies":"Lagavulin","floor":6.0,"turns":11.0},{"damage":3.0,"enemies":"Small Slimes","floor":7.0,"turns":3.0},{"damage":4.0,"enemies":"Looter","floor":13.0,"turns":3.0},{"damage":60.0,"enemies":"Slime Boss","floor":16.0,"turns":14.0},{"damage":19,"enemies":"Chosen","floor":18,"turns":7},{"damage":36,"enemies":"Spheric Guardian","floor":19,"turns":6},{"damage":45,"enemies":"Slavers","floor":23,"turns":4}],"seed_played":"-5008533190347813844","potions_obtained":[{"floor":7.0,"key":"FearPotion"},{"floor":13.0,"key":"CultistPotion"},{"floor":18,"key":"Fire Potion"}],"is_trial":false,"path_per_floor":["M","$","?","?","M","E","M","?","T","R","?","$","M","$","R","B",null,"M","M","?","?","?","E"],"character_chosen":"IRONCLAD","items_purchased":[],"campfire_rested":2,"item_purchase_floors":[],"current_hp_per_floor":[88,88,88,70,74,12,15,37,37,63,63,63,65,65,88,34,88,75,45,45,45,45,0,0],"gold":268,"neow_bonus":"TEN_PERCENT_HP_BONUS","is_daily":false,"chose_seed":false,"campfire_upgraded":0,"win_rate":0.0,"timestamp":1609944317,"path_taken":["M","$","?","?","M","E","M","?","T","R","?","?","M","$","R","BOSS","M","M","?","?","?","E"],"items_purchased_type":[],"build_version":"2020-12-22","purchased_purges":1,"victory":false,"max_hp_per_floor":[88,88,88,88,88,88,88,88,88,88,88,88,88,88,88,88,88,88,88,88,88,88,88,88],"card_choices":[{"not_picked":["Flex","Battle Trance"],"picked":"Shrug It Off","floor":1.0},{"not_picked":["Pommel Strike","Armaments","Headbutt"],"picked":"SKIP","floor":5.0},{"not_picked":["Spot Weakness","Offering"],"picked":"Cleave","floor":6.0},{"not_picked":["Havoc","Flame Barrier"],"picked":"Intimidate","floor":7.0},{"not_picked":["Heavy Blade","Thunderclap","Inflame"],"picked":"SKIP","floor":13.0},{"not_picked":["Limit Break","Corruption"],"picked":"Juggernaut","floor":16.0},{"not_picked":["Evolve","Dual Wield"],"picked":"Reckless Charge","floor":18},{"not_picked":["Clothesline","Warcry","Combust"],"picked":"SKIP","floor":19}],"player_experience":235812,"relics_obtained":[{"floor":6.0,"key":"TungstenRod"},{"floor":9.0,"key":"Matryoshka"}],"event_choices":[{"damage_healed":0.0,"max_hp_gain":0.0,"max_hp_loss":0.0,"gold_gain":0.0,"event_name":"World of Goop","player_choice":"Left Gold","floor":3.0,"gold_loss":27.0,"damage_taken":0.0},{"damage_healed":0.0,"max_hp_gain":0.0,"max_hp_loss":0.0,"gold_gain":0.0,"event_name":"Shining Light","player_choice":"Entered Light","floor":4.0,"gold_loss":0.0,"damage_taken":18.0,"cards_upgraded":["Strike_R","Strike_R"]},{"damage_healed":22.0,"max_hp_gain":0.0,"max_hp_loss":0.0,"gold_gain":0.0,"event_name":"The Cleric","player_choice":"Healed","floor":8.0,"gold_loss":35.0,"damage_taken":0.0},{"cards_removed":["Strike_R"],"damage_healed":0.0,"max_hp_gain":0.0,"max_hp_loss":0.0,"gold_gain":0.0,"event_name":"Living Wall","player_choice":"Forget","floor":11.0,"gold_loss":0.0,"damage_taken":0.0},{"damage_healed":0,"gold_gain":99,"player_choice":"Stole From Cult","damage_taken":0,"max_hp_gain":0,"max_hp_loss":0,"event_name":"Nest","floor":20,"gold_loss":0},{"damage_healed":0,"gold_gain":0,"player_choice":"Ignored","damage_taken":0,"max_hp_gain":0,"max_hp_loss":0,"event_name":"Vampires","floor":21,"gold_loss":0},{"damage_healed":0,"gold_gain":0,"player_choice":"Smashed Altar","damage_taken":0,"max_hp_gain":0,"max_hp_loss":0,"event_name":"Forgotten Altar","floor":22,"gold_loss":0,"cards_obtained":["Decay"]}],"is_beta":false,"boss_relics":[{"not_picked":["Busted Crown","Velvet Choker"],"picked":"Runic Cube"}],"items_purged_floors":[2],"is_endless":false,"potions_floor_spawned":[7,13,18],"killed_by":"Slavers","ascension_level":3}}