{"host":"kh6fvhxn285ncg0o","time":1609906907,"event":{"mods":["Act Like it!","BaseMod","Colored Map","Friendly Minions","Keyboard Shortcuts","Minty Spire (QoL Compilation)","Quick Restart","Relic Stats","StSLib","SuperFastMode"],"gold_per_floor":[113,127,142,154,167,167,199,215,215,273,273,323,323,335,335,335,335],"floor_reached":16,"playtime":360,"items_purged":[],"score":208,"play_id":"2d990291-e202-4441-b789-876cf17bcc20","local_time":"20210106132147","is_ascension_mode":true,"campfire_choices":[{"data":"Body Slam","floor":6.0,"key":"SMITH"},{"floor":13,"key":"REST"},{"data":"Second Wind","floor":15,"key":"SMITH"}],"circlet_count":0,"master_deck":["AscendersBane","Strike_R","Strike_R","Strike_R","Defend_R","Defend_R","Defend_R+1","Defend_R","Bash","Shockwave+1","Headbutt","Body Slam+1","Wild Strike","Second Wind+1"],"relics":["Burning Blood","Smiling Mask","InkBottle","Dead Branch"],"acts_visited":["Exordium"],"potions_floor_usage":[10,10,16],"damage_taken":[{"damage":7.0,"enemies":"Cultist","floor":1.0,"turns":4.0},{"damage":8.0,"enemies":"2 Louse","floor":2.0,"turns":3.0},{"damage":3.0,"enemies":"Small Slimes","floor":3.0,"turns":4.0},{"damage":14.0,"enemies":"Red Slaver","floor":4.0,"turns":5.0},{"damage":15.0,"enemies":"3 Louse","floor":5.0,"turns":5.0},{"damage":20.0,"enemies":"Lagavulin","floor":7.0,"turns":7.0},{"damage":2,"enemies":"Exordium Wildlife","floor":8,"turns":4},{"damage":0,"enemies":"Gremlin Nob","floor":10,"turns":2},{"damage":1,"enemies":"Blue Slaver","floor":14,"turns":4},{"damage":35,"enemies":"Slime Boss","floor":16,"turns":8}],"seed_played":"4934980293461542738","potions_obtained":[{"floor":4.0,"key":"Fire Potion"},{"floor":7.0,"key":"SneckoOil"},{"floor":8,"key":"PowerPotion"},{"floor":14,"key":"SpeedPotion"}],"is_trial":false,"path_per_floor":["M","M","M","M","M","R","E","M","T","?","?","?","R","M","R","B"],"character_chosen":"IRONCLAD","items_purchased":[],"campfire_rested":1,"item_purchase_floors":[],"current_hp_per_floor":[49,47,50,42,33,33,19,23,23,29,6,6,28,33,33,0,0],"gold":335,"neow_bonus":"REMOVE_TWO","is_daily":false,"chose_seed":false,"campfire_upgraded":2,"win_rate":0.0,"timestamp":1609906907,"path_taken":["M","M","?","M","M","R","E","M","T","?","?","?","R","M","R","BOSS"],"items_purchased_type":[],"build_version":"2020-12-22","purchased_purges":0,"victory":false,"max_hp_per_floor":[75,75,75,75,75,75,75,75,75,75,75,75,75,75,75,75,75],"relic_stats":{"counters":[10,46],"Dead Branch":[16],"Smiling Mask":0,"obtain_stats":[{"Dead Branch":10,"Smiling Mask":7,"Burning Blood":0,"InkBottle":9},{"Dead Branch":8,"Smiling Mask":6,"Burning Blood":0,"InkBottle":7},{"Dead Branch":34,"Smiling Mask":28,"Burning Blood":0,"InkBottle":32}],"Burning Blood":54,"InkBottle":[4]},"card_choices":[{"not_picked":["Clash","Havoc"],"picked":"Shockwave","floor":1.0},{"not_picked":["Metallicize","Disarm"],"picked":"Headbutt","floor":2.0},{"not_picked":["Flame Barrier","Iron Wave"],"picked":"Body Slam","floor":4.0},{"not_picked":["Twin Strike","Shockwave"],"picked":"Wild Strike","floor":5.0},{"not_picked":["Dropkick","Shrug It Off"],"picked":"Second Wind","floor":10},{"not_picked":["Uppercut","Flex","Rage"],"picked":"SKIP","floor":14}],"player_experience":3372630,"relics_obtained":[{"floor":7.0,"key":"Smiling Mask"},{"floor":9,"key":"InkBottle"},{"floor":10,"key":"Dead Branch"}],"event_choices":[{"damage_healed":0,"gold_gain":0,"player_choice":"Searched \u00272\u0027 times","damage_taken":0,"max_hp_gain":0,"max_hp_loss":0,"event_name":"Dead Adventurer","floor":10,"gold_loss":0},{"damage_healed":0,"gold_gain":0,"player_choice":"Entered Light","damage_taken":23,"max_hp_gain":0,"max_hp_loss":0,"event_name":"Shining Light","floor":11,"gold_loss":0,"cards_upgraded":["Defend_R","Shockwave"]},{"damage_healed":0,"gold_gain":50,"player_choice":"Pray","damage_taken":0,"max_hp_gain":0,"max_hp_loss":0,"event_name":"Golden Shrine","floor":12,"gold_loss":0}],"is_beta":false,"boss_relics":[],"items_purged_floors":[],"is_endless":false,"potions_floor_spawned":[4,7,8,14],"killed_by":"Slime Boss","ascension_level":20}}