{"host":"nu52txkaz0lj0p7m","time":1609954358,"event":{"mods":["100% Spire Juice","2.2 Compatiblity","AchievementEnabler","Arknights The Spire","Astrologer","BaseMod","Beaked The Cultist","BetterRewards","Colored Map","Colored Powertips","Conjunction","Custom Start","Dio Mod","Duelist Mod","Evolution","GifTheSpireLib","GungeonMod","Lobotomy","LobotomyExtend","Minty Spire (QoL Compilation)","Permanent Neow","Relic Filter","SIMod","Small Relic Pack","StSLib","SuperFastMode","Synergy Search","The Dragon Tamer","The Fake Hero","The Runesmith","TheFirefly"],"gold_per_floor":[115,115,50,68,85,110,122,122,145,145,145,171,80,96,96,194,74,85,98,98,108,119,150,150,150,150,150,183,63,75,0,0,0,0],"floor_reached":33,"playtime":2727,"items_purged":["Moonworks:Strike"],"score":320,"play_id":"b26fa12b-2745-468f-a159-f4691e2ac388","local_time":"20210107013238","is_ascension_mode":false,"campfire_choices":[{"data":"Moonworks:TacticalRetreat","floor":8,"key":"SMITH"},{"data":"Moonworks:BigBangBell","floor":10,"key":"SMITH"},{"data":"Moonworks:MiracleWalker","floor":15,"key":"SMITH"},{"data":"Moonworks:RocketCannon","floor":27,"key":"SMITH"},{"floor":29,"key":"REST"},{"data":"Moonworks:Ambush","floor":32,"key":"SMITH"}],"circlet_count":0,"master_deck":["Moonworks:Strike","Moonworks:Strike","Moonworks:Strike","Moonworks:Defend","Moonworks:Defend","Moonworks:Defend","Moonworks:Defend","Moonworks:Ambush+1","Moonworks:LongDistanceShot","Moonworks:LulusLuckyEgg","Moonworks:BigBangBell+1","Moonworks:NicePresent","Moonworks:TacticalRetreat+1","Moonworks:WindyEnchantment","Moonworks:MiracleWalker+1","Moonworks:DevilHand","Moonworks:RocketCannon+1","Moonworks:Wanted","Moonworks:LuckyCharm","Moonworks:GoAway"],"relics":["Moonworks:BrokenBomb","Moonworks:Homemark","EVO:Axolotl","Dream Catcher","DemoMod:MonsterBlood","Nunchaku","Odd Mushroom","SlaversCollar","LetterFromLob","DemoMod:PoisonVial","MutagenicStrength","White Beast Statue"],"acts_visited":["Exordium","TheCity"],"potions_floor_usage":[12,16,19,23,28,33,33],"damage_taken":[{"damage":0,"enemies":"2 Louse","floor":1,"turns":3},{"damage":5,"enemies":"Jaw Worm","floor":4,"turns":3},{"damage":0,"enemies":"Small Slimes","floor":5,"turns":3},{"damage":13,"enemies":"3 Sentries","floor":6,"turns":7},{"damage":0,"enemies":"2 Fungi Beasts","floor":7,"turns":4},{"damage":25,"enemies":"Gremlin Nob","floor":12,"turns":6},{"damage":4,"enemies":"The Mushroom Lair","floor":13,"turns":5},{"damage":0,"enemies":"Gremlin Gang","floor":14,"turns":3},{"damage":10,"enemies":"Slime Boss","floor":16,"turns":6},{"damage":0,"enemies":"Chosen","floor":18,"turns":5},{"damage":18,"enemies":"2 Thieves","floor":19,"turns":3},{"damage":22,"enemies":"Centurion and Healer","floor":21,"turns":7},{"damage":0,"enemies":"Snecko","floor":22,"turns":6},{"damage":6,"enemies":"Gremlin Leader","floor":23,"turns":6},{"damage":0,"enemies":"Slavers","floor":28,"turns":4},{"damage":0,"enemies":"Chosen and Byrds","floor":30,"turns":5},{"damage":68,"enemies":"Champ","floor":33,"turns":9}],"seed_played":"-3879377887736372870","potions_obtained":[{"floor":4,"key":"LiquidMemories"},{"floor":5,"key":"LiquidMemories"},{"floor":7,"key":"SkillPotion"},{"floor":12,"key":"Block Potion"},{"floor":21,"key":"Fire Potion"},{"floor":22,"key":"Strength Potion"},{"floor":30,"key":"FearPotion"}],"is_trial":false,"path_per_floor":["M","$","?","M","M","E","M","R","T","R","?","E","?","M","R","B",null,"M","M","?","M","M","E","?","?","T","R","E","R","M","$","R","B"],"character_chosen":"THE_STARBREAKER","items_purchased":[],"campfire_rested":1,"item_purchase_floors":[],"current_hp_per_floor":[66,66,66,61,61,48,48,48,55,55,55,30,26,30,30,20,73,73,55,55,33,33,27,27,27,27,27,27,48,48,48,48,0,0],"gold":0,"neow_bonus":"TEN_PERCENT_HP_BONUS","is_daily":false,"chose_seed":false,"campfire_upgraded":5,"win_rate":0.0,"timestamp":1609954358,"path_taken":["M","$","?","M","M","E","M","R","T","R","?","E","?","?","R","BOSS","M","M","?","M","M","E","?","?","T","R","E","R","M","$","R","BOSS"],"items_purchased_type":[],"build_version":"2020-12-22","purchased_purges":1,"victory":false,"max_hp_per_floor":[66,66,66,66,66,66,66,66,73,73,73,73,73,73,73,73,73,73,73,73,73,73,73,73,73,73,73,73,73,73,73,73,73,73],"card_choices":[{"not_picked":["Moonworks:SakisCookie","Moonworks:DeployBits"],"picked":"Moonworks:LulusLuckyEgg","floor":1},{"not_picked":["Moonworks:JonathanRush","Moonworks:SakisCookie"],"picked":"Moonworks:BigBangBell","floor":4},{"not_picked":["Moonworks:JonathanRush","Moonworks:BeyondHell"],"picked":"Moonworks:NicePresent","floor":5},{"not_picked":["Moonworks:IndiscriminateFireSupport","Moonworks:ImOnFire"],"picked":"Moonworks:TacticalRetreat","floor":6},{"not_picked":["Moonworks:RagingMadness","Moonworks:ReflectiveShell"],"picked":"Moonworks:WindyEnchantment","floor":7},{"not_picked":["Moonworks:DeployBits","Moonworks:CloudOfSeagulls"],"picked":"Moonworks:MiracleWalker","floor":12},{"not_picked":["Moonworks:JonathanRush","Moonworks:SakisCookie"],"picked":"Moonworks:DevilHand","floor":14},{"not_picked":["Moonworks:AnotherUltimateWeapon","Moonworks:Blazing"],"picked":"Moonworks:RocketCannon","floor":16},{"not_picked":["Moonworks:SelfDestruct","Moonworks:LulusLuckyEgg+1","Moonworks:UnpaidWork+1"],"picked":"SKIP","floor":18},{"not_picked":["Moonworks:NicePresent","Moonworks:LulusLuckyEgg"],"picked":"Moonworks:Wanted","floor":19},{"not_picked":["Moonworks:LulusLuckyEgg+1","Moonworks:EvilSpyWorkPreparation","Moonworks:Bloodlust"],"picked":"SKIP","floor":21},{"not_picked":["Moonworks:Flamethrower","Moonworks:EvilSpyWorkPreparation+1"],"picked":"Moonworks:LuckyCharm","floor":22},{"not_picked":["Moonworks:BigMagnum","Moonworks:CloudOfSeagulls+1","Moonworks:ForcedRevival"],"picked":"SKIP","floor":23},{"not_picked":["Moonworks:CloudOfSeagulls+1","Moonworks:JonathanRush","Moonworks:ImOnFire"],"picked":"SKIP","floor":28},{"not_picked":["Moonworks:CookingTime","Moonworks:DeployBits"],"picked":"Moonworks:GoAway","floor":29},{"not_picked":["Moonworks:LulusLuckyEgg","Moonworks:CookingTime","Moonworks:SelfDestruct+1"],"picked":"SKIP","floor":30}],"player_experience":312051,"relics_obtained":[{"floor":6,"key":"Dream Catcher"},{"floor":9,"key":"DemoMod:MonsterBlood"},{"floor":12,"key":"Nunchaku"},{"floor":13,"key":"Odd Mushroom"},{"floor":22,"key":"LetterFromLob"},{"floor":23,"key":"DemoMod:PoisonVial"},{"floor":28,"key":"White Beast Statue"}],"event_choices":[{"damage_healed":0,"gold_gain":175,"player_choice":"AGREE","damage_taken":0,"max_hp_gain":0,"max_hp_loss":0,"event_name":"Liars Game","floor":3,"gold_loss":0,"cards_obtained":["Doubt"]},{"cards_removed":["Doubt"],"damage_healed":0,"gold_gain":0,"player_choice":"Forget","damage_taken":0,"max_hp_gain":0,"max_hp_loss":0,"event_name":"Living Wall","floor":11,"gold_loss":0},{"damage_healed":0,"gold_gain":0,"player_choice":"Fought Mushrooms","damage_taken":0,"max_hp_gain":0,"max_hp_loss":0,"event_name":"Mushrooms","floor":13,"gold_loss":0},{"damage_healed":0,"gold_gain":0,"player_choice":"Ignored","damage_taken":0,"max_hp_gain":0,"max_hp_loss":0,"event_name":"Beggar","floor":20,"gold_loss":0},{"damage_healed":0,"gold_gain":0,"player_choice":"Inject Mutagens","damage_taken":0,"relics_obtained":["MutagenicStrength"],"max_hp_gain":0,"max_hp_loss":0,"event_name":"Drug Dealer","floor":24,"gold_loss":0}],"is_beta":false,"boss_relics":[{"not_picked":["Empty Cage","Snecko Eye"],"picked":"SlaversCollar"}],"items_purged_floors":[31],"is_endless":false,"potions_floor_spawned":[4,5,7,12,21,22,30],"killed_by":"Champ","ascension_level":0}}