{"host":"cfluht5kr2kfk9p9","time":1609915929,"event":{"mods":["ATMod(阿瑾Mod)","Arknights The Spire","BaseMod","GungeonMod","Highlight Path","Library of Ruina","Library of Ruina Extra","Minty Spire (QoL Compilation)","Quick Restart","Rare Cards Sparkle","Relic Stats","RumiaBox-露米娅的神秘盒子","Spicy Shops","StSLib","TestMod","The Alterego","【功能Mod】混沌之环修复补丁"],"gold_per_floor":[114,132,132,142,43,43,72,90,90,119,135,160,160,185,185,260,260,277,11,22,37,49,49,78,93,147,179,196,226,19,46,46,119,119,133,146,1145,1160,1185,1216,1228,1248,1248,1280,1291,1311,166,195,195,195,195,195],"floor_reached":53,"playtime":1572,"items_purged":["Strike_G","Strike_G","Strike_G","Strike_G"],"score":3097,"play_id":"faf78d1f-7968-4a36-b7bd-d8e7cee0fd6d","local_time":"20210106145209","is_ascension_mode":true,"campfire_choices":[{"data":"Neutralize","floor":6.0,"key":"SMITH"},{"floor":13.0,"key":"REST"},{"floor":15.0,"key":"REST"},{"data":"Prepared","floor":23.0,"key":"SMITH"},{"data":"AT_ShadowStep","floor":32.0,"key":"SMITH"},{"data":"AT_KingSlayer","floor":49,"key":"SMITH"}],"circlet_count":0,"master_deck":["AscendersBane","Strike_G","Defend_G","Defend_G","Defend_G","Defend_G","Defend_G","Survivor","Neutralize+1","AT_EmpoweredMortalDraw+1","Cloak And Dagger+1","Backflip","Blade Dance+1","Crippling Poison+1","Venomology+1","Masterful Stab+1","Wraith Form v2+1","Prepared+1","Well Laid Plans+1","AT_FocusSwordFire+1","AT_ShadowStep+1","Adrenaline","Escape Plan","AT_ThistleTea","AT_Desolate","AT_ShadowStep","Acrobatics","AT_KingSlayer+1"],"relics":["testmod-TestBox","AT_ATBox","testmod-TurbochargingSystem","Regal Pillow","DemoMod:PartiallyEatenCheese","testmod-Laevatain","DemoMod:GlassGuonStoneRelic","AT_BladeRuinedKing","AT_TrinityForce","Bag of Preparation","GodSword1","Potion Belt","DemoMod:MonsterBlood","PageOfScorchedGirl","Cauldron","White Beast Statue","WristBlade","PageOfHappyTeddyBear","GodSword6","AT_RedTearstoneRing","Smiling Mask","Darkstone Periapt","Toxic Egg 2","Strawberry","Bag of Marbles"],"acts_visited":["Exordium","TheCity","TheBeyond"],"potions_floor_usage":[48,50,50,50,51,51,51,52],"damage_taken":[{"damage":6.0,"enemies":"Jaw Worm","floor":1.0,"turns":1.0},{"damage":0.0,"enemies":"Cultist","floor":2.0,"turns":3.0},{"damage":6.0,"enemies":"2 Louse","floor":4.0,"turns":1.0},{"damage":15.0,"enemies":"Lagavulin","floor":7.0,"turns":6.0},{"damage":0.0,"enemies":"Red Slaver","floor":8.0,"turns":3.0},{"damage":0.0,"enemies":"3 Sentries","floor":10.0,"turns":2.0},{"damage":0.0,"enemies":"Lots of Slimes","floor":11.0,"turns":2.0},{"damage":26.0,"enemies":"Gremlin Nob","floor":12.0,"turns":4.0},{"damage":5.0,"enemies":"Lagavulin","floor":14.0,"turns":3.0},{"damage":5.0,"enemies":"The Guardian","floor":16.0,"turns":8.0},{"damage":5.0,"enemies":"Chosen","floor":18.0,"turns":2.0},{"damage":0.0,"enemies":"3 Byrds","floor":20.0,"turns":1.0},{"damage":0.0,"enemies":"Snake Plant","floor":21.0,"turns":3.0},{"damage":0.0,"enemies":"Sentry and Sphere","floor":22.0,"turns":2.0},{"damage":0.0,"enemies":"Book of Stabbing","floor":24.0,"turns":2.0},{"damage":0.0,"enemies":"Cultist and Chosen","floor":25.0,"turns":2.0},{"damage":5.0,"enemies":"Slavers","floor":27.0,"turns":3.0},{"damage":6.0,"enemies":"Chosen and Byrds","floor":28.0,"turns":2.0},{"damage":6.0,"enemies":"Gremlin Leader","floor":29.0,"turns":1.0},{"damage":0.0,"enemies":"Slavers","floor":31.0,"turns":4.0},{"damage":0.0,"enemies":"Automaton","floor":33.0,"turns":2.0},{"damage":0.0,"enemies":"3 Shapes","floor":35.0,"turns":3.0},{"damage":0.0,"enemies":"3 Darklings","floor":36.0,"turns":1.0},{"damage":0.0,"enemies":"Sphere and 2 Shapes","floor":38.0,"turns":3.0},{"damage":0.0,"enemies":"Mind Bloom Boss Battle","floor":39.0,"turns":1.0},{"damage":0.0,"enemies":"Giant Head","floor":40.0,"turns":4.0},{"damage":0.0,"enemies":"Jaw Worm Horde","floor":41.0,"turns":2.0},{"damage":0.0,"enemies":"Maw","floor":42.0,"turns":2.0},{"damage":0.0,"enemies":"Nemesis","floor":44.0,"turns":1.0},{"damage":0.0,"enemies":"3 Darklings","floor":45.0,"turns":2.0},{"damage":0.0,"enemies":"Jaw Worm Horde","floor":46.0,"turns":2.0},{"damage":0,"enemies":"Reptomancer","floor":48,"turns":4},{"damage":0,"enemies":"Awakened One","floor":50,"turns":5},{"damage":0,"enemies":"Donu and Deca","floor":51,"turns":3},{"damage":0,"enemies":"Donu and Deca","floor":52,"turns":2}],"seed_played":"-7743390662169513920","potions_obtained":[{"floor":3.0,"key":"LiquidBronze"},{"floor":3.0,"key":"Block Potion"},{"floor":14.0,"key":"Fire Potion"},{"floor":24.0,"key":"SteroidPotion"},{"floor":25.0,"key":"DistilledChaos"},{"floor":27.0,"key":"PowerPotion"},{"floor":30.0,"key":"GhostInAJar"},{"floor":30.0,"key":"Regen Potion"},{"floor":33.0,"key":"Swift Potion"},{"floor":35.0,"key":"SteroidPotion"},{"floor":38.0,"key":"BlessingOfTheForge"},{"floor":39.0,"key":"Strength Potion"}],"is_trial":false,"path_per_floor":["M","M","?","M","$","R","E","M","T","E","M","E","R","E","R","B",null,"M","$","M","M","M","R","E","M","T","E","M","E","$","E","R","B",null,"M","M","?","M","?","E","M","M","T","E","M","M","$","E","R","B","B",null,null],"character_chosen":"THE_SILENT","items_purchased":["Blade Dance","Bag of Preparation","Cauldron","Darkstone Periapt","AT_KingSlayer","Toxic Egg 2","Strawberry"],"campfire_rested":2,"item_purchase_floors":[5,19,30,47,47,47,47],"current_hp_per_floor":[53,53,53,47,47,47,32,32,32,32,32,6,36,31,53,48,52,47,47,47,47,47,47,47,47,47,49,43,37,37,49,49,49,57,57,57,57,57,57,57,57,57,57,57,57,57,64,64,64,64,64,64],"gold":195,"neow_bonus":"BOSS_RELIC","is_daily":false,"chose_seed":false,"campfire_upgraded":4,"win_rate":0.0,"timestamp":1609915929,"path_taken":["M","M","?","?","?","R","E","?","T","E","M","E","R","E","R","BOSS","M","$","M","?","M","R","E","M","T","E","M","E","$","E","R","BOSS","M","M","?","M","?","E","M","M","T","E","M","M","$","E","R","BOSS","BOSS"],"items_purchased_type":["Card","Relic","Relic","Relic","Card","Relic","Relic"],"build_version":"2020-12-22","purchased_purges":4,"victory":true,"max_hp_per_floor":[66,66,66,66,66,66,66,66,66,66,66,53,53,53,53,53,53,53,53,53,53,53,53,53,53,53,60,60,60,60,60,60,60,60,60,60,60,60,60,60,60,60,60,60,60,60,67,67,67,67,67,67],"relic_stats":{"Darkstone Periapt":0,"Regal Pillow":22,"counters":[35,92],"Bag of Preparation":[48],"Smiling Mask":100,"obtain_stats":[{"Darkstone Periapt":47,"Regal Pillow":7,"AT_ATBox":0,"DemoMod:GlassGuonStoneRelic":4,"Bag of Preparation":19,"testmod-BloodSacrificeSpiritualization":0,"Smiling Mask":44,"WristBlade":34,"testmod-Laevatain":12,"DemoMod:MonsterBlood":27,"Strawberry":47,"AT_TrinityForce":17,"Toxic Egg 2":47,"Ring of the Snake":0,"Potion Belt":26,"AT_RedTearstoneRing":43,"testmod-TestBox":0,"DemoMod:PartiallyEatenCheese":10,"AT_BladeRuinedKing":14,"testmod-TurbochargingSystem":0,"White Beast Statue":31,"Cauldron":30,"PageOfHappyTeddyBear":39,"PageOfScorchedGirl":29,"GodSword6":40,"Bag of Marbles":48,"GodSword1":24},{"Darkstone Periapt":31,"Regal Pillow":4,"AT_ATBox":0,"DemoMod:GlassGuonStoneRelic":3,"Bag of Preparation":11,"testmod-BloodSacrificeSpiritualization":0,"Smiling Mask":29,"WristBlade":21,"testmod-Laevatain":8,"DemoMod:MonsterBlood":17,"Strawberry":31,"AT_TrinityForce":10,"Toxic Egg 2":31,"Ring of the Snake":0,"Potion Belt":16,"AT_RedTearstoneRing":28,"testmod-TestBox":0,"DemoMod:PartiallyEatenCheese":6,"AT_BladeRuinedKing":9,"testmod-TurbochargingSystem":0,"White Beast Statue":20,"Cauldron":19,"PageOfHappyTeddyBear":25,"PageOfScorchedGirl":19,"GodSword6":26,"Bag of Marbles":32,"GodSword1":15},{"Darkstone Periapt":78,"Regal Pillow":11,"AT_ATBox":0,"DemoMod:GlassGuonStoneRelic":5,"Bag of Preparation":35,"testmod-BloodSacrificeSpiritualization":0,"Smiling Mask":74,"WristBlade":57,"testmod-Laevatain":22,"DemoMod:MonsterBlood":48,"Strawberry":78,"AT_TrinityForce":33,"Toxic Egg 2":78,"Ring of the Snake":0,"Potion Belt":45,"AT_RedTearstoneRing":73,"testmod-TestBox":0,"DemoMod:PartiallyEatenCheese":16,"AT_BladeRuinedKing":25,"testmod-TurbochargingSystem":0,"White Beast Statue":55,"Cauldron":51,"PageOfHappyTeddyBear":65,"PageOfScorchedGirl":51,"GodSword6":69,"Bag of Marbles":82,"GodSword1":43}]},"card_choices":[{"not_picked":["PiercingWail","Expertise"],"picked":"Cloak And Dagger","floor":1.0},{"not_picked":["Sucker Punch","Poisoned Stab"],"picked":"Backflip","floor":2.0},{"not_picked":["Endless Agony","Deadly Poison","Flying Knee"],"picked":"SKIP","floor":4.0},{"not_picked":["Backstab","Envenom","Heel Hook"],"picked":"SKIP","floor":7.0},{"not_picked":["Quick Slash","Dagger Spray","Deadly Poison"],"picked":"SKIP","floor":8.0},{"not_picked":["Distraction","Acrobatics"],"picked":"Crippling Poison","floor":10.0},{"not_picked":["Riddle With Holes","Quick Slash"],"picked":"Venomology","floor":11.0},{"not_picked":["Flechettes","Skewer"],"picked":"Masterful Stab","floor":12.0},{"not_picked":["Deadly Poison","Poisoned Stab","Riddle With Holes"],"picked":"SKIP","floor":14.0},{"not_picked":["AT_MyraUnstableElement","Burst"],"picked":"Wraith Form v2","floor":16.0},{"not_picked":["Concentrate","Bane"],"picked":"Prepared","floor":18.0},{"not_picked":["Quick Slash","Blur","Poisoned Stab"],"picked":"SKIP","floor":20.0},{"not_picked":["Infinite Blades+1","AT_KneejerkReflex","Distraction"],"picked":"SKIP","floor":21.0},{"not_picked":["Setup","Underhanded Strike","AT_ArcaneSupremacy+1"],"picked":"SKIP","floor":22.0},{"not_picked":["Underhanded Strike","Quick Slash","Infinite Blades"],"picked":"SKIP","floor":24.0},{"not_picked":["Flying Knee","Riddle With Holes"],"picked":"Well Laid Plans","floor":25.0},{"not_picked":["Prepared","Bane","AT_FocusSwordFire"],"picked":"SKIP","floor":27.0},{"not_picked":["Prepared","Bane"],"picked":"AT_FocusSwordFire","floor":27.0},{"not_picked":["AT_WindFlip","Deadly Poison"],"picked":"AT_ShadowStep","floor":28.0},{"not_picked":["AT_MyraUnstableElement","Leg Sweep","Catalyst"],"picked":"SKIP","floor":29.0},{"not_picked":["Backstab","Underhanded Strike","Slice"],"picked":"SKIP","floor":31.0},{"not_picked":["Wraith Form v2","Phantasmal Killer"],"picked":"Adrenaline","floor":33.0},{"not_picked":["Outmaneuver","Predator","Slice+1"],"picked":"SKIP","floor":35.0},{"not_picked":["Flechettes","Noxious Fumes","Expertise"],"picked":"SKIP","floor":36.0},{"not_picked":["PiercingWail","Outmaneuver"],"picked":"Escape Plan","floor":38.0},{"not_picked":["Heel Hook","Outmaneuver"],"picked":"AT_ThistleTea","floor":39.0},{"not_picked":["PiercingWail","Bane"],"picked":"AT_Desolate","floor":40.0},{"not_picked":["Dagger Throw","Deflect+1","AT_ShadowStep"],"picked":"SKIP","floor":41.0},{"not_picked":["Dagger Throw","Deflect+1"],"picked":"AT_ShadowStep","floor":41.0},{"not_picked":["Distraction","Bullet Time"],"picked":"Acrobatics","floor":42.0},{"not_picked":["Escape Plan","AT_ShadowStep","Deadly Poison"],"picked":"SKIP","floor":44.0},{"not_picked":["Quick Slash","Sucker Punch+1","Dodge and Roll"],"picked":"SKIP","floor":45.0},{"not_picked":["Flying Knee","Dash","Deadly Poison"],"picked":"SKIP","floor":46.0},{"not_picked":["Quick Slash+1","Flying Knee+1","Blade Dance+1"],"picked":"SKIP","floor":48}],"player_experience":63721,"relics_obtained":[{"floor":7.0,"key":"Regal Pillow"},{"floor":10.0,"key":"DemoMod:PartiallyEatenCheese"},{"floor":12.0,"key":"testmod-Laevatain"},{"floor":14.0,"key":"AT_BladeRuinedKing"},{"floor":24.0,"key":"GodSword1"},{"floor":26.0,"key":"Potion Belt"},{"floor":27.0,"key":"DemoMod:MonsterBlood"},{"floor":29.0,"key":"PageOfScorchedGirl"},{"floor":31.0,"key":"White Beast Statue"},{"floor":39.0,"key":"PageOfHappyTeddyBear"},{"floor":40.0,"key":"GodSword6"},{"floor":43.0,"key":"AT_RedTearstoneRing"},{"floor":44.0,"key":"Smiling Mask"},{"floor":48,"key":"Bag of Marbles"}],"event_choices":[{"damage_healed":0.0,"max_hp_gain":0.0,"max_hp_loss":0.0,"gold_gain":0.0,"event_name":"Lab","player_choice":"Got Potions","floor":3.0,"gold_loss":0.0,"damage_taken":0.0},{"damage_healed":0.0,"max_hp_gain":0.0,"max_hp_loss":0.0,"gold_gain":999.0,"event_name":"恩洛斯的盘子","player_choice":"Sell","floor":37.0,"relics_lost":["testmod-BloodSacrificeSpiritualization"],"gold_loss":0.0,"damage_taken":0.0},{"damage_healed":0.0,"max_hp_gain":0.0,"max_hp_loss":0.0,"gold_gain":0.0,"event_name":"MindBloom","player_choice":"Fight","floor":39.0,"gold_loss":0.0,"damage_taken":0.0}],"is_beta":false,"boss_relics":[{"not_picked":["testmod-DeterminationOfClimber","SoulBox"],"picked":"AT_TrinityForce"},{"not_picked":["testmod-CardMagician","testmod-KeyOfTheVoid"],"picked":"WristBlade"}],"items_purged_floors":[5,19,30,47],"is_endless":false,"potions_floor_spawned":[4,8,11,14,21,24,25,27,33,35,36,38,39,40,41,42,44,45,46,48,52],"ascension_level":20}}