{"host":"qrt7o4dq2qslzw13","time":1609932323,"event":{"mods":["AchievementEnabler","BaseMod","Colored Map","Colored Powertips","Minty Spire (QoL Compilation)","Quick Restart","StSLib","SuperFastMode"],"gold_per_floor":[365,341,341,391,391,391,406,425,425,191,207,249,249,275,275,381,381,408,447,462,312,411,411,437,437,437,452,463,487,487,39,39,39,39],"floor_reached":33,"playtime":888,"items_purged":[],"score":272,"play_id":"667f51cd-6694-4a1a-9407-606d705bd196","local_time":"20210106062523","is_ascension_mode":false,"campfire_choices":[{"data":"Clash","floor":6.0,"key":"SMITH"},{"data":"Carnage","floor":13.0,"key":"SMITH"},{"data":"Infernal Blade","floor":15.0,"key":"SMITH"},{"data":"Blind","floor":23.0,"key":"SMITH"},{"floor":30.0,"key":"REST"},{"data":"Hemokinesis","floor":32.0,"key":"SMITH"}],"circlet_count":0,"master_deck":["Strike_R","Strike_R","Strike_R","Strike_R","Strike_R","Defend_R","Defend_R","Defend_R","Defend_R","Bash+1","Clash+1","Shrug It Off","Carnage+1","Infernal Blade+1","Wild Strike","Battle Trance","Shrug It Off","Deep Breath","Bloodletting","Twin Strike","Rage","Feed","Blood for Blood","Ghostly Armor","Flame Barrier","Blind+1","Sword Boomerang+1","Thunderclap","Hemokinesis+1","Purity","Flex"],"relics":["Burning Blood","StoneCalendar","CeramicFish","Busted Crown","Red Mask","InkBottle","Paper Frog"],"acts_visited":["Exordium","TheCity"],"potions_floor_usage":[],"damage_taken":[{"damage":5.0,"enemies":"2 Louse","floor":1.0,"turns":3.0},{"damage":5.0,"enemies":"Small Slimes","floor":7.0,"turns":3.0},{"damage":0.0,"enemies":"Jaw Worm","floor":8.0,"turns":3.0},{"damage":4.0,"enemies":"Blue Slaver","floor":11.0,"turns":2.0},{"damage":13.0,"enemies":"Gremlin Nob","floor":12.0,"turns":3.0},{"damage":0.0,"enemies":"2 Fungi Beasts","floor":14.0,"turns":2.0},{"damage":33.0,"enemies":"Slime Boss","floor":16.0,"turns":7.0},{"damage":7.0,"enemies":"2 Thieves","floor":18.0,"turns":5.0},{"damage":40.0,"enemies":"Masked Bandits","floor":19.0,"turns":4.0},{"damage":3.0,"enemies":"Chosen","floor":20.0,"turns":4.0},{"damage":7.0,"enemies":"Shelled Parasite and Fungi","floor":24.0,"turns":2.0},{"damage":0.0,"enemies":"3 Cultists","floor":27.0,"turns":4.0},{"damage":0.0,"enemies":"Centurion and Healer","floor":28.0,"turns":4.0},{"damage":35.0,"enemies":"Chosen and Byrds","floor":29.0,"turns":7.0},{"damage":80,"enemies":"Collector","floor":33,"turns":10}],"seed_played":"-1945481541030693873","potions_obtained":[{"floor":7.0,"key":"Energy Potion"},{"floor":8.0,"key":"SkillPotion"},{"floor":14.0,"key":"LiquidBronze"},{"floor":20.0,"key":"AttackPotion"},{"floor":24.0,"key":"Fire Potion"},{"floor":28.0,"key":"ColorlessPotion"}],"is_trial":false,"path_per_floor":["M","$","?","?","?","R","M","M","T","$","M","E","R","M","R","B",null,"M","?","M","$","?","R","M","?","T","M","M","M","R","$","R","B"],"character_chosen":"IRONCLAD","items_purchased":["Shrug It Off","Wild Strike","Battle Trance","Shrug It Off","Deep Breath","Flame Barrier","Blind","Paper Frog","Hemokinesis","Purity","Flex"],"campfire_rested":1,"item_purchase_floors":[2,10,10,10,10,21,21,31,31,31,31],"current_hp_per_floor":[57,57,57,57,57,57,58,64,64,64,66,59,59,65,65,38,80,82,51,54,54,54,54,56,56,56,65,74,48,77,77,77,0,0],"gold":39,"neow_bonus":"TWO_FIFTY_GOLD","is_daily":false,"chose_seed":false,"campfire_upgraded":5,"win_rate":0.0,"timestamp":1609932323,"path_taken":["M","$","?","?","?","R","?","M","T","$","M","E","R","M","R","BOSS","M","?","M","$","?","R","M","?","T","M","M","?","R","$","R","BOSS"],"items_purchased_type":["Card","Card","Card","Card","Card","Card","Card","Relic","Card","Card","Card"],"build_version":"2020-12-22","purchased_purges":0,"victory":false,"max_hp_per_floor":[80,80,80,80,80,80,80,80,80,80,80,80,80,80,80,80,80,83,86,86,86,86,86,89,89,89,92,95,98,98,98,98,98,98],"card_choices":[{"not_picked":["True Grit","Havoc"],"picked":"Clash","floor":1.0},{"not_picked":["Wild Strike","Evolve"],"picked":"Carnage","floor":7.0},{"not_picked":["Sword Boomerang","Anger"],"picked":"Infernal Blade","floor":8.0},{"not_picked":["Blood for Blood","True Grit"],"picked":"Bloodletting","floor":11.0},{"not_picked":["Perfected Strike","Flex"],"picked":"Twin Strike","floor":12.0},{"not_picked":["Wild Strike","Metallicize"],"picked":"Rage","floor":14.0},{"not_picked":["Exhume","Berserk"],"picked":"Feed","floor":16.0},{"not_picked":[],"picked":"Blood for Blood","floor":18.0},{"not_picked":[],"picked":"Ghostly Armor","floor":19.0},{"not_picked":["Clothesline+1"],"picked":"SKIP","floor":20.0},{"not_picked":[],"picked":"Sword Boomerang+1","floor":24.0},{"not_picked":["Thunderclap"],"picked":"SKIP","floor":27.0},{"not_picked":["Clothesline"],"picked":"SKIP","floor":28.0},{"not_picked":[],"picked":"Thunderclap","floor":29.0}],"player_experience":507538,"relics_obtained":[{"floor":9.0,"key":"StoneCalendar"},{"floor":12.0,"key":"CeramicFish"},{"floor":19.0,"key":"Red Mask"}],"event_choices":[{"damage_healed":0.0,"max_hp_gain":0.0,"max_hp_loss":0.0,"gold_gain":0.0,"event_name":"The Cleric","player_choice":"Leave","floor":3.0,"gold_loss":0.0,"damage_taken":0.0},{"damage_healed":0.0,"max_hp_gain":0.0,"max_hp_loss":0.0,"gold_gain":50.0,"event_name":"Golden Wing","player_choice":"Gained Gold","floor":4.0,"gold_loss":0.0,"damage_taken":0.0},{"damage_healed":0.0,"max_hp_gain":0.0,"max_hp_loss":0.0,"gold_gain":0.0,"event_name":"Living Wall","player_choice":"Grow","floor":5.0,"gold_loss":0.0,"damage_taken":0.0,"cards_upgraded":["Bash"]},{"damage_healed":0.0,"max_hp_gain":0.0,"max_hp_loss":0.0,"gold_gain":0.0,"event_name":"Masked Bandits","player_choice":"Fought Bandits","floor":19.0,"gold_loss":0.0,"damage_taken":0.0},{"damage_healed":0.0,"max_hp_gain":0.0,"max_hp_loss":0.0,"gold_gain":99.0,"event_name":"Nest","player_choice":"Stole From Cult","floor":22.0,"gold_loss":0.0,"damage_taken":0.0},{"damage_healed":0.0,"max_hp_gain":0.0,"max_hp_loss":0.0,"gold_gain":0.0,"event_name":"WeMeetAgain","player_choice":"Gave Potion","floor":25.0,"gold_loss":0.0,"damage_taken":0.0,"relics_obtained":["InkBottle"]}],"is_beta":false,"boss_relics":[{"not_picked":["Tiny House","Philosopher\u0027s Stone"],"picked":"Busted Crown"}],"items_purged_floors":[],"is_endless":false,"potions_floor_spawned":[7,8,14,20,24,28],"killed_by":"Collector","ascension_level":0}}