{"host":"syi3dwod45ki1ly6","time":1609925657,"event":{"mods":["Ascension Reborn","BaseMod","BetterRewards","Downfall","Halation","Hubris","Infinite Spire","Marisa????????","Minty Spire (QoL Compilation)","READ ME - Guardian Mod","READ ME - Snecko Mod","Replay The Spire","Spikes Relics","StSLib","SuperFastMode","The Bladedancer","The Construct","The Jungle","The Marked","The Servant 0.9.4"],"gold_per_floor":[111,186,198,213,224,224,253,253,253,281,310,335,362,147,147,279,279,318,318,318,318,350,403,198,198,198,9,145,185,237,262,262,379,379,403,444,444,470,470,522,522,553,553,553,553,653,684,718,718,730],"floor_reached":51,"playtime":3410,"items_purged":[],"score":879,"play_id":"a7ca8240-a850-4045-84a3-18867ce1edbe","local_time":"20210106023417","is_ascension_mode":true,"campfire_choices":[{"data":"construct:AttackMode","floor":6,"key":"SMITH"},{"data":"construct:Versatility","floor":8,"key":"SMITH"},{"floor":15,"key":"REST"},{"data":"RitualDagger","floor":25,"key":"SMITH"},{"data":"hubris:EnhanceAbility","floor":32,"key":"SMITH"},{"data":"construct:GuardCore","floor":41,"key":"SMITH"},{"data":"expansioncontent:Chronoboost","floor":49,"key":"SMITH"}],"circlet_count":0,"master_deck":["construct:Defend_Gold","construct:Defend_Gold+1","construct:Defend_Gold","construct:Defend_Gold","construct:Defend_Gold","construct:AttackMode+1","construct:DefenseMode","construct:SweepLaser","construct:Chainstrike","construct:Disrupt+1","construct:ClusterMines","construct:Versatility+1","construct:ShiftStrike","construct:ChargeShot","construct:Boost","construct:GuardCore+1","construct:SiegeForm","CurseOfTheBell","construct:ChargeShot+1","construct:SuppressiveFire","Bite","Bite","Bite","Bite","Bite","RitualDagger+1","construct:Hazardproof","construct:ShiftStrike","construct:Tumble","construct:Autoturret+1","hubris:EnhanceAbility+1","construct:CriticalHit+1","construct:Hazardproof","construct:Bunker","construct:Autoturret+1","construct:ShiftStrike+1","expansioncontent:Chronoboost+1","construct:ShiftStrike+1"],"relics":["construct:Cogwheel","Shuriken","halation:SwordOfLegend","Replay:Bandana","Sling","Calling Bell","Omamori","Replay:WaspNest","Prayer Wheel","MutagenicStrength","construct:RocketBooster","Replay:Baseball","RetroEgg","Durian","infinitespire:EmpoweringShard","infinitespire:Eraser","halation:ForbiddenBikini","halation:EternalFortune","Du-Vu Doll","Toy Ornithopter","hubris:ClockworkCow"],"acts_visited":["Exordium","TheCity","TheBeyond"],"potions_floor_usage":[10,16,18,23,28,33,33,40,50],"damage_taken":[{"damage":6,"enemies":"Jaw Worm","floor":1,"turns":6},{"damage":0,"enemies":"Cultist","floor":3,"turns":4},{"damage":0,"enemies":"2 Louse","floor":4,"turns":3},{"damage":3,"enemies":"Exordium Wildlife","floor":5,"turns":5},{"damage":1,"enemies":"Replay:BlueRogue","floor":7,"turns":5},{"damage":21,"enemies":"3 Sentries","floor":10,"turns":7},{"damage":9,"enemies":"Exordium Thugs","floor":11,"turns":5},{"damage":1,"enemies":"Looter","floor":12,"turns":2},{"damage":1,"enemies":"Blue Slaver","floor":13,"turns":2},{"damage":0,"enemies":"Fading Forest","floor":16,"turns":11},{"damage":7,"enemies":"2 Thieves","floor":18,"turns":3},{"damage":8,"enemies":"3 Byrds","floor":22,"turns":2},{"damage":5,"enemies":"Replay:Snechameleon","floor":23,"turns":4},{"damage":2,"enemies":"Colosseum Slavers","floor":28,"turns":4},{"damage":6,"enemies":"Colosseum Nobs","floor":28,"turns":3},{"damage":3,"enemies":"Cultist and Chosen","floor":29,"turns":3},{"damage":8,"enemies":"Book of Stabbing","floor":30,"turns":3},{"damage":11,"enemies":"3 Cultists","floor":31,"turns":4},{"damage":54,"enemies":"hubris:MusketHawk","floor":33,"turns":7},{"damage":6,"enemies":"Orb Walker","floor":35,"turns":3},{"damage":4,"enemies":"3 Darklings","floor":36,"turns":4},{"damage":18,"enemies":"Sphere and 2 Shapes","floor":38,"turns":4},{"damage":0,"enemies":"R_Hoarder","floor":40,"turns":4},{"damage":5,"enemies":"Maw","floor":42,"turns":5},{"damage":12,"enemies":"4 Shapes","floor":47,"turns":3},{"damage":26,"enemies":"3 Darklings","floor":48,"turns":5},{"damage":78,"enemies":"Time Eater","floor":50,"turns":10}],"seed_played":"6282332012409198930","potions_obtained":[{"floor":4,"key":"SkillPotion"},{"floor":10,"key":"PowerPotion"},{"floor":11,"key":"Dexterity Potion"},{"floor":16,"key":"ColorlessPotion"},{"floor":18,"key":"Swift Potion"},{"floor":28,"key":"PowerPotion"},{"floor":31,"key":"Strength Potion"},{"floor":36,"key":"FairyPotion"},{"floor":38,"key":"DuplicationPotion"},{"floor":40,"key":"champ:CounterPotion"}],"is_trial":false,"path_per_floor":["M","?","M","M","M","R","E","R","T","E","M","M","M","$","R","B",null,"M","?","?","?","M","E","$","R","T","$","?","M","E","M","R","B",null,"M","M","?","M","T","E","R","M","T","$","?","?","M","M","R","B",null],"character_chosen":"THE_CONSTRUCT_MOD","items_purchased":["construct:GuardCore","Sling","construct:Autoturret","Replay:Baseball","hubris:EnhanceAbility"],"campfire_rested":1,"item_purchase_floors":[14,14,24,24,27],"current_hp_per_floor":[87,78,78,78,75,75,74,74,74,53,44,43,42,42,78,88,93,86,86,65,59,55,58,58,65,65,65,66,69,62,53,62,18,70,66,66,69,57,57,63,73,73,73,73,73,73,63,41,47,23],"gold":730,"neow_bonus":"TEN_PERCENT_HP_BONUS","is_daily":false,"chose_seed":false,"campfire_upgraded":6,"win_rate":0.0,"timestamp":1609925657,"path_taken":["M","?","M","M","M","R","E","R","T","E","M","?","M","$","R","BOSS","M","?","?","?","?","E","?","R","T","$","?","M","E","M","R","BOSS","M","M","?","M","?","E","R","M","T","?","?","?","?","M","R","BOSS"],"items_purchased_type":["Card","Relic","Card","Relic","Card"],"build_version":"2020-12-22","purchased_purges":0,"victory":true,"max_hp_per_floor":[93,93,93,93,93,93,93,93,93,93,93,93,93,93,93,93,93,93,93,65,65,65,65,65,65,65,65,70,70,70,70,70,70,70,70,70,73,73,73,73,73,73,73,73,73,73,73,73,73,73],"card_choices":[{"not_picked":["construct:ChargeShot","construct:ShiftStrike"],"picked":"construct:SweepLaser","floor":1},{"not_picked":["construct:ShiftStrike","construct:VentSteam"],"picked":"construct:Chainstrike","floor":3},{"not_picked":["construct:FierceBash","construct:Construct_Overclock"],"picked":"construct:Disrupt","floor":4},{"not_picked":["construct:HardReboot","construct:ShiftStrike"],"picked":"construct:ClusterMines","floor":5},{"not_picked":["construct:VentSteam","construct:ClusterMines"],"picked":"construct:Versatility","floor":7},{"not_picked":["construct:Disrupt","construct:HeavyBolt"],"picked":"construct:ShiftStrike","floor":10},{"not_picked":["construct:SaveState","construct:Analyze"],"picked":"construct:ChargeShot","floor":11},{"not_picked":["construct:Electrocute","construct:ScrapCannon","construct:Accumulate"],"picked":"SKIP","floor":12},{"not_picked":["construct:ChargeShot","construct:Stasis"],"picked":"construct:Boost","floor":13},{"not_picked":["construct:ClockworkEgg","construct:Bunker"],"picked":"construct:SiegeForm","floor":16},{"not_picked":["construct:Analyze+1","construct:Chainstrike"],"picked":"construct:ChargeShot+1","floor":18},{"not_picked":["construct:ForceCore","construct:Forcefield+1"],"picked":"construct:SuppressiveFire","floor":18},{"not_picked":["construct:Reinforce","construct:Backfire"],"picked":"construct:Hazardproof","floor":22},{"not_picked":["construct:Backfire+1","construct:Boost"],"picked":"construct:ShiftStrike","floor":22},{"not_picked":["construct:ClusterMines","construct:Backup"],"picked":"construct:Tumble","floor":23},{"not_picked":["construct:Boost","construct:FierceBash+1"],"picked":"construct:CriticalHit+1","floor":29},{"not_picked":["construct:ClusterMines","construct:SuppressiveFire","construct:SyphonStrike+1"],"picked":"SKIP","floor":29},{"not_picked":["construct:Electrocute","construct:ScrapCannon","construct:ShieldGenerator"],"picked":"SKIP","floor":30},{"not_picked":["construct:VentSteam+1","construct:Reinforce"],"picked":"construct:Hazardproof","floor":31},{"not_picked":["construct:SweepLaser","construct:OmegaCannon","construct:BatteryAcid"],"picked":"SKIP","floor":31},{"not_picked":["construct:PanicFire","construct:LongRangeLance"],"picked":"construct:Bunker","floor":33},{"not_picked":["construct:SweepLaser+1","construct:SyphonStrike","construct:ModeShift+1"],"picked":"SKIP","floor":35},{"not_picked":["construct:Impenetrable+1","construct:Forcefield+1","construct:Zapper"],"picked":"SKIP","floor":35},{"not_picked":["construct:SweepLaser","construct:ChargeShot+1","construct:Versatility+1"],"picked":"SKIP","floor":36},{"not_picked":["construct:SweepLaser+1","construct:ReactiveShield","construct:Failsafe"],"picked":"SKIP","floor":36},{"not_picked":["construct:GoldenBullet","construct:FierceBash+1"],"picked":"construct:Autoturret+1","floor":38},{"not_picked":["construct:Overcharge+1","construct:Reinforce","construct:FocusedBeam+1"],"picked":"SKIP","floor":38},{"not_picked":["construct:Forcefield","construct:Failsafe","construct:GoldenBullet"],"picked":"SKIP","floor":40},{"not_picked":["construct:ChargeShot+1","construct:SyphonStrike+1"],"picked":"construct:ShiftStrike+1","floor":42},{"not_picked":["construct:ModeShift","construct:VentSteam+1","construct:Analyze+1"],"picked":"SKIP","floor":42},{"not_picked":["Panacea","Reforge"],"picked":"expansioncontent:Chronoboost","floor":45},{"not_picked":["construct:Backfire+1","construct:Overcharge+1"],"picked":"construct:ShiftStrike+1","floor":47},{"not_picked":["construct:SuppressiveFire","construct:Construct_Overclock+1","construct:CripplingShot"],"picked":"SKIP","floor":47},{"not_picked":["construct:Stasis+1","construct:Anticipate","construct:FierceBash"],"picked":"SKIP","floor":48},{"not_picked":["construct:Boost+1","construct:Backfire","construct:Chainstrike"],"picked":"SKIP","floor":48}],"player_experience":160616,"relics_obtained":[{"floor":7,"key":"Shuriken"},{"floor":9,"key":"halation:SwordOfLegend"},{"floor":10,"key":"Replay:Bandana"},{"floor":17,"key":"Omamori"},{"floor":17,"key":"Replay:WaspNest"},{"floor":17,"key":"Prayer Wheel"},{"floor":23,"key":"construct:RocketBooster"},{"floor":26,"key":"RetroEgg"},{"floor":28,"key":"Durian"},{"floor":28,"key":"infinitespire:EmpoweringShard"},{"floor":30,"key":"infinitespire:Eraser"},{"floor":39,"key":"Du-Vu Doll"},{"floor":40,"key":"Toy Ornithopter"},{"floor":43,"key":"hubris:ClockworkCow"}],"event_choices":[{"damage_healed":0,"gold_gain":75,"player_choice":"Touch","damage_taken":9,"max_hp_gain":0,"max_hp_loss":0,"event_name":"FaceTrader","floor":2,"gold_loss":0},{"damage_healed":0,"gold_gain":0,"player_choice":"Inject Mutagens","damage_taken":0,"relics_obtained":["MutagenicStrength"],"max_hp_gain":0,"max_hp_loss":0,"event_name":"Drug Dealer","floor":19,"gold_loss":0},{"damage_healed":0,"gold_gain":0,"player_choice":"Became a vampire","damage_taken":0,"max_hp_gain":0,"max_hp_loss":28,"event_name":"Vampires","floor":20,"gold_loss":0,"cards_obtained":["Bite","Bite","Bite","Bite","Bite"]},{"damage_healed":0,"gold_gain":0,"player_choice":"Joined the Cult","damage_taken":6,"max_hp_gain":0,"max_hp_loss":0,"event_name":"Nest","floor":21,"gold_loss":0,"cards_obtained":["RitualDagger"]},{"damage_healed":0,"gold_gain":0,"player_choice":"Fight","damage_taken":0,"max_hp_gain":0,"max_hp_loss":0,"event_name":"Colosseum","floor":28,"gold_loss":0},{"damage_healed":0,"gold_gain":0,"player_choice":"Fought Nobs","damage_taken":0,"max_hp_gain":0,"max_hp_loss":0,"event_name":"Colosseum","floor":28,"gold_loss":0},{"damage_healed":0,"gold_gain":0,"player_choice":"Memory 1","damage_taken":0,"max_hp_gain":0,"max_hp_loss":0,"event_name":"SensoryStone","floor":45,"gold_loss":0},{"damage_healed":0,"gold_gain":100,"player_choice":"Pray","damage_taken":0,"max_hp_gain":0,"max_hp_loss":0,"event_name":"Golden Shrine","floor":46,"gold_loss":0}],"is_beta":false,"boss_relics":[{"not_picked":["halation:HeavySnake","halation:PinkAlligatorPlush"],"picked":"Calling Bell"},{"not_picked":["Runic Pyramid","hubris:BlackHole"],"picked":"halation:ForbiddenBikini"}],"items_purged_floors":[],"is_endless":false,"potions_floor_spawned":[4,10,11,16,18,28,31,36,38,40,48],"ascension_level":0}}