{"host":"bxn2em57qlx5u4i0","time":1609976571,"event":{"mods":["BaseMod","Colored Map","Colored Powertips","Highlight Path","Minty Spire (QoL Compilation)","Random Character Button","Relic Sorter","Relic Stats","StSLib","SuperFastMode"],"gold_per_floor":[12,30,30,50,50,50,63,63,87,87,105,64,64,94,94,166,166,136,61,71,121,121,148,148,166,190,28,61,111,111,111,111],"floor_reached":31,"playtime":806,"items_purged":["Strike_G"],"score":542,"play_id":"7ab31e9a-7bad-4aa8-beb4-ecd1f5d716fb","local_time":"20210106184251","is_ascension_mode":true,"campfire_choices":[{"data":"Noxious Fumes","floor":6.0,"key":"SMITH"},{"data":"After Image","floor":8.0,"key":"SMITH"},{"data":"Neutralize","floor":10.0,"key":"SMITH"},{"floor":13.0,"key":"REST"},{"data":"Survivor","floor":15.0,"key":"SMITH"},{"data":"Terror","floor":24,"key":"SMITH"},{"data":"A Thousand Cuts","floor":30,"key":"SMITH"}],"circlet_count":0,"master_deck":["AscendersBane","Strike_G","Strike_G","Strike_G","Defend_G","Defend_G","Defend_G","Defend_G","Defend_G","Survivor+1","Neutralize+1","After Image+1","Infinite Blades","Noxious Fumes+1","Endless Agony","Endless Agony","A Thousand Cuts+1","Dagger Spray","Terror+1","Deflect","Backflip+1","Backstab+1"],"relics":["Ring of the Snake","Juzu Bracelet","Akabeko","MealTicket","Coffee Dripper","Toxic Egg 2","CeramicFish","Anchor","Potion Belt"],"acts_visited":["Exordium","TheCity"],"potions_floor_usage":[23],"damage_taken":[{"damage":1.0,"enemies":"Small Slimes","floor":1.0,"turns":4.0},{"damage":0.0,"enemies":"Cultist","floor":2.0,"turns":5.0},{"damage":4.0,"enemies":"Jaw Worm","floor":4.0,"turns":4.0},{"damage":21.0,"enemies":"Large Slime","floor":7.0,"turns":7.0},{"damage":7.0,"enemies":"Red Slaver","floor":11.0,"turns":5.0},{"damage":9.0,"enemies":"Lagavulin","floor":14.0,"turns":6.0},{"damage":1.0,"enemies":"Hexaghost","floor":16.0,"turns":11.0},{"damage":11.0,"enemies":"2 Thieves","floor":18.0,"turns":4.0},{"damage":15.0,"enemies":"3 Byrds","floor":20.0,"turns":4.0},{"damage":32,"enemies":"Book of Stabbing","floor":23,"turns":5},{"damage":33,"enemies":"Snecko","floor":25,"turns":8},{"damage":17,"enemies":"Gremlin Leader","floor":28,"turns":7},{"damage":16,"enemies":"Slavers","floor":31,"turns":1}],"seed_played":"-9068115701586254278","potions_obtained":[{"floor":1.0,"key":"Weak Potion"},{"floor":2.0,"key":"SpeedPotion"},{"floor":14.0,"key":"FairyPotion"},{"floor":16.0,"key":"Strength Potion"},{"floor":23,"key":"Strength Potion"}],"is_trial":false,"path_per_floor":["M","M","?","M","?","R","M","R","T","R","M","?","R","E","R","B",null,"M","$","M","?","?","E","R","M","T","$","E","?","R","E"],"character_chosen":"THE_SILENT","items_purchased":["Anchor"],"campfire_rested":1,"item_purchase_floors":[27],"current_hp_per_floor":[58,58,58,54,47,47,26,26,26,26,19,19,38,29,29,28,57,46,61,46,46,46,14,14,6,6,21,4,4,4,0,0],"gold":111,"neow_bonus":"THREE_RARE_CARDS","is_daily":false,"chose_seed":false,"campfire_upgraded":6,"win_rate":0.0,"timestamp":1609976571,"path_taken":["M","M","?","M","?","R","M","R","T","R","M","?","R","E","R","BOSS","M","$","M","?","?","E","R","M","T","$","E","?","R","E"],"items_purchased_type":["Relic"],"build_version":"2020-12-22","purchased_purges":1,"victory":false,"max_hp_per_floor":[66,66,66,66,66,66,66,66,66,66,66,66,66,66,66,66,66,66,66,66,66,66,66,66,66,66,66,66,66,66,66,66],"relic_stats":{"counters":[13,71],"CeramicFish":0,"MealTicket":30,"Juzu Bracelet":2,"obtain_stats":[{"Potion Belt":28,"Anchor":27,"CeramicFish":26,"MealTicket":14,"Juzu Bracelet":3,"Coffee Dripper":17,"Toxic Egg 2":23,"Akabeko":9,"Ring of the Snake":0},{"Potion Belt":12,"Anchor":11,"CeramicFish":11,"MealTicket":6,"Juzu Bracelet":2,"Coffee Dripper":7,"Toxic Egg 2":10,"Akabeko":4,"Ring of the Snake":0},{"Potion Belt":70,"Anchor":63,"CeramicFish":63,"MealTicket":31,"Juzu Bracelet":9,"Coffee Dripper":42,"Toxic Egg 2":55,"Akabeko":20,"Ring of the Snake":0}],"Ring of the Snake":[26]},"card_choices":[{"not_picked":["Malaise","Storm of Steel"],"picked":"After Image","floor":0.0},{"not_picked":["Cloak And Dagger","Dagger Throw"],"picked":"Infinite Blades","floor":1.0},{"not_picked":["Dagger Spray","Deadly Poison"],"picked":"Noxious Fumes","floor":2.0},{"not_picked":["Choke","Acrobatics"],"picked":"Endless Agony","floor":4.0},{"not_picked":["Slice","Dodge and Roll","Dagger Throw"],"picked":"SKIP","floor":7.0},{"not_picked":["Prepared","Predator"],"picked":"Endless Agony","floor":11.0},{"not_picked":["Cloak And Dagger","Flying Knee","Dagger Throw"],"picked":"SKIP","floor":14.0},{"not_picked":["Grand Finale","Bullet Time"],"picked":"A Thousand Cuts","floor":16.0},{"not_picked":["Bane+1","PiercingWail"],"picked":"Dagger Spray","floor":18.0},{"not_picked":["Masterful Stab+1","Riddle With Holes"],"picked":"Terror","floor":20.0},{"not_picked":["Infinite Blades","Masterful Stab"],"picked":"Backflip+1","floor":23},{"not_picked":["Cloak And Dagger+1","Backflip+1"],"picked":"Backstab+1","floor":25},{"not_picked":["Bouncing Flask+1","Finisher","Dagger Throw"],"picked":"SKIP","floor":28}],"player_experience":2856523,"relics_obtained":[{"floor":9.0,"key":"Akabeko"},{"floor":14.0,"key":"MealTicket"},{"floor":23,"key":"Toxic Egg 2"},{"floor":26,"key":"CeramicFish"},{"floor":28,"key":"Potion Belt"}],"event_choices":[{"damage_healed":0.0,"max_hp_gain":0.0,"max_hp_loss":0.0,"gold_gain":0.0,"event_name":"WeMeetAgain","player_choice":"Gave Potion","floor":3.0,"gold_loss":0.0,"damage_taken":0.0,"relics_obtained":["Juzu Bracelet"]},{"cards_removed":["Strike_G"],"damage_healed":0.0,"max_hp_gain":0.0,"max_hp_loss":0.0,"gold_gain":0.0,"event_name":"Golden Wing","player_choice":"Card Removal","floor":5.0,"gold_loss":0.0,"damage_taken":7.0},{"damage_healed":0.0,"max_hp_gain":0.0,"max_hp_loss":0.0,"gold_gain":0.0,"event_name":"World of Goop","player_choice":"Left Gold","floor":12.0,"gold_loss":41.0,"damage_taken":0.0},{"damage_healed":0.0,"max_hp_gain":0.0,"max_hp_loss":0.0,"gold_gain":50.0,"event_name":"Golden Shrine","player_choice":"Pray","floor":21.0,"gold_loss":0.0,"damage_taken":0.0},{"damage_healed":0.0,"max_hp_gain":0.0,"max_hp_loss":0.0,"gold_gain":0.0,"event_name":"The Library","player_choice":"Read","floor":22.0,"gold_loss":0.0,"damage_taken":0.0,"cards_obtained":["Deflect"]},{"damage_healed":0,"gold_gain":50,"player_choice":"Stole From Cult","damage_taken":0,"max_hp_gain":0,"max_hp_loss":0,"event_name":"Nest","floor":29,"gold_loss":0}],"is_beta":false,"boss_relics":[{"not_picked":["Cursed Key","Fusion Hammer"],"picked":"Coffee Dripper"}],"items_purged_floors":[19],"is_endless":false,"potions_floor_spawned":[1,2,14,16,23],"killed_by":"Slavers","ascension_level":20}}