{"host":"56ghxnzsglgdq727","time":1609927501,"event":{"mods":["AchievementEnabler","BaseMod","Downfall","Minty Spire (QoL Compilation)","StSLib"],"gold_per_floor":[99,166,76,76,118,160,160,202,202,240,283,383,383,438,483,483,483,483],"floor_reached":16,"playtime":941,"items_purged":["Shame"],"score":109,"play_id":"a6a1b319-fd3f-4d22-ae8e-44b5c26781d2","local_time":"20210106050501","is_ascension_mode":true,"campfire_choices":[{"data":"HandOfGreed","floor":1,"key":"SMITH"},{"data":"champ:Balance","floor":13,"key":"SMITH"}],"circlet_count":0,"master_deck":["champ:Strike","champ:Strike","champ:Strike","champ:Strike","champ:Defend","champ:Defend","champ:Defend","champ:Defend","champ:Execute","champ:Taunt","HandOfGreed+1","champ:FlashCut","champ:IgnorePain","champ:Balance+1","champ:DefensiveStyle","champ:SkillfulDodge"],"relics":["champ:ChampionCrown","Singing Bowl","Question Card","Centennial Puzzle"],"acts_visited":["Exordium"],"potions_floor_usage":[14,16,16,16],"damage_taken":[{"damage":12,"enemies":"2 Louse","floor":2,"turns":4},{"damage":15,"enemies":"downfall:FleeingMerchant","floor":3,"turns":4},{"damage":6,"enemies":"Small Slimes","floor":5,"turns":5},{"damage":5,"enemies":"Jaw Worm","floor":6,"turns":3},{"damage":22,"enemies":"Large Slime","floor":8,"turns":7},{"damage":7,"enemies":"Exordium Wildlife","floor":10,"turns":3},{"damage":7,"enemies":"3 Louse","floor":11,"turns":5},{"damage":15,"enemies":"Gremlin Nob","floor":14,"turns":4},{"damage":3,"enemies":"Large Slime","floor":15,"turns":5},{"damage":13,"enemies":"downfall:Ironclad","floor":16,"turns":9}],"seed_played":"-4855255841306458614","potions_obtained":[{"floor":5,"key":"Fire Potion"},{"floor":8,"key":"Explosive Potion"},{"floor":10,"key":"sneckomod:MuddlingPotion"},{"floor":14,"key":"SkillPotion"}],"is_trial":false,"path_per_floor":["R","M","$","?","M","M","T","M","?","M","M","?","R","E","M","B"],"character_chosen":"THE_CHAMP","items_purchased":[],"campfire_rested":0,"item_purchase_floors":[],"current_hp_per_floor":[90,83,78,66,62,62,62,45,50,43,41,41,41,33,32,19,19,19],"gold":483,"neow_bonus":"RANDOM_COLORLESS_2","is_daily":false,"chose_seed":false,"campfire_upgraded":2,"win_rate":0.0,"timestamp":1609927501,"path_taken":["R","M","$","?","M","M","T","M","?","M","M","?","R","E","M","BOSS"],"items_purchased_type":[],"build_version":"2020-12-22","purchased_purges":1,"victory":false,"max_hp_per_floor":[90,90,90,90,92,92,92,92,97,97,99,99,99,101,103,103,103,103],"card_choices":[{"not_picked":["Magnetism","Apotheosis"],"picked":"HandOfGreed","floor":0},{"not_picked":["champ:RageSigil","champ:ShieldSigil"],"picked":"champ:FlashCut","floor":2},{"not_picked":["champ:SwordSigil","champ:FlashCut"],"picked":"champ:IgnorePain","floor":3},{"not_picked":["champ:AdrenalArmor","champ:GladiatorsShout","champ:EnragedBash"],"picked":"Singing Bowl","floor":5},{"not_picked":["champ:Duel","champ:FanOfKnives"],"picked":"champ:Balance","floor":6},{"not_picked":["champ:StanceDance","champ:FightOn","champ:HeartStrike"],"picked":"champ:DefensiveStyle","floor":8},{"not_picked":["champ:IronFortress","champ:PerfectedStrike","champ:BladeFlurry"],"picked":"champ:SkillfulDodge","floor":10},{"not_picked":["champ:Haymaker","champ:CrookedStrike","champ:BladeFlurry","champ:FocusedGladiator"],"picked":"Singing Bowl","floor":11},{"not_picked":["champ:FightOn","champ:GutPunch","champ:DefensiveShout","champ:CrookedStrike"],"picked":"Singing Bowl","floor":14},{"not_picked":["champ:CalledShot","champ:ViciousMockery","champ:CheapShot","champ:FocusedBerserking"],"picked":"Singing Bowl","floor":15}],"player_experience":171681,"relics_obtained":[{"floor":7,"key":"Question Card"},{"floor":14,"key":"Centennial Puzzle"}],"event_choices":[{"damage_healed":0,"gold_gain":0,"player_choice":"Success","damage_taken":12,"relics_obtained":["Singing Bowl"],"max_hp_gain":0,"max_hp_loss":0,"event_name":"Scrap Ooze","floor":4,"gold_loss":0},{"damage_healed":0,"gold_gain":0,"player_choice":"Donut","damage_taken":0,"max_hp_gain":5,"max_hp_loss":0,"event_name":"Big Fish","floor":9,"gold_loss":0}],"is_beta":false,"boss_relics":[],"items_purged_floors":[3],"is_endless":false,"potions_floor_spawned":[5,8,10,11,14,15],"killed_by":"downfall:Ironclad","ascension_level":1}}