{"host":"m77rrhbqzv44va4v","time":1609948934,"event":{"mods":["AchievementEnabler","BaseMod","Colored Map","DeckTracker","Keyboard Shortcuts","Minty Spire (QoL Compilation)","StSLib","SuperFastMode","everything is the same but u backflip on backflip"],"gold_per_floor":[119,134,134,209,209,209,242,242,242,242,256,269,194,209,209,209,209],"floor_reached":16,"playtime":226,"items_purged":[],"score":250,"play_id":"91f3599d-fa89-4746-a484-ed5ae6962b60","local_time":"20210107010214","is_ascension_mode":true,"campfire_choices":[{"data":"Neutralize","floor":6,"key":"SMITH"},{"floor":8,"key":"REST"},{"data":"Backflip","floor":10,"key":"SMITH"},{"data":"Quick Slash","floor":15,"key":"SMITH"}],"circlet_count":0,"master_deck":["AscendersBane","Strike_G","Strike_G","Strike_G","Strike_G","Defend_G+1","Defend_G","Defend_G","Defend_G+1","Survivor","Neutralize+1","Backflip+1","Heel Hook","Quick Slash+1","Masterful Stab","Grand Finale","Dagger Throw"],"relics":["Ring of the Snake","NeowsBlessing","TungstenRod","Mango"],"acts_visited":["Exordium"],"potions_floor_usage":[16,16],"damage_taken":[{"damage":0.0,"enemies":"Jaw Worm","floor":1.0,"turns":1.0},{"damage":0,"enemies":"Small Slimes","floor":2,"turns":1},{"damage":0,"enemies":"Lagavulin","floor":7,"turns":1},{"damage":0,"enemies":"2 Louse","floor":11,"turns":3},{"damage":0,"enemies":"2 Fungi Beasts","floor":12,"turns":3},{"damage":0,"enemies":"Looter","floor":14,"turns":4},{"damage":41,"enemies":"Slime Boss","floor":16,"turns":7}],"seed_played":"-2220431618140605362","potions_obtained":[{"floor":7,"key":"LiquidMemories"},{"floor":11,"key":"CunningPotion"}],"is_trial":false,"path_per_floor":["M","M","?","?","?","R","E","R","T","R","M","M","?","M","R","B"],"character_chosen":"THE_SILENT","items_purchased":[],"campfire_rested":1,"item_purchase_floors":[],"current_hp_per_floor":[59,59,39,28,21,21,21,40,54,54,54,54,54,54,54,13,13],"gold":209,"neow_bonus":"THREE_ENEMY_KILL","is_daily":false,"chose_seed":false,"campfire_upgraded":3,"win_rate":0.0,"timestamp":1609948934,"path_taken":["M","M","?","?","?","R","E","R","T","R","M","M","?","M","R","BOSS"],"items_purchased_type":[],"build_version":"2020-12-22","purchased_purges":0,"victory":false,"max_hp_per_floor":[66,66,66,66,66,66,66,66,80,80,80,80,80,80,80,80,80],"card_choices":[{"not_picked":["Poisoned Stab","Catalyst"],"picked":"Backflip","floor":1},{"not_picked":["Accuracy","Blade Dance"],"picked":"Heel Hook","floor":2},{"not_picked":["Sucker Punch","Poisoned Stab"],"picked":"Quick Slash","floor":7},{"not_picked":["Outmaneuver","Sucker Punch"],"picked":"Masterful Stab","floor":11},{"not_picked":["PiercingWail","Endless Agony"],"picked":"Grand Finale","floor":12},{"not_picked":["Dagger Spray","Endless Agony"],"picked":"Dagger Throw","floor":14}],"player_experience":912956,"relics_obtained":[{"floor":7,"key":"TungstenRod"},{"floor":9,"key":"Mango"}],"event_choices":[{"damage_healed":0,"gold_gain":0,"player_choice":"Entered Light","damage_taken":20,"max_hp_gain":0,"max_hp_loss":0,"event_name":"Shining Light","floor":3,"gold_loss":0,"cards_upgraded":["Defend_G","Defend_G"]},{"damage_healed":0,"gold_gain":75,"player_choice":"Gather Gold","damage_taken":11,"max_hp_gain":0,"max_hp_loss":0,"event_name":"World of Goop","floor":4,"gold_loss":0},{"cards_removed":["Strike_G"],"damage_healed":0,"gold_gain":0,"player_choice":"Card Removal","damage_taken":7,"max_hp_gain":0,"max_hp_loss":0,"event_name":"Golden Wing","floor":5,"gold_loss":0},{"cards_removed":["Defend_G"],"damage_healed":0,"gold_gain":0,"player_choice":"Card Removal","damage_taken":0,"max_hp_gain":0,"max_hp_loss":0,"event_name":"The Cleric","floor":13,"gold_loss":75}],"is_beta":false,"boss_relics":[],"items_purged_floors":[],"is_endless":false,"potions_floor_spawned":[7,11,12],"killed_by":"Slime Boss","ascension_level":20}}