{"host":"m77rrhbqzv44va4v","time":1609937088,"event":{"mods":["AchievementEnabler","BaseMod","Colored Map","DeckTracker","Keyboard Shortcuts","Minty Spire (QoL Compilation)","StSLib","SuperFastMode","everything is the same but u backflip on backflip"],"gold_per_floor":[110,110,124,144,68,78,89,130,130,130,6,6,6,40,40,40,40],"floor_reached":16,"playtime":557,"items_purged":["Defend_G"],"score":220,"play_id":"46d0bad8-1f2f-4a9e-af28-4a47fa43af66","local_time":"20210106214448","is_ascension_mode":true,"campfire_choices":[{"floor":10,"key":"REST"},{"data":"Calculated Gamble","floor":12,"key":"SMITH"},{"floor":15,"key":"REST"}],"circlet_count":0,"master_deck":["AscendersBane","Strike_G","Strike_G","Strike_G","Strike_G","Defend_G","Defend_G","Defend_G","Defend_G","Survivor","Neutralize","Flying Knee","PiercingWail","Calculated Gamble+1","Escape Plan","After Image","Leg Sweep","Glass Knife","Backflip"],"relics":["Ring of the Snake","CeramicFish","Bottled Tornado","Kunai"],"acts_visited":["Exordium"],"potions_floor_usage":[8,8,16],"damage_taken":[{"damage":1,"enemies":"Jaw Worm","floor":1,"turns":5},{"damage":0,"enemies":"Cultist","floor":3,"turns":4},{"damage":0,"enemies":"Small Slimes","floor":4,"turns":5},{"damage":10,"enemies":"2 Fungi Beasts","floor":6,"turns":5},{"damage":0,"enemies":"Looter","floor":7,"turns":5},{"damage":29,"enemies":"Gremlin Nob","floor":8,"turns":4},{"damage":15,"enemies":"3 Sentries","floor":14,"turns":14},{"damage":58,"enemies":"Slime Boss","floor":16,"turns":12}],"seed_played":"855218047285363258","potions_obtained":[{"floor":3,"key":"CunningPotion"},{"floor":4,"key":"Strength Potion"},{"floor":8,"key":"FearPotion"}],"is_trial":false,"path_per_floor":["M","?","M","M","$","M","M","E","T","R","$","R","?","E","R","B"],"character_chosen":"THE_SILENT","items_purchased":["Escape Plan","Backflip"],"campfire_rested":2,"item_purchase_floors":[5,11],"current_hp_per_floor":[64,64,64,64,64,54,54,25,25,46,46,46,46,31,52,0,0],"gold":40,"neow_bonus":"TEN_PERCENT_HP_BONUS","is_daily":false,"chose_seed":false,"campfire_upgraded":1,"win_rate":0.0,"timestamp":1609937088,"path_taken":["M","?","M","M","$","M","M","E","T","R","$","R","?","E","R","BOSS"],"items_purchased_type":["Card","Card"],"build_version":"2020-12-22","purchased_purges":1,"victory":false,"max_hp_per_floor":[72,72,72,72,72,72,72,72,72,72,72,72,72,72,72,72,72],"card_choices":[{"not_picked":["Cloak And Dagger","Dodge and Roll"],"picked":"Flying Knee","floor":1},{"not_picked":["Setup","Dagger Spray"],"picked":"PiercingWail","floor":3},{"not_picked":["Sucker Punch","Bane"],"picked":"Calculated Gamble","floor":4},{"not_picked":["Leg Sweep","Deadly Poison"],"picked":"After Image","floor":6},{"not_picked":["Setup","Infinite Blades"],"picked":"Leg Sweep","floor":7},{"not_picked":["Poisoned Stab","Tools of the Trade"],"picked":"Glass Knife","floor":8},{"not_picked":["Accuracy","Flying Knee","Flechettes"],"picked":"SKIP","floor":14}],"player_experience":910735,"relics_obtained":[{"floor":8,"key":"CeramicFish"},{"floor":9,"key":"Bottled Tornado"},{"floor":14,"key":"Kunai"}],"event_choices":[{"cards_removed":["Strike_G"],"damage_healed":0,"gold_gain":0,"player_choice":"Forget","damage_taken":0,"max_hp_gain":0,"max_hp_loss":0,"event_name":"Living Wall","floor":2,"gold_loss":0},{"damage_healed":0,"gold_gain":0,"player_choice":"0 cards matched","damage_taken":0,"max_hp_gain":0,"max_hp_loss":0,"event_name":"Match and Keep!","floor":13,"gold_loss":0,"cards_obtained":[]}],"is_beta":false,"boss_relics":[],"items_purged_floors":[11],"is_endless":false,"potions_floor_spawned":[3,4,8],"killed_by":"Slime Boss","ascension_level":20}}