{"host":"esx1hwjnbftf3eqj","time":1609969675,"event":{"mods":["BaseMod","Colored Map","Minty Spire (QoL Compilation)","StSLib","The Jungle"],"gold_per_floor":[111,35,35,55,74,102,116,127,195,195,195],"floor_reached":10,"playtime":969,"items_purged":[],"score":126,"play_id":"6b30a938-952d-414f-8a4d-065f71488bf5","local_time":"20210106134755","is_ascension_mode":true,"campfire_choices":[],"circlet_count":0,"master_deck":["AscendersBane","Strike_R","Strike_R","Strike_R","Strike_R","Defend_R","Defend_R","Defend_R","Defend_R","Bash","Sadistic Nature","Heavy Blade","Whirlwind","Iron Wave","Armaments","Immolate","Ghostly Armor"],"relics":["Burning Blood","Eternal Feather","Kunai"],"acts_visited":["Exordium"],"potions_floor_usage":[],"damage_taken":[{"damage":6.0,"enemies":"Cultist","floor":1.0,"turns":4.0},{"damage":4.0,"enemies":"Small Slimes","floor":4.0,"turns":4.0},{"damage":0.0,"enemies":"2 Louse","floor":5.0,"turns":2.0},{"damage":40.0,"enemies":"3 Sentries","floor":6.0,"turns":9.0},{"damage":13.0,"enemies":"Large Slime","floor":7.0,"turns":4.0},{"damage":0.0,"enemies":"3 Louse","floor":8.0,"turns":1.0},{"damage":24,"enemies":"Lagavulin","floor":10,"turns":8}],"seed_played":"-1661497836193337451","potions_obtained":[{"floor":5.0,"key":"LiquidBronze"},{"floor":7.0,"key":"Fire Potion"}],"is_trial":false,"path_per_floor":["M","$","?","M","M","E","M","M","T","E"],"character_chosen":"IRONCLAD","items_purchased":["Whirlwind"],"campfire_rested":0,"item_purchase_floors":[2],"current_hp_per_floor":[50,50,50,52,58,24,17,23,23,0,0],"gold":195,"neow_bonus":"RANDOM_COLORLESS_2","is_daily":false,"chose_seed":false,"campfire_upgraded":0,"win_rate":0.0,"timestamp":1609969675,"path_taken":["M","?","?","M","M","E","M","M","T","E"],"items_purchased_type":["Card"],"build_version":"2020-12-22","purchased_purges":0,"victory":false,"max_hp_per_floor":[75,75,75,75,75,75,75,75,75,75,75],"card_choices":[{"not_picked":["Metamorphosis","Magnetism"],"picked":"Sadistic Nature","floor":0.0},{"not_picked":["Blood for Blood","Body Slam"],"picked":"Heavy Blade","floor":1.0},{"not_picked":["Flex","Clash"],"picked":"Iron Wave","floor":4.0},{"not_picked":["Rampage","Flex"],"picked":"Armaments","floor":5.0},{"not_picked":["Cleave","Evolve"],"picked":"Immolate","floor":6.0},{"not_picked":["Headbutt","Iron Wave"],"picked":"Ghostly Armor","floor":7.0},{"not_picked":["Havoc","Spot Weakness","Warcry"],"picked":"SKIP","floor":8.0}],"player_experience":671830,"relics_obtained":[{"floor":6.0,"key":"Eternal Feather"},{"floor":9.0,"key":"Kunai"}],"event_choices":[{"cards_removed":["Strike_R"],"damage_healed":0.0,"max_hp_gain":0.0,"max_hp_loss":0.0,"gold_gain":0.0,"event_name":"Purifier","player_choice":"Purged","floor":3.0,"gold_loss":0.0,"damage_taken":0.0}],"is_beta":false,"boss_relics":[],"items_purged_floors":[],"is_endless":false,"potions_floor_spawned":[5,7],"killed_by":"Lagavulin","ascension_level":16}}