{"host":"8p20qbbyxti0ato4","time":1609964305,"event":{"mods":["AchievementEnabler","BaseMod","BetterRewards","Colored Map","Colored Powertips","Downfall","Highlight Path","Hubris","Infinite Spire","Minty Spire (QoL Compilation)","Replay The Spire","StSLib"],"gold_per_floor":[119,119,135,135,154,154,189,189,189,209,221,255,255,326,326,421,421,438,438,438,284,284,310,324,350,426,426,452,452,433,450,450,553,553,612,612,612,612,622,622,622],"floor_reached":40,"playtime":11178,"items_purged":["CommonCold"],"score":482,"play_id":"5bcb5d73-613f-4929-b04c-b5292d2f80d3","local_time":"20210106201825","is_ascension_mode":false,"campfire_choices":[{"data":"Replay:SS_hec_2","floor":6,"key":"SMITH"},{"data":"Loop","floor":8,"key":"SMITH"},{"data":"Coolheaded","floor":15,"key":"SMITH"},{"floor":27,"key":"REST"},{"floor":29,"key":"REST"},{"floor":32,"key":"REST"}],"circlet_count":0,"master_deck":["Strike_B","Strike_B","Strike_B","Strike_B","Defend_B","Defend_B","Defend_B","Defend_B","Zap","Dualcast+1","Ball Lightning+1","Replay:SS_hec_2+1","Zap","Cold Snap","Loop+1","Creative AI+1","ReplayRNGCard","FIFO Queue","Lockon+1","Coolheaded+1","Coolheaded","Electrodynamics","Madness","Madness"],"relics":["Cracked Core","NeowsBlessing","Bronze Scales","Ornamental Fan","hubris:SphereOfDissonance","hubris:Backtick","Cables","Ring of Fury","ReplayTheSpireMod:Ring of Challenge","hubris:Icosahedron","TungstenRod","infinitespire:Beetle Shell","Pear","Red Mask","hubris:HollowSoul","hubris:CrystalStatue"],"acts_visited":["Exordium","TheCity","TheBeyond"],"potions_floor_usage":[25,30,40,40,40],"damage_taken":[{"damage":0,"enemies":"Cultist","floor":1,"turns":1},{"damage":0,"enemies":"Jaw Worm","floor":3,"turns":1},{"damage":0,"enemies":"Small Slimes","floor":5,"turns":1},{"damage":0,"enemies":"Lagavulin","floor":7,"turns":5},{"damage":5,"enemies":"Looter","floor":10,"turns":4},{"damage":13,"enemies":"3 Louse","floor":11,"turns":2},{"damage":0,"enemies":"Gremlin Nob","floor":12,"turns":5},{"damage":27,"enemies":"Slime Boss","floor":16,"turns":10},{"damage":3,"enemies":"Chosen","floor":18,"turns":4},{"damage":2,"enemies":"Nightmare","floor":23,"turns":6},{"damage":4,"enemies":"Shell Parasite","floor":24,"turns":5},{"damage":49,"enemies":"Slavers","floor":25,"turns":6},{"damage":3,"enemies":"Chosen and Byrds","floor":28,"turns":8},{"damage":25,"enemies":"Masked Bandits","floor":30,"turns":5},{"damage":0,"enemies":"Snecko","floor":31,"turns":5},{"damage":26,"enemies":"Automaton","floor":33,"turns":11},{"damage":0,"enemies":"3 Shapes","floor":35,"turns":4},{"damage":28,"enemies":"3 Darklings","floor":39,"turns":4},{"damage":36,"enemies":"Nemesis","floor":40,"turns":2}],"seed_played":"-5111480115520123161","potions_obtained":[{"floor":7,"key":"Reflective Coating"},{"floor":11,"key":"Languid Potion"},{"floor":12,"key":"Flashbang"},{"floor":16,"key":"EssenceOfDarkness"},{"floor":25,"key":"BlessingOfTheForge"},{"floor":30,"key":"AttackPotion"}],"is_trial":false,"path_per_floor":["M","?","M","?","M","R","E","R","T","M","M","E","?","?","R","B",null,"M","?","?","$","?","NM","M","E","T","R","M","R","?","M","R","B",null,"M","?","T","?","M","E"],"character_chosen":"DEFECT","items_purchased":["FIFO Queue"],"campfire_rested":3,"item_purchase_floors":[21],"current_hp_per_floor":[75,75,75,75,75,75,75,75,75,70,57,57,57,57,57,30,75,72,72,72,72,72,70,66,17,27,52,49,74,49,49,74,48,85,85,85,85,75,47,0,0],"gold":622,"neow_bonus":"THREE_ENEMY_KILL","is_daily":false,"chose_seed":false,"campfire_upgraded":3,"win_rate":0.0,"timestamp":1609964305,"path_taken":["M","?","?","?","M","R","E","R","T","M","?","E","?","?","R","BOSS","M","?","?","$","?","NM","M","E","T","R","M","R","?","M","R","BOSS","M","?","?","?","M","E"],"items_purchased_type":["Card"],"build_version":"2020-12-22","purchased_purges":1,"victory":false,"max_hp_per_floor":[75,75,75,75,75,75,75,75,75,75,75,75,75,75,75,75,75,75,75,75,75,75,75,75,75,85,85,85,85,85,85,85,85,85,85,85,85,85,85,85,85],"card_choices":[{"not_picked":["Compile Driver","Redo"],"picked":"Ball Lightning","floor":1},{"not_picked":["Turbo","Steam Power"],"picked":"Cold Snap","floor":3},{"not_picked":["ReplayTheSpireMod:Repulse","Go for the Eyes","Panic Button"],"picked":"SKIP","floor":5},{"not_picked":["ReplayTheSpireMod:System Scan","ReplaySolidLightProjector"],"picked":"Loop","floor":7},{"not_picked":["White Noise","ReplayTheSpireMod:Repulse"],"picked":"Coolheaded","floor":10},{"not_picked":["ReplayTheSpireMod:Reroute Power","Steam","ReplayTheSpireMod:GoodbyeWorld"],"picked":"SKIP","floor":11},{"not_picked":["ReplayTheSpireMod:Calculation Training","Skim"],"picked":"Creative AI","floor":12},{"not_picked":["ReplayTheSpireMod:Omega Cannon","Seek"],"picked":"ReplayRNGCard","floor":16},{"not_picked":["White Noise","Stack","Panic Button"],"picked":"SKIP","floor":18},{"not_picked":["Turbo","Redo","Go for the Eyes"],"picked":"SKIP","floor":23},{"not_picked":["Redo","Go for the Eyes+1","Rebound+1"],"picked":"SKIP","floor":24},{"not_picked":["Genetic Algorithm","ReplayGash"],"picked":"Lockon+1","floor":25},{"not_picked":["Stack","Leap+1"],"picked":"Coolheaded+1","floor":28},{"not_picked":["Time Bomb","Hello World"],"picked":"Coolheaded","floor":30},{"not_picked":["Compile Driver+1","ReplayTheSpireMod:System Scan","Static Discharge"],"picked":"SKIP","floor":31},{"not_picked":["Mirror Shield","ReplayTheSpireMod:Omega Cannon"],"picked":"Electrodynamics","floor":33},{"not_picked":["ReplaySolidLightProjector","Time Bomb","Gash+1"],"picked":"SKIP","floor":35},{"not_picked":["Reinforced Body","Compile Driver","ReplayTheSpireMod:Reroute Power+1"],"picked":"SKIP","floor":39}],"player_experience":180178,"relics_obtained":[{"floor":7,"key":"Bronze Scales"},{"floor":9,"key":"Ornamental Fan"},{"floor":12,"key":"hubris:SphereOfDissonance"},{"floor":19,"key":"Ring of Fury"},{"floor":19,"key":"ReplayTheSpireMod:Ring of Challenge"},{"floor":23,"key":"TungstenRod"},{"floor":25,"key":"infinitespire:Beetle Shell"},{"floor":26,"key":"Pear"},{"floor":30,"key":"Red Mask"},{"floor":37,"key":"hubris:CrystalStatue"}],"event_choices":[{"damage_healed":0,"gold_gain":0,"player_choice":"2 cards matched","damage_taken":0,"max_hp_gain":0,"max_hp_loss":0,"event_name":"Match and Keep!","floor":2,"gold_loss":0,"cards_obtained":["Replay:SS_hec_2","Zap"]},{"damage_healed":0,"gold_gain":0,"player_choice":"Forge","damage_taken":0,"max_hp_gain":0,"max_hp_loss":0,"event_name":"Accursed Blacksmith","floor":4,"gold_loss":0,"cards_upgraded":["Ball Lightning"]},{"damage_healed":0,"gold_gain":71,"player_choice":"Gained Gold","damage_taken":0,"max_hp_gain":0,"max_hp_loss":0,"event_name":"Golden Wing","floor":14,"gold_loss":0},{"damage_healed":0,"gold_gain":0,"player_choice":"Fought Bandits","damage_taken":0,"max_hp_gain":0,"max_hp_loss":0,"event_name":"Masked Bandits","floor":30,"gold_loss":0},{"cards_removed":["Coolheaded"],"damage_healed":0,"gold_gain":0,"player_choice":"Removed Skill","damage_taken":0,"max_hp_gain":0,"max_hp_loss":0,"event_name":"Falling","floor":36,"gold_loss":0},{"damage_healed":0,"gold_gain":0,"player_choice":"Embrace Madness","damage_taken":11,"max_hp_gain":0,"max_hp_loss":0,"event_name":"Winding Halls","floor":38,"gold_loss":0,"cards_obtained":["Madness","Madness"]}],"is_beta":false,"boss_relics":[{"not_picked":["Replay:Bronze Core","hubris:GrandSneckoEye"],"picked":"hubris:Backtick"},{"not_picked":["hubris:TerracottaHorce","Runic Pyramid"],"picked":"hubris:HollowSoul"}],"items_purged_floors":[21],"is_endless":true,"potions_floor_spawned":[7,11,12,16,25,30,35],"killed_by":"Nemesis","ascension_level":0}}