{"host":"kpklgwyuz86bov3e","time":1609906468,"event":{"mods":["100% Spire Juice","Aspiration","BaseMod","Better Third Choice","BetterRewards","Colored Powertips","Conspire","Energized Spire","GifTheSpireLib","Halation","Highlight Path","Hubris","Infinite Spire","Jedi Mod","Melee Mod","Minty Spire (QoL Compilation)","Permanent Neow","Rare Cards Sparkle","Relic Sorter","Replay The Spire","Shop Mod","Spicy Shops","Spikes Relics","StSLib","Stuff the Spire","The Blue Laboratory","Waifu the Spire","slay the spire mod where everything is the same but ironclad has a cowboy hat","vexMod"],"gold_per_floor":[125,125,143,143,9,37,57,89,136,136,83,83,93,111,111,310,310,321,321,321,420,410,410,410,421,421,346,357,375,410,157,157,258,258,271,271,286,80,99,133,133,145,168,183,183,183],"floor_reached":45,"playtime":6332,"items_purged":["Writhe","Regret","Moonworks:CloudOfSeagulls"],"score":725,"play_id":"8bc0affc-992c-41e5-86c5-1ba3b12cb32f","local_time":"20210105231428","is_ascension_mode":false,"campfire_choices":[{"data":"Moonworks:SakisCookie","floor":10.0,"key":"SMITH"},{"data":"StuffTheSpire:Ambrosia","floor":12.0,"key":"SMITH"},{"data":"Moonworks:Dash","floor":15.0,"key":"SMITH"},{"data":"Moonworks:AwakeningOfTalent","floor":23.0,"key":"SMITH"},{"data":"Moonworks:Gamble","floor":41.0,"key":"SMITH"}],"circlet_count":0,"master_deck":["Moonworks:Strike+1","Moonworks:Strike+1","Moonworks:Strike+1","Moonworks:Strike+1","Moonworks:Defend+1","Moonworks:Defend+1","Moonworks:Defend+1","Moonworks:Defend+1","Moonworks:Ambush","Moonworks:LongDistanceShot","Moonworks:SakisCookie+1","StuffTheSpire:Ambrosia+1","Moonworks:AwakeningOfTalent+1","Moonworks:WindyEnchantment","Moonworks:Dash+1","Moonworks:WindyEnchantment","Moonworks:ReflectiveShell","Moonworks:NicePresent","Moonworks:AngelHand+1","Moonworks:BigBangBell+1","Moonworks:CrystalBarrier","Moonworks:ImOnFire","Ghostly","Ghostly","Ghostly","Ghostly","Ghostly","Moonworks:AnotherUltimateWeapon","Moonworks:LulusLuckyEgg+1","Moonworks:NicePresent","Moonworks:ExtendedPhotonRifle","Moonworks:ExtendedPhotonRifle","Moonworks:Gamble+1","Moonworks:LulusLuckyEgg+1","Moonworks:IntelligenceOfficer"],"relics":["Moonworks:BrokenBomb","hubris:Icosahedron","Moonworks:Homemark","vexMod:Spyglass","Replay:Baseball","aspiration:Lifesprig","Centennial Puzzle","ReplayTheSpireMod:TigerMarble","SlaversCollar","MerchantsRug","Anchor","energizedSpire:OgreHead","ReplayTheSpireMod:Ring of Exchange","Ring of Panic","Blue Candle","Simple Rune"],"acts_visited":["Exordium","TheCity","TheBeyond"],"potions_floor_usage":[45],"damage_taken":[{"damage":0.0,"enemies":"Cultist","floor":1.0,"turns":2.0},{"damage":4.0,"enemies":"Jaw Worm","floor":3.0,"turns":2.0},{"damage":18.0,"enemies":"3 Sentries","floor":6.0,"turns":7.0},{"damage":3.0,"enemies":"Small Slimes","floor":7.0,"turns":2.0},{"damage":14.0,"enemies":"Gremlin Nob","floor":8.0,"turns":3.0},{"damage":0.0,"enemies":"Exordium Wildlife","floor":13.0,"turns":1.0},{"damage":0.0,"enemies":"Gremlin Gang","floor":14.0,"turns":2.0},{"damage":1.0,"enemies":"Fading Forest","floor":16.0,"turns":11.0},{"damage":10.0,"enemies":"3 Byrds","floor":18.0,"turns":6.0},{"damage":0.0,"enemies":"Chosen","floor":22.0,"turns":4.0},{"damage":4.0,"enemies":"Centurion and Healer","floor":25.0,"turns":5.0},{"damage":1.0,"enemies":"Snecko","floor":28.0,"turns":5.0},{"damage":0.0,"enemies":"Shelled Parasite and Fungi","floor":29.0,"turns":4.0},{"damage":0.0,"enemies":"conspire:SneckoGhost","floor":30.0,"turns":4.0},{"damage":0.0,"enemies":"Automaton","floor":33.0,"turns":7.0},{"damage":0.0,"enemies":"3 Darklings","floor":35.0,"turns":5.0},{"damage":0.0,"enemies":"3 Shapes","floor":37.0,"turns":5.0},{"damage":0.0,"enemies":"Transient","floor":39.0,"turns":5.0},{"damage":0.0,"enemies":"Nemesis","floor":40.0,"turns":5.0},{"damage":0.0,"enemies":"Maw","floor":42.0,"turns":2.0},{"damage":0,"enemies":"Sphere and 2 Shapes","floor":44,"turns":5},{"damage":1910,"enemies":"Reptomancer","floor":45,"turns":3}],"seed_played":"-5305307996069262005","potions_obtained":[{"floor":1.0,"key":"blueLaboratory:HorrorPotion"},{"floor":3.0,"key":"Swift Potion"},{"floor":13.0,"key":"jedi:StrikingPotion"},{"floor":14.0,"key":"BlessingOfTheForge"},{"floor":16.0,"key":"blueLaboratory:LouseDecoction"},{"floor":18.0,"key":"Fruit Juice"},{"floor":22.0,"key":"Dexterity Potion"},{"floor":28.0,"key":"Weak Potion"},{"floor":29.0,"key":"jedi:StrikingPotion"},{"floor":33.0,"key":"Fruit Juice"},{"floor":42.0,"key":"BlessingOfTheForge"},{"floor":44,"key":"blueLaboratory:FruitPunch"}],"is_trial":false,"path_per_floor":["M","?","M","?","$","E","M","E","T","R","$","R","M","M","R","B",null,"M","?","?","?","M","R","?","M","T","?","M","M","E","$","R","B",null,"M","?","M","$","M","E","R","M","T","M","E"],"character_chosen":"THE_STARBREAKER","items_purchased":["Replay:Bandana","Moonworks:FinalSurgery","vexMod:Spyglass","Moonworks:SakisCookie","Replay:Baseball","Moonworks:WindyEnchantment","Moonworks:ImOnFire","MerchantsRug","Anchor","Moonworks:ExtendedPhotonRifle"],"campfire_rested":0,"item_purchase_floors":[0,0,0,0,5,11,31,31,31,38],"current_hp_per_floor":[41,41,46,46,46,37,43,38,38,38,38,38,40,54,54,70,70,72,72,72,72,79,79,79,81,81,81,83,85,87,87,43,45,45,47,47,49,49,51,18,18,20,20,34,0,0],"gold":183,"neow_bonus":"","is_daily":false,"chose_seed":false,"campfire_upgraded":5,"win_rate":0.0,"timestamp":1609906468,"path_taken":["M","?","M","?","?","E","M","E","T","R","?","R","M","M","R","BOSS","M","?","?","?","M","R","?","M","T","?","M","?","E","$","R","BOSS","M","?","M","?","M","E","R","M","T","M","E"],"items_purchased_type":["Relic","Card","Relic","Card","Relic","Card","Card","Relic","Relic","Card"],"build_version":"2020-12-22","purchased_purges":3,"victory":false,"max_hp_per_floor":[60,60,61,61,61,62,63,64,64,64,64,64,66,68,68,70,70,72,72,72,72,79,79,79,81,81,81,83,85,87,87,43,45,45,47,47,49,49,51,58,58,60,60,62,66,66],"card_choices":[{"not_picked":["Moonworks:BigBangBell","Moonworks:DeployBits","Moonworks:Dinner"],"picked":"SKIP","floor":1.0},{"not_picked":["StuffTheSpire:Vigor","StuffTheSpire:Innocence"],"picked":"StuffTheSpire:Ambrosia","floor":2.0},{"not_picked":["Moonworks:JonathanRush","Moonworks:IndiscriminateFireSupport"],"picked":"Moonworks:AwakeningOfTalent","floor":3.0},{"not_picked":["Moonworks:EvilSpyWorkPreparation","Moonworks:ImOnFire","Moonworks:SealedMemories"],"picked":"SKIP","floor":6.0},{"not_picked":["Moonworks:EvilSpyWorkPreparation","Moonworks:ImOnFire","Moonworks:SealedMemories"],"picked":"SKIP","floor":6.0},{"not_picked":["Moonworks:ImOnFire","Moonworks:EvilSpyWorkPreparation"],"picked":"Moonworks:WindyEnchantment","floor":7.0},{"not_picked":["Moonworks:Dinner","Moonworks:UnpaidWork"],"picked":"Moonworks:Dash","floor":8.0},{"not_picked":["Moonworks:ImOnFire","Moonworks:DeployBits","Moonworks:CookingTime"],"picked":"SKIP","floor":13.0},{"not_picked":["Moonworks:Assault","Moonworks:RedAndBlue","Moonworks:DevilHand"],"picked":"SKIP","floor":14.0},{"not_picked":["Moonworks:PlushieMaster","Moonworks:RocketCannon"],"picked":"Moonworks:ReflectiveShell","floor":16.0},{"not_picked":["Moonworks:RagingMadness","Moonworks:EvilSpyWorkPreparation"],"picked":"Moonworks:NicePresent","floor":18.0},{"not_picked":["Moonworks:MixPhenomenon","Moonworks:SakisCookie"],"picked":"Moonworks:CloudOfSeagulls","floor":22.0},{"not_picked":["Moonworks:CastOff","Moonworks:LulusLuckyEgg"],"picked":"Moonworks:AngelHand+1","floor":25.0},{"not_picked":["Moonworks:SakisCookie","Moonworks:MixPhenomenon"],"picked":"Moonworks:BigBangBell+1","floor":28.0},{"not_picked":["Moonworks:Assault","Moonworks:Heat300Percent","Moonworks:IntelligenceOfficer"],"picked":"SKIP","floor":29.0},{"not_picked":["Moonworks:MetallicMonocoque","Moonworks:GoAway"],"picked":"Moonworks:CrystalBarrier","floor":30.0},{"not_picked":["Moonworks:SakisCookie","Moonworks:LuckyCharm","Moonworks:CloudOfSeagulls"],"picked":"SKIP","floor":30.0},{"not_picked":["Moonworks:SinkOrSwim","Moonworks:AccelHyper"],"picked":"Moonworks:AnotherUltimateWeapon","floor":33.0},{"not_picked":["Moonworks:ForcedRevival","Moonworks:MiracleRedBeanIceCream"],"picked":"Moonworks:LulusLuckyEgg+1","floor":35.0},{"not_picked":["Moonworks:BigBangBell","Moonworks:JonathanRush+1"],"picked":"Moonworks:NicePresent","floor":37.0},{"not_picked":["Moonworks:DeployBits+1","Moonworks:LulusLuckyEgg+1"],"picked":"Moonworks:Gamble","floor":39.0},{"not_picked":["Moonworks:BeyondHell+1","Moonworks:MiracleRedBeanIceCream","Moonworks:FullSpeedAlicianrone"],"picked":"SKIP","floor":40.0},{"not_picked":["Moonworks:DeployBits+1","Moonworks:CloudOfSeagulls"],"picked":"Moonworks:LulusLuckyEgg+1","floor":42.0},{"not_picked":["Moonworks:LulusLuckyEgg","Moonworks:SakisCookie+1"],"picked":"Moonworks:IntelligenceOfficer","floor":44}],"player_experience":369972,"relics_obtained":[{"floor":6.0,"key":"aspiration:Lifesprig"},{"floor":8.0,"key":"Centennial Puzzle"},{"floor":9.0,"key":"ReplayTheSpireMod:TigerMarble"},{"floor":26.0,"key":"Pet Ghost"},{"floor":30.0,"key":"conspire:GiftBox"},{"floor":36.0,"key":"ReplayTheSpireMod:Ring of Exchange"},{"floor":36.0,"key":"Ring of Panic"},{"floor":40.0,"key":"Blue Candle"},{"floor":43.0,"key":"Simple Rune"}],"event_choices":[{"damage_healed":0.0,"max_hp_gain":0.0,"max_hp_loss":0.0,"gold_gain":0.0,"event_name":"Vampires","player_choice":"Ignored","floor":19.0,"gold_loss":0.0,"damage_taken":0.0},{"damage_healed":0.0,"max_hp_gain":0.0,"max_hp_loss":0.0,"gold_gain":99.0,"event_name":"betterThird:BetterNest","player_choice":"Steal","floor":21.0,"gold_loss":0.0,"damage_taken":0.0},{"damage_healed":0.0,"max_hp_gain":0.0,"max_hp_loss":8.0,"gold_gain":0.0,"event_name":"betterThird:BetterWriting","player_choice":"Simplicity","floor":24.0,"gold_loss":0.0,"damage_taken":0.0},{"cards_removed":["Moonworks:FinalSurgery"],"damage_healed":0.0,"max_hp_gain":0.0,"max_hp_loss":0.0,"gold_gain":0.0,"event_name":"Beggar","player_choice":"Gave Gold","floor":27.0,"gold_loss":75.0,"damage_taken":0.0},{"damage_healed":0.0,"max_hp_gain":0.0,"max_hp_loss":44.0,"gold_gain":0.0,"event_name":"Ghosts","player_choice":"Became a Ghost","floor":32.0,"gold_loss":0.0,"damage_taken":0.0,"cards_obtained":["Ghostly","Ghostly","Ghostly","Ghostly","Ghostly"]}],"is_beta":false,"boss_relics":[{"not_picked":["SacredBark","halation:SmartPhone"],"picked":"SlaversCollar"},{"not_picked":["Fusion Hammer","Snecko Eye"],"picked":"energizedSpire:OgreHead"}],"items_purged_floors":[5,31,38],"is_endless":false,"potions_floor_spawned":[1,3,13,14,16,18,22,28,29,33,42,44],"killed_by":"Reptomancer","ascension_level":0}}