{"host":"1727esdpy9dv678r","time":1609917508,"event":{"mods":["BaseMod","Downfall","Googly Eyes","Minty Spire (QoL Compilation)","StSLib","The Bug Knight","The Servant 0.9.4"],"gold_per_floor":[99,99,99,99,199,199,280,280,280,280,114,140,140,159,174,278,278,128,143,143,155,155,105,105,105,105,90,110,110,95,95,95,95],"floor_reached":31,"playtime":1722,"items_purged":[],"score":225,"play_id":"190b60b1-fac1-4806-a280-e5f791627278","local_time":"20210105231828","is_ascension_mode":false,"campfire_choices":[{"floor":1,"key":"RECALL"},{"data":"champ:Execute","floor":6,"key":"SMITH"},{"data":"champ:VampiricStrike","floor":10,"key":"SMITH"},{"data":"champ:RecklessLeap","floor":18,"key":"SMITH"},{"data":"champ:BerserkersShout","floor":26,"key":"SMITH"},{"floor":29,"key":"REST"}],"circlet_count":0,"master_deck":["champ:Strike","champ:Strike","champ:Strike","champ:Strike","champ:Defend","champ:Defend","champ:Defend","champ:Defend","champ:Execute+1","champ:Taunt","champ:StanceDance","champ:BerserkersShout+1","champ:VampiricStrike+1","champ:FaceSlap","champ:AdrenalArmor","champ:RecklessLeap+1","champ:LastStand","champ:FocusedBerserking","champ:IgnorePain","champ:PerfectForm+1"],"relics":["champ:ChampionCrown","downfall:HeartsMalice","Bag of Marbles","Centennial Puzzle","downfall:HeartBlessingBlue","downfall:HeartBlessingRed","champ:FightingForDummies","MutagenicStrength","Frozen Egg 2"],"acts_visited":["Exordium","TheCity"],"potions_floor_usage":[16],"damage_taken":[{"damage":0,"enemies":"Cultist","floor":2,"turns":1},{"damage":0,"enemies":"Jaw Worm","floor":4,"turns":1},{"damage":0,"enemies":"Small Slimes","floor":8,"turns":1},{"damage":19,"enemies":"downfall:FleeingMerchant","floor":11,"turns":4},{"damage":67,"enemies":"Lagavulin","floor":12,"turns":5},{"damage":23,"enemies":"Blue Slaver","floor":14,"turns":4},{"damage":53,"enemies":"Large Slime","floor":15,"turns":6},{"damage":97,"enemies":"downfall:Silent","floor":16,"turns":6},{"damage":22,"enemies":"Chosen","floor":19,"turns":4},{"damage":79,"enemies":"Spheric Guardian","floor":21,"turns":5},{"damage":54,"enemies":"downfall:FleeingMerchant","floor":27,"turns":4},{"damage":101,"enemies":"3 Cultists","floor":28,"turns":7},{"damage":10,"enemies":"downfall:FleeingMerchant","floor":30,"turns":4},{"damage":111,"enemies":"Shelled Parasite and Fungi","floor":31,"turns":7}],"seed_played":"-4561570774183322065","potions_obtained":[{"floor":12,"key":"Dexterity Potion"},{"floor":14,"key":"PowerPotion"},{"floor":21,"key":"SpeedPotion"}],"is_trial":false,"path_per_floor":["R","M","?","M","?","R","T","M","?","R","$","E","?","M","M","B",null,"R","M","?","M","?","?","T","?","R","$","M","R","$","M"],"character_chosen":"THE_CHAMP","items_purchased":["champ:AdrenalArmor","champ:RecklessLeap","champ:StanceDance"],"campfire_rested":1,"item_purchase_floors":[11,11,11],"current_hp_per_floor":[90,90,83,83,83,83,83,83,83,83,85,59,54,53,67,22,90,100,90,90,66,66,100,100,100,100,100,49,79,74,0,0,0],"gold":95,"neow_bonus":"THREE_ENEMY_KILL","is_daily":false,"chose_seed":false,"campfire_upgraded":4,"win_rate":0.0,"timestamp":1609917508,"path_taken":["R","M","?","M","?","R","T","M","?","R","?","E","?","M","M","BOSS","R","M","?","M","?","?","T","?","R","$","?","R","$","M"],"items_purchased_type":["Card","Card","Card"],"build_version":"2020-12-22","purchased_purges":0,"victory":false,"max_hp_per_floor":[90,90,90,90,90,90,90,90,90,90,90,90,90,90,90,90,90,100,100,100,100,100,100,100,100,100,100,100,100,100,100,100,100],"card_choices":[{"not_picked":["champ:DefensiveShout","champ:CrookedStrike"],"picked":"champ:StanceDance","floor":2},{"not_picked":["champ:Backstep","champ:EnragedBash"],"picked":"champ:BerserkersShout","floor":4},{"not_picked":["champ:DefensiveShout","champ:BladeFlurry"],"picked":"champ:VampiricStrike","floor":8},{"not_picked":["champ:GladiatorsShout","champ:BladeFlurry"],"picked":"champ:FaceSlap","floor":11},{"not_picked":["champ:RisingSlash","champ:FlashCut"],"picked":"champ:LastStand","floor":12},{"not_picked":["champ:TornadoPunch","champ:FlashCut"],"picked":"champ:FocusedBerserking","floor":14},{"not_picked":["champ:Circumvent","champ:DeathBlow","champ:DefensiveShout"],"picked":"SKIP","floor":15},{"not_picked":["champ:SwordThrow","champ:LastStand"],"picked":"champ:IgnorePain","floor":16},{"not_picked":["champ:BringItOn+1","champ:Haymaker","champ:StanceDance+1"],"picked":"SKIP","floor":19},{"not_picked":["champ:DeathBlow","champ:GutPunch+1","champ:TornadoPunch"],"picked":"SKIP","floor":21},{"not_picked":["champ:PreciseThrust","champ:Haymaker+1"],"picked":"champ:PerfectForm+1","floor":27},{"not_picked":["champ:GladiatorsShout","champ:BladeFlurry","champ:FocusedDefense"],"picked":"SKIP","floor":28},{"not_picked":["champ:IgnorePain","champ:TornadoPunch","champ:PerfectedStrike"],"picked":"SKIP","floor":30}],"player_experience":52247,"relics_obtained":[{"floor":12,"key":"Centennial Puzzle"},{"floor":24,"key":"Frozen Egg 2"}],"event_choices":[{"damage_healed":0,"gold_gain":0,"player_choice":"Success","damage_taken":7,"relics_obtained":["Bag of Marbles"],"max_hp_gain":0,"max_hp_loss":0,"event_name":"Scrap Ooze","floor":3,"gold_loss":0},{"damage_healed":0,"gold_gain":0,"player_choice":"Inject Mutagens","damage_taken":0,"relics_obtained":["MutagenicStrength"],"max_hp_gain":0,"max_hp_loss":0,"event_name":"Drug Dealer","floor":22,"gold_loss":0},{"cards_removed":["champ:StanceDance"],"damage_healed":0,"gold_gain":0,"player_choice":"Purged","damage_taken":0,"max_hp_gain":0,"max_hp_loss":0,"event_name":"Purifier","floor":25,"gold_loss":0}],"is_beta":false,"boss_relics":[{"not_picked":["Sozu","Philosopher\u0027s Stone","Runic Pyramid"]}],"items_purged_floors":[],"is_endless":false,"potions_floor_spawned":[12,14,21],"killed_by":"Shelled Parasite and Fungi","ascension_level":0}}