{"host":"2lwi2ixq0ydygjd0","time":1609903723,"event":{"mods":["Arknights The Spire","BaseMod","Colored Powertips","Friendly Minions","Minty Spire (QoL Compilation)","StSLib"],"gold_per_floor":[119,119,136,160,175,209,222,237,319,332,351,364,377,387,387,485,485,485,485,485,140,140,140,140,140,140,140,140,93,93,93,93,93,93,93,93,93,93,53,53,53,53,53],"floor_reached":42,"playtime":2936,"items_purged":[],"score":519,"play_id":"e8c0c75e-8471-49f8-a0ca-a79feaafefe5","local_time":"20210105222843","is_ascension_mode":false,"campfire_choices":[{"data":"ats:Blood Oath","floor":15.0,"key":"SMITH"},{"data":"ats:Neurotoxin","floor":23.0,"key":"SMITH"},{"data":"ats:Neurotoxin","floor":28.0,"key":"SMITH"},{"data":"ats:Armor Crushing Shot","floor":30.0,"key":"SMITH"},{"data":"ats:Wolf Pack","floor":32.0,"key":"SMITH"},{"floor":40,"key":"REST"}],"circlet_count":0,"master_deck":["ats:Strike C","ats:Strike G","ats:Strike S","ats:Strike V","ats:Armor Crushing Shot+1","ats:Defend","ats:Defend","ats:Defend","ats:Emotion Absorption","ats:Collapsing Strike","ats:Consecutive Shot Auto","ats:Poison Spread","ats:Blood Oath+1","ats:Hammer On","ats:Apocalypse","ats:Very Hot Blade","ats:Ignite","ats:Explosion Area Strengthen","ats:Shell Defense","ats:Rapid Magazine","ats:Rat Pack","ats:Neurotoxin+1","ats:Rapid Magazine+1","ats:Neurotoxin+1","ats:Cat Scratch","ats:Wolf Pack+1","ats:Powerful Strike","Ghostly","Ghostly","Ghostly","Ghostly","Ghostly","ats:Chain Hook","ats:Curse Doll","ats:Magnetic Hammer","ats:Volcano","ats:Ignite+1","ats:Shadow Raid"],"relics":["ats:Sanity Plus","NeowsBlessing","Orichalcum","ats:Originium","Sundial","ats:Industrial Water Cannon","Ectoplasm","Happy Flower","ats:Military Tradition","Darkstone Periapt","ats:Berate","Bottled Flame"],"acts_visited":["Exordium","TheCity","TheBeyond"],"potions_floor_usage":[33,38,41,42,42],"damage_taken":[{"damage":0.0,"enemies":"Small Slimes","floor":1.0,"turns":1.0},{"damage":0.0,"enemies":"Jaw Worm","floor":3.0,"turns":1.0},{"damage":0.0,"enemies":"Cultist","floor":5.0,"turns":1.0},{"damage":15.0,"enemies":"Gremlin Nob","floor":6.0,"turns":4.0},{"damage":0.0,"enemies":"Exordium Wildlife","floor":7.0,"turns":2.0},{"damage":15.0,"enemies":"Exordium Thugs","floor":8.0,"turns":4.0},{"damage":2.0,"enemies":"Large Slime","floor":10.0,"turns":4.0},{"damage":0.0,"enemies":"3 Louse","floor":11.0,"turns":3.0},{"damage":5.0,"enemies":"Exordium Wildlife","floor":12.0,"turns":3.0},{"damage":4.0,"enemies":"Lots of Slimes","floor":13.0,"turns":2.0},{"damage":4.0,"enemies":"Looter","floor":14.0,"turns":3.0},{"damage":10.0,"enemies":"Slime Boss","floor":16.0,"turns":8.0},{"damage":10.0,"enemies":"Spheric Guardian","floor":18.0,"turns":6.0},{"damage":13.0,"enemies":"3 Byrds","floor":20.0,"turns":5.0},{"damage":11.0,"enemies":"Gremlin Leader","floor":24.0,"turns":8.0},{"damage":0.0,"enemies":"Slavers","floor":27.0,"turns":6.0},{"damage":4.0,"enemies":"Cultist and Chosen","floor":31.0,"turns":7.0},{"damage":14,"enemies":"Automaton","floor":33,"turns":9},{"damage":23,"enemies":"3 Shapes","floor":35,"turns":3},{"damage":11,"enemies":"3 Darklings","floor":36,"turns":7},{"damage":11,"enemies":"4 Shapes","floor":38,"turns":5},{"damage":20,"enemies":"Maw","floor":41,"turns":9},{"damage":32,"enemies":"Reptomancer","floor":42,"turns":2}],"seed_played":"-768366243535010135","potions_obtained":[{"floor":5.0,"key":"ColorlessPotion"},{"floor":7.0,"key":"GamblersBrew"},{"floor":10.0,"key":"Fire Potion"},{"floor":11.0,"key":"PowerPotion"},{"floor":13.0,"key":"SteroidPotion"},{"floor":16.0,"key":"Block Potion"},{"floor":18.0,"key":"ColorlessPotion"},{"floor":20.0,"key":"Fire Potion"},{"floor":35,"key":"Strength Potion"},{"floor":39,"key":"Regen Potion"},{"floor":39,"key":"ats:Top Emergency Sanity Potion"},{"floor":39,"key":"Strength Potion"},{"floor":41,"key":"Swift Potion"}],"is_trial":false,"path_per_floor":["M","?","M","T","M","E","M","M","T","M","M","M","M","M","R","B",null,"M","?","M","$","?","R","E","?","T","E","R","$","R","M","R","B",null,"M","M","?","M","?","R","M","E"],"character_chosen":"DOCTOR_CLASS","items_purchased":["ats:Military Tradition","ats:Neurotoxin","ats:Cat Scratch","ats:Curse Doll"],"campfire_rested":1,"item_purchase_floors":[21,21,21,29],"current_hp_per_floor":[72,72,72,72,72,57,57,48,48,56,63,65,61,61,61,72,72,71,71,63,63,63,63,70,36,36,36,36,36,36,36,36,31,36,13,16,16,10,10,20,32,0,0],"gold":53,"neow_bonus":"THREE_ENEMY_KILL","is_daily":false,"chose_seed":false,"campfire_upgraded":5,"win_rate":0.0,"timestamp":1609903723,"path_taken":["M","?","M","?","M","E","M","M","T","M","?","M","M","M","R","BOSS","M","?","M","$","?","R","E","?","T","E","R","$","R","M","R","BOSS","M","M","?","M","?","R","M","E"],"items_purchased_type":["Relic","Card","Card","Card"],"build_version":"2020-12-22","purchased_purges":0,"victory":false,"max_hp_per_floor":[72,72,72,72,72,72,72,72,72,72,72,72,72,72,72,72,72,72,72,72,72,72,72,72,36,36,36,36,36,36,36,36,36,36,36,36,36,36,36,36,36,36,36],"card_choices":[{"not_picked":["ats:Flexible Camouflage","ats:Directed Diagnosis"],"picked":"ats:Collapsing Strike","floor":1.0},{"not_picked":["ats:Curse Doll","ats:Counter Healing Mode"],"picked":"ats:Consecutive Shot Auto","floor":3.0},{"not_picked":["ats:Leaping Hammer","ats:Thermite Blade"],"picked":"ats:Poison Spread","floor":5.0},{"not_picked":["ats:Cat Scratch","ats:Red Shift"],"picked":"ats:Blood Oath","floor":6.0},{"not_picked":["ats:Powerful Strike","ats:Durian"],"picked":"ats:Hammer On","floor":7.0},{"not_picked":["ats:Leaping Hammer","ats:Sword Rain"],"picked":"ats:Apocalypse","floor":8.0},{"not_picked":["ats:Flexible Camouflage","ats:Hook Shot"],"picked":"ats:Very Hot Blade","floor":10.0},{"not_picked":["ats:Burning Ground","ats:Consecutive Shot Auto"],"picked":"ats:Ignite","floor":11.0},{"not_picked":["ats:Curse Doll","ats:Soul Absorption"],"picked":"ats:Explosion Area Strengthen","floor":12.0},{"not_picked":["ats:Red Shift","ats:Flexible Camouflage"],"picked":"ats:Shell Defense","floor":13.0},{"not_picked":["ats:Revitalization","ats:Part Time Job"],"picked":"ats:Rapid Magazine","floor":14.0},{"not_picked":["ats:Fractured Body","ats:Roar Of Ursus"],"picked":"ats:Rat Pack","floor":16.0},{"not_picked":["ats:Powerful Strike","ats:Flexible Camouflage+1"],"picked":"ats:Neurotoxin","floor":18.0},{"not_picked":["ats:Ignite","ats:Revitalization"],"picked":"ats:Rapid Magazine+1","floor":20.0},{"not_picked":["ats:Leaping Hammer+1","ats:Poison Spread"],"picked":"ats:Powerful Strike","floor":24.0},{"not_picked":["ats:Very Hot Blade+1","ats:Curse Doll"],"picked":"ats:Chain Hook","floor":27.0},{"not_picked":["ats:Poison Spread","ats:Apocalypse"],"picked":"ats:Magnetic Hammer","floor":31.0},{"not_picked":["ats:True Silver Slash","ats:Roar Of Ursus"],"picked":"ats:Volcano","floor":33},{"not_picked":["ats:Revitalization","ats:Sunburst"],"picked":"ats:Ignite+1","floor":35},{"not_picked":["ats:Beaten Up","ats:Shell Defense+1","ats:Blood Oath"],"picked":"SKIP","floor":36},{"not_picked":["ats:Hammer On+1","ats:Sunburst+1"],"picked":"ats:Shadow Raid","floor":38},{"not_picked":["ats:Curse Doll","ats:Leaping Hammer","ats:Magnetic Hammer+1"],"picked":"SKIP","floor":41}],"player_experience":13438,"relics_obtained":[{"floor":4.0,"key":"Orichalcum"},{"floor":6.0,"key":"ats:Originium"},{"floor":6.0,"key":"Sundial"},{"floor":9.0,"key":"ats:Industrial Water Cannon"},{"floor":24.0,"key":"ats:Originium"},{"floor":24.0,"key":"Darkstone Periapt"},{"floor":26.0,"key":"ats:Berate"},{"floor":27.0,"key":"ats:Originium"},{"floor":27.0,"key":"Bottled Flame"}],"event_choices":[{"damage_healed":0.0,"max_hp_gain":0.0,"max_hp_loss":0.0,"gold_gain":0.0,"event_name":"The Cleric","player_choice":"Leave","floor":2.0,"gold_loss":0.0,"damage_taken":0.0},{"damage_healed":0.0,"max_hp_gain":0.0,"max_hp_loss":0.0,"gold_gain":0.0,"event_name":"The Mausoleum","player_choice":"Opened","floor":19.0,"gold_loss":0.0,"damage_taken":0.0,"relics_obtained":["Happy Flower"]},{"damage_healed":0.0,"max_hp_gain":0.0,"max_hp_loss":0.0,"gold_gain":0.0,"event_name":"The Library","player_choice":"Read","floor":22.0,"gold_loss":0.0,"damage_taken":0.0,"cards_obtained":["ats:Wolf Pack"]},{"damage_healed":0.0,"max_hp_gain":0.0,"max_hp_loss":36.0,"gold_gain":0.0,"event_name":"Ghosts","player_choice":"Became a Ghost","floor":25.0,"gold_loss":0.0,"damage_taken":0.0,"cards_obtained":["Ghostly","Ghostly","Ghostly","Ghostly","Ghostly"]},{"cards_removed":["ats:Defend"],"damage_healed":0,"gold_gain":0,"player_choice":"Removed Skill","damage_taken":0,"max_hp_gain":0,"max_hp_loss":0,"event_name":"Falling","floor":37,"gold_loss":0},{"damage_healed":0,"gold_gain":0,"player_choice":"Bought 3 Potions","damage_taken":0,"max_hp_gain":0,"max_hp_loss":0,"event_name":"The Woman in Blue","floor":39,"gold_loss":0}],"is_beta":false,"boss_relics":[{"not_picked":["Empty Cage","Runic Dome"],"picked":"Ectoplasm"},{"not_picked":["Cursed Key","Snecko Eye"],"picked":"ats:Sanity Plus"}],"items_purged_floors":[],"is_endless":false,"potions_floor_spawned":[5,7,10,11,13,16,18,20,35,41],"killed_by":"Reptomancer","ascension_level":0}}