{"host":"hve1dyh1ly81yl9f","time":1609949626,"event":{"mods":["BaseMod","Colored Map","DeckTracker","Highlight Path","Keyboard Shortcuts","Minty Spire (QoL Compilation)","Permanent Neow","StSLib","SuperFastMode"],"gold_per_floor":[117,64,78,78,38,72,72,23,23,37,68,243,243,263,263,367,367,379,379,120,45,55,55,68,68,68],"floor_reached":25,"playtime":565,"items_purged":["Pain"],"score":234,"play_id":"b894d7f8-f973-4be8-b659-9455ed3b5b6e","local_time":"20210107011346","is_ascension_mode":false,"campfire_choices":[{"floor":7.0,"key":"RECALL"},{"data":"Darkness","floor":15.0,"key":"SMITH"},{"floor":23,"key":"REST"}],"circlet_count":0,"master_deck":["Strike_B","Strike_B","Strike_B","Strike_B","Defend_B+1","Defend_B+1","Defend_B","Defend_B","Zap","Dualcast","Defragment","Cold Snap","Doom and Gloom","Compile Driver","Coolheaded","Coolheaded","Darkness+1","Redo","Doom and Gloom","Darkness+1","Ball Lightning","Ball Lightning"],"relics":["Cracked Core","NeowsBlessing","Bag of Marbles","Ancient Tea Set","War Paint","WarpedTongs","SlaversCollar","DollysMirror"],"acts_visited":["Exordium","TheCity"],"potions_floor_usage":[],"damage_taken":[{"damage":0.0,"enemies":"Cultist","floor":1.0,"turns":1.0},{"damage":0.0,"enemies":"Small Slimes","floor":3.0,"turns":1.0},{"damage":0.0,"enemies":"Lagavulin","floor":6.0,"turns":1.0},{"damage":0.0,"enemies":"Jaw Worm","floor":10.0,"turns":2.0},{"damage":7.0,"enemies":"Gremlin Nob","floor":11.0,"turns":3.0},{"damage":14.0,"enemies":"Looter","floor":14.0,"turns":3.0},{"damage":18.0,"enemies":"The Guardian","floor":16.0,"turns":7.0},{"damage":52,"enemies":"2 Thieves","floor":18,"turns":4},{"damage":8,"enemies":"Chosen","floor":22,"turns":4},{"damage":43,"enemies":"Shelled Parasite and Fungi","floor":24,"turns":5},{"damage":0,"enemies":"Centurion and Healer","floor":25,"turns":1}],"seed_played":"4681543053052767337","potions_obtained":[{"floor":1.0,"key":"Fruit Juice"},{"floor":6.0,"key":"Energy Potion"},{"floor":16.0,"key":"EssenceOfSteel"},{"floor":18,"key":"CultistPotion"}],"is_trial":false,"path_per_floor":["M","$","M","?","$","E","R","$","T","M","E","?","?","M","R","B",null,"M","?","$","?","M","R","M","M"],"character_chosen":"DEFECT","items_purchased":["Cold Snap","Doom and Gloom","Coolheaded","Doom and Gloom","DollysMirror"],"campfire_rested":1,"item_purchase_floors":[2,5,8,20,20],"current_hp_per_floor":[75,75,75,57,57,57,57,57,57,57,55,55,55,41,41,23,80,28,28,28,28,20,44,1,1,1],"gold":68,"neow_bonus":"THREE_ENEMY_KILL","is_daily":false,"chose_seed":false,"campfire_upgraded":1,"win_rate":0.0,"timestamp":1609949626,"path_taken":["M","?","M","?","$","E","R","$","T","?","E","?","?","M","R","BOSS","M","?","$","?","M","R","M","M"],"items_purchased_type":["Card","Card","Card","Card","Relic"],"build_version":"2020-12-22","purchased_purges":1,"victory":false,"max_hp_per_floor":[75,75,75,75,75,75,75,75,75,75,80,80,80,80,80,80,80,80,80,80,80,80,80,80,80,80],"card_choices":[{"not_picked":["Blizzard","Streamline"],"picked":"Defragment","floor":1.0},{"not_picked":["Sweeping Beam","Aggregate","Leap"],"picked":"SKIP","floor":3.0},{"not_picked":["Cold Snap","Rainbow"],"picked":"Compile Driver","floor":6.0},{"not_picked":["Melter","Go for the Eyes","Reprogram"],"picked":"SKIP","floor":10.0},{"not_picked":["Genetic Algorithm","Streamline"],"picked":"Coolheaded","floor":11.0},{"not_picked":["Rebound","Conserve Battery"],"picked":"Darkness","floor":14.0},{"not_picked":["Go for the Eyes","Cold Snap"],"picked":"Redo","floor":18},{"not_picked":["Steam","FTL"],"picked":"Ball Lightning","floor":22},{"not_picked":["Go for the Eyes+1","Storm"],"picked":"Ball Lightning","floor":24}],"player_experience":279908,"relics_obtained":[{"floor":6.0,"key":"Ancient Tea Set"},{"floor":11.0,"key":"War Paint"}],"event_choices":[{"damage_healed":0.0,"max_hp_gain":0.0,"max_hp_loss":0.0,"gold_gain":0.0,"event_name":"Scrap Ooze","player_choice":"Success","floor":4.0,"gold_loss":0.0,"damage_taken":18.0,"relics_obtained":["Bag of Marbles"]},{"damage_healed":0.0,"max_hp_gain":0.0,"max_hp_loss":0.0,"gold_gain":175.0,"event_name":"Liars Game","player_choice":"AGREE","floor":12.0,"gold_loss":0.0,"damage_taken":0.0,"cards_obtained":["Doubt"]},{"damage_healed":0.0,"max_hp_gain":0.0,"max_hp_loss":0.0,"gold_gain":0.0,"event_name":"Accursed Blacksmith","player_choice":"Rummage","floor":13.0,"gold_loss":0.0,"damage_taken":0.0,"relics_obtained":["WarpedTongs"],"cards_obtained":["Pain"]},{"damage_healed":0,"gold_gain":0,"player_choice":"Ignored","damage_taken":0,"max_hp_gain":0,"max_hp_loss":0,"event_name":"Ghosts","floor":19,"gold_loss":0},{"cards_removed":["Doubt"],"damage_healed":0,"gold_gain":0,"player_choice":"Gave Gold","damage_taken":0,"max_hp_gain":0,"max_hp_loss":0,"event_name":"Beggar","floor":21,"gold_loss":75}],"is_beta":false,"boss_relics":[{"not_picked":["Cursed Key","Pandora\u0027s Box"],"picked":"SlaversCollar"}],"items_purged_floors":[20],"is_endless":false,"potions_floor_spawned":[1,6,16,18],"killed_by":"Centurion and Healer","ascension_level":0}}