{"host":"4rvakrj1idbgia3f","time":1609911653,"event":{"mods":["BaseMod","Colored Map","Colored Powertips","DeckTracker","Highlight Path","Minty Spire (QoL Compilation)","Random Character Button","StSLib"],"gold_per_floor":[117,117,117,132,40,40,73,73,73,108,108,121,150,169,169,243,243,259,48,48,63,82,82,117,117,117,117,55,74,13,13,13,13,13],"floor_reached":33,"playtime":1276,"items_purged":["Regret","Defend_G"],"score":612,"play_id":"210e9db1-9599-459f-8931-0facba4edde1","local_time":"20210106144053","is_ascension_mode":true,"campfire_choices":[{"data":"Neutralize","floor":6.0,"key":"SMITH"},{"data":"Dagger Spray","floor":8.0,"key":"SMITH"},{"data":"Poisoned Stab","floor":11.0,"key":"SMITH"},{"data":"Bouncing Flask","floor":15.0,"key":"SMITH"},{"data":"Bullet Time","floor":23,"key":"SMITH"},{"data":"Leg Sweep","floor":25,"key":"SMITH"},{"data":"Dagger Spray","floor":27,"key":"SMITH"},{"data":"Footwork","floor":32,"key":"SMITH"}],"circlet_count":0,"master_deck":["AscendersBane","Strike_G","Strike_G","Strike_G","Strike_G","Defend_G","Defend_G","Defend_G","Survivor","Neutralize+1","Backflip","Dagger Spray+1","Bouncing Flask+1","Acrobatics","Poisoned Stab+1","Backflip","Backflip","Bullet Time+1","Dagger Spray+1","Leg Sweep+1","Clumsy","Bane+1","Crippling Poison","Footwork+1"],"relics":["Ring of the Snake","NeowsBlessing","The Courier","Paper Crane","Meat on the Bone","Thread and Needle","Oddly Smooth Stone","Cursed Key","Chemical X","Molten Egg 2","Potion Belt"],"acts_visited":["Exordium","TheCity"],"potions_floor_usage":[33],"damage_taken":[{"damage":0.0,"enemies":"2 Louse","floor":1.0,"turns":1.0},{"damage":0.0,"enemies":"Jaw Worm","floor":4.0,"turns":1.0},{"damage":0.0,"enemies":"3 Sentries","floor":7.0,"turns":1.0},{"damage":31.0,"enemies":"Lagavulin","floor":10.0,"turns":6.0},{"damage":0.0,"enemies":"Cultist","floor":12.0,"turns":3.0},{"damage":24.0,"enemies":"Gremlin Nob","floor":13.0,"turns":4.0},{"damage":6.0,"enemies":"Lots of Slimes","floor":14.0,"turns":4.0},{"damage":2.0,"enemies":"The Guardian","floor":16.0,"turns":9.0},{"damage":3.0,"enemies":"Shell Parasite","floor":18.0,"turns":4.0},{"damage":3,"enemies":"Chosen","floor":21,"turns":3},{"damage":40,"enemies":"Sentry and Sphere","floor":22,"turns":7},{"damage":4,"enemies":"Book of Stabbing","floor":24,"turns":7},{"damage":0,"enemies":"Snake Plant","floor":29,"turns":3},{"damage":38,"enemies":"Champ","floor":33,"turns":15}],"seed_played":"1153763550799973259","potions_obtained":[{"floor":1.0,"key":"LiquidMemories"},{"floor":12.0,"key":"CunningPotion"},{"floor":13.0,"key":"LiquidMemories"},{"floor":14.0,"key":"ColorlessPotion"},{"floor":24,"key":"Dexterity Potion"}],"is_trial":false,"path_per_floor":["M","?","?","M","$","R","E","R","T","E","R","M","E","M","R","B",null,"M","$","?","M","M","R","E","R","T","R","$","M","$","?","R","B"],"character_chosen":"THE_SILENT","items_purchased":["Bouncing Flask","Chemical X","Bane+1","FearPotion","Footwork"],"campfire_rested":0,"item_purchase_floors":[5,19,28,28,30],"current_hp_per_floor":[59,59,59,59,59,59,59,59,59,40,40,40,28,34,34,44,61,58,58,58,55,27,27,35,35,35,35,35,35,35,35,35,0,0],"gold":13,"neow_bonus":"THREE_ENEMY_KILL","is_daily":false,"chose_seed":false,"campfire_upgraded":8,"win_rate":0.0,"timestamp":1609911653,"path_taken":["M","?","?","M","$","R","E","R","T","E","R","M","E","M","R","BOSS","M","$","?","M","?","R","E","R","T","R","?","M","$","?","R","BOSS"],"items_purchased_type":["Card","Relic","Card","Potion","Card"],"build_version":"2020-12-22","purchased_purges":2,"victory":false,"max_hp_per_floor":[66,66,66,66,66,66,66,66,66,66,66,66,66,66,66,66,66,66,66,66,66,66,66,66,66,66,66,66,66,66,66,66,66,66],"card_choices":[{"not_picked":["Masterful Stab","Outmaneuver"],"picked":"Backflip","floor":1.0},{"not_picked":["Dagger Throw","Eviscerate"],"picked":"Dagger Spray","floor":4.0},{"not_picked":["Infinite Blades","Calculated Gamble"],"picked":"Acrobatics","floor":7.0},{"not_picked":["Riddle With Holes","Eviscerate"],"picked":"Poisoned Stab","floor":10.0},{"not_picked":["Cloak And Dagger","Dagger Throw"],"picked":"Backflip","floor":12.0},{"not_picked":["Dagger Throw","Reflex"],"picked":"Backflip","floor":14.0},{"not_picked":["Die Die Die","Grand Finale"],"picked":"Bullet Time","floor":16.0},{"not_picked":["Quick Slash","Sucker Punch"],"picked":"Dagger Spray","floor":18.0},{"not_picked":["Sucker Punch","All Out Attack+1","Tactician"],"picked":"SKIP","floor":21},{"not_picked":["Calculated Gamble","Backflip"],"picked":"Leg Sweep","floor":22},{"not_picked":["Acrobatics","Sucker Punch+1","Accuracy"],"picked":"SKIP","floor":24},{"not_picked":["Underhanded Strike+1","Sucker Punch+1"],"picked":"Crippling Poison","floor":29}],"player_experience":1947524,"relics_obtained":[{"floor":7.0,"key":"Paper Crane"},{"floor":9.0,"key":"Meat on the Bone"},{"floor":10.0,"key":"Thread and Needle"},{"floor":13.0,"key":"Oddly Smooth Stone"},{"floor":24,"key":"Molten Egg 2"},{"floor":26,"key":"Potion Belt"}],"event_choices":[{"cards_removed":["Defend_G"],"damage_healed":0.0,"max_hp_gain":0.0,"max_hp_loss":0.0,"gold_gain":0.0,"event_name":"Living Wall","player_choice":"Forget","floor":2.0,"gold_loss":0.0,"damage_taken":0.0},{"damage_healed":0.0,"max_hp_gain":0.0,"max_hp_loss":0.0,"gold_gain":0.0,"event_name":"Big Fish","player_choice":"Box","floor":3.0,"gold_loss":0.0,"damage_taken":0.0,"relics_obtained":["The Courier"],"cards_obtained":["Regret"]},{"cards_removed":["Strike_G"],"damage_healed":0,"gold_gain":0,"player_choice":"Purged","damage_taken":0,"max_hp_gain":0,"max_hp_loss":0,"event_name":"Purifier","floor":20,"gold_loss":0},{"damage_healed":0,"gold_gain":0,"player_choice":"0 cards matched","damage_taken":0,"max_hp_gain":0,"max_hp_loss":0,"event_name":"Match and Keep!","floor":31,"gold_loss":0,"cards_obtained":[]}],"is_beta":false,"boss_relics":[{"not_picked":["Philosopher\u0027s Stone","WristBlade"],"picked":"Cursed Key"}],"items_purged_floors":[5,19],"is_endless":false,"potions_floor_spawned":[1,12,13,14,24],"killed_by":"Champ","ascension_level":20}}