{"host":"640uue19m79c7wbt","time":1609896206,"event":{"mods":["BaseMod","Colored Map","Googly Eyes","Highlight Path","Minty Spire (QoL Compilation)","Quick Restart","StSLib"],"gold_per_floor":[118,293,218,230,61,88,88,88,138,150,150,184,204,229,229,332,332,348,34,34,34,57,57,89,108,108,128,128,28,45,59,59,155,155,175,193,68,121,138,167,180,180,204,230,80,92,92,146,146,146],"floor_reached":51,"playtime":1733,"items_purged":["Strike_G","Doubt","Strike_G","Strike_G"],"score":1150,"play_id":"7d6293af-1e2f-47a2-85bb-59d7cd40a435","local_time":"20210105202326","is_ascension_mode":true,"campfire_choices":[{"data":"Cloak And Dagger","floor":8.0,"key":"SMITH"},{"data":"Panache","floor":11.0,"key":"SMITH"},{"floor":15.0,"key":"REST"},{"data":"Adrenaline","floor":23.0,"key":"SMITH"},{"floor":28.0,"key":"REST"},{"floor":32.0,"key":"REST"},{"data":"Venomology","floor":42,"key":"SMITH"},{"data":"Accuracy","floor":49,"key":"SMITH"}],"circlet_count":0,"master_deck":["Strike_G","Strike_G","Defend_G","Defend_G","Defend_G","Defend_G","Defend_G","Survivor","Neutralize","Cloak And Dagger+1","Panache+1","Dagger Spray","Blade Dance","A Thousand Cuts","Terror","Adrenaline+1","Accuracy+1","Blade Dance","Blade Dance+1","Cloak And Dagger","Venomology+1","Terror+1","Footwork","Cloak And Dagger+1","PiercingWail+1"],"relics":["Ring of the Snake","NeowsBlessing","Kunai","Orichalcum","PreservedInsect","Paper Crane","SacredBark","Bottled Tornado","Enchiridion","MealTicket","Gremlin Horn","Potion Belt","SlaversCollar","Pocketwatch","Bird Faced Urn","Ancient Tea Set","Ornamental Fan","Bag of Preparation"],"acts_visited":["Exordium","TheCity","TheBeyond"],"potions_floor_usage":[41,41,41,44,50,50,50,50,50],"damage_taken":[{"damage":0.0,"enemies":"Jaw Worm","floor":1.0,"turns":1.0},{"damage":0.0,"enemies":"Small Slimes","floor":4.0,"turns":1.0},{"damage":0.0,"enemies":"3 Sentries","floor":6.0,"turns":1.0},{"damage":0.0,"enemies":"Cultist","floor":10.0,"turns":5.0},{"damage":18.0,"enemies":"Gremlin Nob","floor":12.0,"turns":4.0},{"damage":11.0,"enemies":"Looter","floor":13.0,"turns":3.0},{"damage":6.0,"enemies":"3 Sentries","floor":14.0,"turns":2.0},{"damage":19.0,"enemies":"Hexaghost","floor":16.0,"turns":8.0},{"damage":20.0,"enemies":"Spheric Guardian","floor":18.0,"turns":4.0},{"damage":26.0,"enemies":"Slavers","floor":24.0,"turns":2.0},{"damage":0.0,"enemies":"2 Thieves","floor":25.0,"turns":2.0},{"damage":15.0,"enemies":"Centurion and Healer","floor":27.0,"turns":3.0},{"damage":2.0,"enemies":"Shelled Parasite and Fungi","floor":30.0,"turns":2.0},{"damage":7.0,"enemies":"Chosen and Byrds","floor":31.0,"turns":2.0},{"damage":4.0,"enemies":"Automaton","floor":33.0,"turns":5.0},{"damage":0.0,"enemies":"3 Darklings","floor":35.0,"turns":2.0},{"damage":2.0,"enemies":"Orb Walker","floor":36.0,"turns":2.0},{"damage":0.0,"enemies":"2 Orb Walkers","floor":38.0,"turns":2.0},{"damage":23.0,"enemies":"4 Shapes","floor":39.0,"turns":3.0},{"damage":0.0,"enemies":"Reptomancer","floor":40.0,"turns":2.0},{"damage":13,"enemies":"Spire Growth","floor":41,"turns":4},{"damage":0,"enemies":"Nemesis","floor":44,"turns":3},{"damage":0,"enemies":"3 Darklings","floor":46,"turns":2},{"damage":5,"enemies":"Donu and Deca","floor":50,"turns":4}],"seed_played":"2840864620193220853","potions_obtained":[{"floor":4.0,"key":"Swift Potion"},{"floor":7.0,"key":"SteroidPotion"},{"floor":7.0,"key":"Ancient Potion"},{"floor":12.0,"key":"Fruit Juice"},{"floor":13.0,"key":"BlessingOfTheForge"},{"floor":24.0,"key":"Dexterity Potion"},{"floor":27.0,"key":"AttackPotion"},{"floor":31.0,"key":"Swift Potion"},{"floor":36.0,"key":"Block Potion"},{"floor":39.0,"key":"LiquidBronze"},{"floor":40.0,"key":"Energy Potion"},{"floor":46,"key":"LiquidMemories"}],"is_trial":false,"path_per_floor":["M","?","$","M","$","E","?","R","T","M","R","E","M","E","R","B",null,"M","$","?","?","T","R","E","M","T","M","R","$","M","M","R","B",null,"M","M","$","?","M","E","M","R","T","E","$","M","?","T","R","B",null],"character_chosen":"THE_SILENT","items_purchased":["Panache","Accuracy","Bottled Tornado"],"campfire_rested":3,"item_purchase_floors":[5,19,19],"current_hp_per_floor":[63,63,63,63,63,63,63,63,63,63,63,45,39,33,55,36,65,45,45,29,54,54,54,28,28,28,13,35,50,48,41,63,59,71,71,69,75,75,52,52,45,45,45,53,68,72,72,72,72,74],"gold":146,"neow_bonus":"THREE_ENEMY_KILL","is_daily":false,"chose_seed":false,"campfire_upgraded":5,"win_rate":0.0,"timestamp":1609896206,"path_taken":["M","?","?","?","$","E","?","R","T","M","R","E","M","E","R","BOSS","M","$","?","?","?","R","E","M","T","M","R","$","?","M","R","BOSS","M","M","$","?","M","E","M","R","T","E","$","M","?","?","R","BOSS"],"items_purchased_type":["Card","Card","Relic"],"build_version":"2020-12-22","purchased_purges":4,"victory":true,"max_hp_per_floor":[70,70,70,70,70,70,70,70,70,70,70,70,75,75,75,75,75,75,75,75,75,75,75,75,75,75,75,75,75,75,75,75,75,75,75,75,75,75,75,75,75,75,75,75,75,75,75,75,75,75],"card_choices":[{"not_picked":["Backflip","Flechettes"],"picked":"Cloak And Dagger","floor":1.0},{"not_picked":["Deflect","Bane","Backflip"],"picked":"SKIP","floor":4.0},{"not_picked":["Flying Knee","All Out Attack","Prepared"],"picked":"SKIP","floor":6.0},{"not_picked":["Deadly Poison","Outmaneuver"],"picked":"Dagger Spray","floor":10.0},{"not_picked":["PiercingWail","Caltrops"],"picked":"Blade Dance","floor":12.0},{"not_picked":["Underhanded Strike","Slice"],"picked":"A Thousand Cuts","floor":13.0},{"not_picked":["Bane","PiercingWail"],"picked":"Terror","floor":14.0},{"not_picked":["Phantasmal Killer","Tools of the Trade"],"picked":"Adrenaline","floor":16.0},{"not_picked":["Setup","All Out Attack","Underhanded Strike"],"picked":"SKIP","floor":18.0},{"not_picked":["Riddle With Holes","Bane+1"],"picked":"Blade Dance","floor":24.0},{"not_picked":["Quick Slash+1","Outmaneuver+1"],"picked":"Blade Dance+1","floor":25.0},{"not_picked":["Distraction","Masterful Stab","Backflip"],"picked":"SKIP","floor":27.0},{"not_picked":["Poisoned Stab","Bane"],"picked":"Cloak And Dagger","floor":30.0},{"not_picked":["Dash","Reflex+1","Noxious Fumes"],"picked":"SKIP","floor":31.0},{"not_picked":["Unload","Storm of Steel"],"picked":"Venomology","floor":33.0},{"not_picked":["Outmaneuver+1","Slice+1"],"picked":"Terror+1","floor":35.0},{"not_picked":["Setup","Dodge and Roll+1","Bane+1"],"picked":"SKIP","floor":36.0},{"not_picked":["Deadly Poison","Sucker Punch+1"],"picked":"Footwork","floor":38.0},{"not_picked":["Dagger Spray+1","Deflect+1","Blade Dance"],"picked":"SKIP","floor":39.0},{"not_picked":["Calculated Gamble+1","Crippling Poison"],"picked":"Endless Agony","floor":40.0},{"not_picked":["Backflip","Concentrate","Poisoned Stab"],"picked":"SKIP","floor":41},{"not_picked":["Well Laid Plans","Slice"],"picked":"Cloak And Dagger+1","floor":44},{"not_picked":["Slice+1","Skewer"],"picked":"PiercingWail+1","floor":46}],"player_experience":573728,"relics_obtained":[{"floor":6.0,"key":"Kunai"},{"floor":9.0,"key":"Orichalcum"},{"floor":12.0,"key":"PreservedInsect"},{"floor":14.0,"key":"Paper Crane"},{"floor":20.0,"key":"Enchiridion"},{"floor":22.0,"key":"MealTicket"},{"floor":24.0,"key":"Gremlin Horn"},{"floor":26.0,"key":"Potion Belt"},{"floor":38.0,"key":"Pocketwatch"},{"floor":40.0,"key":"Bird Faced Urn"},{"floor":43,"key":"Ancient Tea Set"},{"floor":44,"key":"Ornamental Fan"},{"floor":48,"key":"Bag of Preparation"}],"event_choices":[{"damage_healed":0.0,"max_hp_gain":0.0,"max_hp_loss":0.0,"gold_gain":175.0,"event_name":"Liars Game","player_choice":"AGREE","floor":2.0,"gold_loss":0.0,"damage_taken":0.0,"cards_obtained":["Doubt"]},{"damage_healed":0.0,"max_hp_gain":0.0,"max_hp_loss":0.0,"gold_gain":0.0,"event_name":"Lab","player_choice":"Got Potions","floor":7.0,"gold_loss":0.0,"damage_taken":0.0},{"damage_healed":0.0,"max_hp_gain":0.0,"max_hp_loss":0.0,"gold_gain":0.0,"event_name":"Cursed Tome","player_choice":"Obtained Book","floor":20.0,"gold_loss":0.0,"damage_taken":16.0},{"damage_healed":25.0,"max_hp_gain":0.0,"max_hp_loss":0.0,"gold_gain":0.0,"event_name":"The Library","player_choice":"Heal","floor":21.0,"gold_loss":0.0,"damage_taken":0.0},{"damage_healed":0.0,"max_hp_gain":0.0,"max_hp_loss":0.0,"gold_gain":0.0,"event_name":"Mysterious Sphere","player_choice":"Fight","floor":38.0,"gold_loss":0.0,"damage_taken":0.0},{"cards_removed":["Endless Agony"],"damage_healed":0,"gold_gain":0,"player_choice":"Removed Attack","damage_taken":0,"max_hp_gain":0,"max_hp_loss":0,"event_name":"Falling","floor":47,"gold_loss":0}],"is_beta":false,"boss_relics":[{"not_picked":["Cursed Key","Busted Crown"],"picked":"SacredBark"},{"not_picked":["Tiny House","Sozu"],"picked":"SlaversCollar"}],"items_purged_floors":[3,29,37,45],"is_endless":false,"potions_floor_spawned":[4,12,13,24,27,31,36,39,40,46],"ascension_level":8}}