{"host":"vfg9szunmpjwj08o","time":1609974209,"event":{"mods":["Act Like it!","BaseMod","Challenge The Spire","Colored Map","Colored Powertips","Minty Spire (QoL Compilation)","StSLib","Waifu the Spire"],"gold_per_floor":[113,132,152,52,68,68,100,119,119,119,132,132,54,86,86,163,163,177,189,34,34,34,34],"floor_reached":22,"playtime":916,"items_purged":["Strike_B","Strike_B"],"score":382,"play_id":"56db4889-b38b-4e71-879c-1b311f4939ba","local_time":"20210107000329","is_ascension_mode":true,"campfire_choices":[{"data":"Zap","floor":6,"key":"SMITH"},{"data":"Dualcast","floor":10,"key":"SMITH"},{"data":"Aggregate","floor":15,"key":"SMITH"}],"circlet_count":0,"master_deck":["AscendersBane","Strike_B","Defend_B","Defend_B","Defend_B","Defend_B","Zap+1","Dualcast+1","Lockon","Blizzard","Go for the Eyes","Hologram","Compile Driver","BootSequence","Coolheaded","Aggregate+1","Self Repair","Glacier","Rainbow","Coolheaded","Compile Driver"],"relics":["Cracked Core","Bag of Marbles","SacredBark","Nloth\u0027s Gift"],"acts_visited":["Exordium","TheCity"],"potions_floor_usage":[7,14],"damage_taken":[{"damage":1,"enemies":"Cultist","floor":1,"turns":3},{"damage":2,"enemies":"2 Louse","floor":2,"turns":2},{"damage":7,"enemies":"Jaw Worm","floor":3,"turns":2},{"damage":4,"enemies":"Red Slaver","floor":5,"turns":3},{"damage":11,"enemies":"Gremlin Nob","floor":7,"turns":3},{"damage":1,"enemies":"Exordium Thugs","floor":8,"turns":3},{"damage":1,"enemies":"Looter","floor":11,"turns":2},{"damage":12,"enemies":"3 Sentries","floor":14,"turns":5},{"damage":22,"enemies":"The Guardian","floor":16,"turns":14},{"damage":22,"enemies":"Shell Parasite","floor":18,"turns":9},{"damage":22,"enemies":"Chosen","floor":19,"turns":4},{"damage":70,"enemies":"3 Cultists","floor":22,"turns":5}],"seed_played":"-5948930141836584485","potions_obtained":[{"floor":1,"key":"Weak Potion"},{"floor":2,"key":"EssenceOfDarkness"},{"floor":7,"key":"Explosive Potion"},{"floor":16,"key":"FairyPotion"},{"floor":19,"key":"Strength Potion"}],"is_trial":false,"path_per_floor":["M","M","M","$","M","R","E","M","T","R","M","?","$","E","R","B",null,"M","M","$","?","M"],"character_chosen":"DEFECT","items_purchased":["Hologram","Self Repair","Compile Driver"],"campfire_rested":0,"item_purchase_floors":[4,13,20],"current_hp_per_floor":[63,61,54,54,50,50,39,38,38,38,37,37,37,32,32,17,58,43,21,21,21,0,0],"gold":34,"neow_bonus":"THREE_CARDS","is_daily":false,"chose_seed":false,"campfire_upgraded":3,"win_rate":0.0,"timestamp":1609974209,"path_taken":["M","M","M","?","M","R","E","M","T","R","?","?","$","E","R","BOSS","M","M","$","?","?"],"items_purchased_type":["Card","Card","Card"],"build_version":"2020-12-22","purchased_purges":2,"victory":false,"max_hp_per_floor":[71,71,71,71,71,71,71,71,71,71,71,71,71,71,71,71,71,71,71,71,71,71,71],"card_choices":[{"not_picked":["Sweeping Beam","Coolheaded"],"picked":"Lockon","floor":0},{"not_picked":["Melter","Cold Snap","Beam Cell"],"picked":"SKIP","floor":1},{"not_picked":["Coolheaded","Steam"],"picked":"Blizzard","floor":2},{"not_picked":["Leap","Rebound"],"picked":"Go for the Eyes","floor":3},{"not_picked":["Redo","Leap"],"picked":"Compile Driver","floor":5},{"not_picked":["Reprogram","Stack"],"picked":"BootSequence","floor":7},{"not_picked":["Tempest","Turbo"],"picked":"Coolheaded","floor":8},{"not_picked":["Redo","Barrage"],"picked":"Aggregate","floor":11},{"not_picked":["Coolheaded","Reboot"],"picked":"Glacier","floor":14},{"not_picked":["All For One","Core Surge"],"picked":"Rainbow","floor":16},{"not_picked":["Stack","Lockon","Conserve Battery"],"picked":"SKIP","floor":18},{"not_picked":["Ball Lightning+1","Streamline"],"picked":"Coolheaded","floor":19}],"player_experience":1038849,"relics_obtained":[{"floor":7,"key":"Bag of Marbles"},{"floor":14,"key":"Girya"}],"event_choices":[{"cards_removed":["Strike_B"],"damage_healed":0,"gold_gain":0,"player_choice":"Forget","damage_taken":0,"max_hp_gain":0,"max_hp_loss":0,"event_name":"Living Wall","floor":12,"gold_loss":0},{"damage_healed":0,"gold_gain":0,"player_choice":"Traded Relic","damage_taken":0,"relics_obtained":["Nloth\u0027s Gift"],"max_hp_gain":0,"max_hp_loss":0,"event_name":"N\u0027loth","floor":21,"relics_lost":["Girya"],"gold_loss":0}],"is_beta":false,"boss_relics":[{"not_picked":["Pandora\u0027s Box","Runic Dome"],"picked":"SacredBark"}],"items_purged_floors":[4,20],"is_endless":false,"potions_floor_spawned":[1,2,7,16,19],"killed_by":"3 Cultists","ascension_level":19}}