{"host":"xu70nncme2eq5w87","time":1609892377,"event":{"mods":["AchievementEnabler","BaseMod","Colored Map","Colored Powertips","Minty Spire (QoL Compilation)","Quick Restart","StSLib"],"gold_per_floor":[118,118,138,153,153,182,196,176,176,176,192,192,219,219,219,219,219],"floor_reached":16,"playtime":395,"items_purged":[],"score":110,"play_id":"2d57dba7-171d-45de-ad00-bffc4f3cc5e6","local_time":"20210105161937","is_ascension_mode":false,"campfire_choices":[{"floor":12,"key":"REST"},{"floor":15,"key":"REST"}],"circlet_count":0,"master_deck":["Strike_B","Strike_B","Strike_B","Strike_B","Defend_B","Defend_B","Defend_B","Defend_B","Zap","Dualcast+1","Darkness+1","Storm+1","Buffer"],"relics":["Cracked Core","NeowsBlessing","Singing Bowl","Meat on the Bone","Kunai"],"acts_visited":["Exordium"],"potions_floor_usage":[],"damage_taken":[{"damage":0,"enemies":"Small Slimes","floor":1,"turns":1},{"damage":0,"enemies":"2 Louse","floor":3,"turns":2},{"damage":0,"enemies":"Cultist","floor":4,"turns":1},{"damage":26,"enemies":"Lagavulin","floor":6,"turns":6},{"damage":7,"enemies":"Looter","floor":7,"turns":4},{"damage":2,"enemies":"Large Slime","floor":11,"turns":6},{"damage":53,"enemies":"3 Sentries","floor":13,"turns":8},{"damage":49,"enemies":"Hexaghost","floor":16,"turns":9}],"seed_played":"-5449075499752498968","potions_obtained":[{"floor":3,"key":"Dexterity Potion"},{"floor":11,"key":"LiquidMemories"}],"is_trial":false,"path_per_floor":["M","?","M","M","?","E","M","?","T","?","M","R","E","?","R","B"],"character_chosen":"DEFECT","items_purchased":[],"campfire_rested":2,"item_purchase_floors":[],"current_hp_per_floor":[75,75,75,75,60,34,29,29,29,29,41,64,25,25,49,0,0],"gold":219,"neow_bonus":"THREE_ENEMY_KILL","is_daily":false,"chose_seed":false,"campfire_upgraded":0,"win_rate":0.0,"timestamp":1609892377,"path_taken":["M","?","M","M","?","E","M","?","T","?","?","R","E","?","R","BOSS"],"items_purchased_type":[],"build_version":"2020-12-22","purchased_purges":0,"victory":false,"max_hp_per_floor":[75,75,75,75,75,75,77,77,77,77,79,79,81,81,81,81,81],"card_choices":[{"not_picked":["Leap","Sweeping Beam"],"picked":"Darkness","floor":1},{"not_picked":["Sweeping Beam","Redo","Turbo"],"picked":"SKIP","floor":3},{"not_picked":["Steam","Reprogram"],"picked":"Storm","floor":4},{"not_picked":["Gash","Tempest"],"picked":"Buffer","floor":6},{"not_picked":["Rebound","Steam","Gash"],"picked":"Singing Bowl","floor":7},{"not_picked":["Hello World","Streamline","Tempest"],"picked":"Singing Bowl","floor":11},{"not_picked":["FTL","Rebound","Genetic Algorithm"],"picked":"Singing Bowl","floor":13}],"player_experience":217398,"relics_obtained":[{"floor":6,"key":"Singing Bowl"},{"floor":9,"key":"Meat on the Bone"},{"floor":13,"key":"Kunai"}],"event_choices":[{"damage_healed":0,"gold_gain":0,"player_choice":"Leave","damage_taken":0,"max_hp_gain":0,"max_hp_loss":0,"event_name":"The Cleric","floor":2,"gold_loss":0},{"damage_healed":0,"gold_gain":0,"player_choice":"Entered Light","damage_taken":15,"max_hp_gain":0,"max_hp_loss":0,"event_name":"Shining Light","floor":5,"gold_loss":0,"cards_upgraded":["Storm","Darkness"]},{"damage_healed":0,"gold_gain":0,"player_choice":"Left Gold","damage_taken":0,"max_hp_gain":0,"max_hp_loss":0,"event_name":"World of Goop","floor":8,"gold_loss":20},{"damage_healed":0,"gold_gain":0,"player_choice":"Ignored","damage_taken":0,"max_hp_gain":0,"max_hp_loss":0,"event_name":"Purifier","floor":10,"gold_loss":0},{"damage_healed":0,"gold_gain":0,"player_choice":"Grow","damage_taken":0,"max_hp_gain":0,"max_hp_loss":0,"event_name":"Living Wall","floor":14,"gold_loss":0,"cards_upgraded":["Dualcast"]}],"is_beta":false,"boss_relics":[],"items_purged_floors":[],"is_endless":false,"potions_floor_spawned":[3,11],"killed_by":"Hexaghost","ascension_level":0}}