{"host":"d8hh7rr4yzitjeuj","time":1609917908,"event":{"mods":["2.2 Compatiblity","AchievementEnabler","Act Like it!","BaseMod","Colored Map","Colored Powertips","Highlight Path","Keyboard Shortcuts","Minty Spire (QoL Compilation)","Permanent Neow","Quick Restart","StSLib","SuperFastMode"],"gold_per_floor":[119,137,151,167,178,178,178,188,188,188,188],"floor_reached":10,"playtime":300,"items_purged":[],"score":124,"play_id":"6dee7b0e-607a-4029-8d27-d595bb58c99b","local_time":"20210106162508","is_ascension_mode":true,"campfire_choices":[{"floor":6,"key":"REST"}],"circlet_count":0,"master_deck":["AscendersBane","Strike_R","Strike_R","Strike_R","Strike_R","Strike_R","Defend_R","Defend_R","Defend_R","Defend_R","Bash","Juggernaut","Sever Soul","Clothesline","Iron Wave","Warcry","Fire Breathing","Shrug It Off"],"relics":["Burning Blood","Bird Faced Urn","Paper Frog"],"acts_visited":["Exordium"],"potions_floor_usage":[10],"damage_taken":[{"damage":3,"enemies":"2 Louse","floor":1,"turns":3},{"damage":7,"enemies":"Cultist","floor":2,"turns":4},{"damage":7,"enemies":"Jaw Worm","floor":3,"turns":4},{"damage":39,"enemies":"Exordium Thugs","floor":4,"turns":6},{"damage":24,"enemies":"3 Louse","floor":5,"turns":3},{"damage":13,"enemies":"Blue Slaver","floor":8,"turns":5},{"damage":35,"enemies":"Lagavulin","floor":10,"turns":6}],"seed_played":"1722875898972855199","potions_obtained":[{"floor":1,"key":"Dexterity Potion"},{"floor":8,"key":"Block Potion"}],"is_trial":false,"path_per_floor":["M","M","M","M","M","R","?","M","T","E"],"character_chosen":"IRONCLAD","items_purchased":[],"campfire_rested":1,"item_purchase_floors":[],"current_hp_per_floor":[71,70,69,36,18,40,40,33,33,0,0],"gold":188,"neow_bonus":"ONE_RANDOM_RARE_CARD","is_daily":false,"chose_seed":false,"campfire_upgraded":0,"win_rate":0.0,"timestamp":1609917908,"path_taken":["M","M","M","M","M","R","?","?","T","E"],"items_purchased_type":[],"build_version":"2020-12-22","purchased_purges":0,"victory":false,"max_hp_per_floor":[75,75,75,75,75,75,75,75,75,75,75],"card_choices":[{"not_picked":["Perfected Strike","Heavy Blade"],"picked":"Sever Soul","floor":1},{"not_picked":["Perfected Strike","Spot Weakness"],"picked":"Clothesline","floor":2},{"not_picked":["Sword Boomerang","Impervious"],"picked":"Iron Wave","floor":3},{"not_picked":["Hemokinesis","Heavy Blade"],"picked":"Warcry","floor":4},{"not_picked":["Metallicize","Wild Strike"],"picked":"Fire Breathing","floor":5},{"not_picked":["True Grit","Twin Strike"],"picked":"Shrug It Off","floor":8}],"player_experience":1412412,"relics_obtained":[{"floor":9,"key":"Paper Frog"}],"event_choices":[{"damage_healed":0,"gold_gain":0,"player_choice":"Gave Potion","damage_taken":0,"relics_obtained":["Bird Faced Urn"],"max_hp_gain":0,"max_hp_loss":0,"event_name":"WeMeetAgain","floor":7,"gold_loss":0}],"is_beta":false,"boss_relics":[],"items_purged_floors":[],"is_endless":false,"potions_floor_spawned":[1,8],"killed_by":"Lagavulin","ascension_level":20}}