{"host":"04hh9gplt9wkfmr1","time":1609903385,"event":{"mods":["AchievementEnabler","BaseMod","Colored Map","KOR Keyword Fix","Minty Spire (QoL Compilation)","Rare Cards Sparkle","StSLib","SuperFastMode","everything is the same but u backflip on backflip"],"gold_per_floor":[111,111,129,149,149,149,149,149,231,231,244,258,273,294,294,425,425,450,470,489,303,318,318,318,358,381,381,121,121,121],"floor_reached":29,"playtime":951,"items_purged":["Strike_B"],"score":237,"play_id":"c628cc50-08bf-4792-a13a-299409fd264c","local_time":"20210106122305","is_ascension_mode":false,"campfire_choices":[{"data":"Consume","floor":6,"key":"SMITH"},{"data":"Zap","floor":8,"key":"SMITH"},{"data":"Dualcast","floor":10,"key":"SMITH"},{"data":"Self Repair","floor":15,"key":"SMITH"},{"data":"Electrodynamics","floor":23,"key":"SMITH"},{"data":"Defragment","floor":27,"key":"SMITH"}],"circlet_count":0,"master_deck":["Strike_B","Strike_B","Defend_B","Defend_B","Defend_B","Defend_B","Zap+1","Dualcast+1","Static Discharge","Consume+1","Hologram","Tempest","Self Repair+1","Electrodynamics+1","Self Repair+1","Hologram","Defragment+1","Thunder Strike","Ball Lightning","Consume","Machine Learning","Defragment","Panacea"],"relics":["Cracked Core","Golden Idol","Meat on the Bone","Philosopher\u0027s Stone","Molten Egg 2","Ancient Tea Set","Membership Card"],"acts_visited":["Exordium","TheCity"],"potions_floor_usage":[12,20,22,29],"damage_taken":[{"damage":10,"enemies":"Small Slimes","floor":1,"turns":3},{"damage":0,"enemies":"2 Louse","floor":3,"turns":2},{"damage":11,"enemies":"Jaw Worm","floor":4,"turns":3},{"damage":8,"enemies":"Red Slaver","floor":11,"turns":2},{"damage":10,"enemies":"Gremlin Gang","floor":12,"turns":4},{"damage":4,"enemies":"2 Fungi Beasts","floor":13,"turns":2},{"damage":15,"enemies":"Exordium Thugs","floor":14,"turns":4},{"damage":33,"enemies":"The Guardian","floor":16,"turns":9},{"damage":2,"enemies":"Chosen","floor":18,"turns":4},{"damage":21,"enemies":"Shell Parasite","floor":19,"turns":5},{"damage":24,"enemies":"Snake Plant","floor":20,"turns":3},{"damage":26,"enemies":"Centurion and Healer","floor":22,"turns":4},{"damage":53,"enemies":"Book of Stabbing","floor":25,"turns":4},{"damage":54,"enemies":"Gremlin Leader","floor":29,"turns":4}],"seed_played":"-875450714254003413","potions_obtained":[{"floor":1,"key":"PotionOfCapacity"},{"floor":3,"key":"AttackPotion"},{"floor":13,"key":"Fire Potion"},{"floor":14,"key":"Energy Potion"},{"floor":16,"key":"Explosive Potion"},{"floor":22,"key":"FocusPotion"},{"floor":25,"key":"EssenceOfDarkness"}],"is_trial":false,"path_per_floor":["M","?","M","M","?","R","?","R","T","R","M","M","M","M","R","B",null,"M","M","M","$","M","R","?","E","T","R","$","E"],"character_chosen":"DEFECT","items_purchased":["Defragment","Thunder Strike","Membership Card","Defragment","Panacea"],"campfire_rested":0,"item_purchase_floors":[21,21,28,28,28],"current_hp_per_floor":[72,52,52,41,34,34,34,34,34,34,38,40,48,45,45,34,82,82,81,77,77,71,71,71,50,50,50,50,0,0],"gold":121,"neow_bonus":"TEN_PERCENT_HP_BONUS","is_daily":false,"chose_seed":false,"campfire_upgraded":6,"win_rate":0.0,"timestamp":1609903385,"path_taken":["M","?","M","M","?","R","?","R","T","R","?","M","M","M","R","BOSS","M","M","M","$","?","R","?","E","T","R","?","E"],"items_purchased_type":["Card","Card","Relic","Card","Card"],"build_version":"2020-12-22","purchased_purges":1,"victory":false,"max_hp_per_floor":[82,82,82,82,82,82,82,82,82,82,82,82,82,82,82,82,82,82,82,82,82,82,82,82,82,82,82,82,82,82],"card_choices":[{"not_picked":["Streamline","Darkness"],"picked":"Static Discharge","floor":1},{"not_picked":["Steam","Scrape","Streamline"],"picked":"SKIP","floor":3},{"not_picked":["Auto Shields","Hologram"],"picked":"Consume","floor":4},{"not_picked":["Sweeping Beam","Gash","Beam Cell"],"picked":"SKIP","floor":11},{"not_picked":["Lockon","Barrage"],"picked":"Hologram","floor":12},{"not_picked":["Beam Cell","Stack"],"picked":"Tempest","floor":13},{"not_picked":["Reinforced Body","Gash"],"picked":"Self Repair","floor":14},{"not_picked":["Biased Cognition","Reboot"],"picked":"Electrodynamics","floor":16},{"not_picked":["Glacier","Heatsinks"],"picked":"Self Repair+1","floor":18},{"not_picked":["Rip and Tear+1","Barrage","Go for the Eyes"],"picked":"SKIP","floor":19},{"not_picked":["Gash","Darkness+1"],"picked":"Hologram","floor":20},{"not_picked":["Compile Driver","Blizzard"],"picked":"Ball Lightning","floor":22},{"not_picked":["Go for the Eyes+1","Coolheaded"],"picked":"Machine Learning","floor":25}],"player_experience":2249,"relics_obtained":[{"floor":9,"key":"Meat on the Bone"},{"floor":25,"key":"Molten Egg 2"},{"floor":26,"key":"Ancient Tea Set"}],"event_choices":[{"damage_healed":0,"gold_gain":0,"player_choice":"Take Damage","damage_taken":20,"relics_obtained":["Golden Idol"],"max_hp_gain":0,"max_hp_loss":0,"event_name":"Golden Idol","floor":2,"gold_loss":0},{"cards_removed":["Strike_B"],"damage_healed":0,"gold_gain":0,"player_choice":"Card Removal","damage_taken":7,"max_hp_gain":0,"max_hp_loss":0,"event_name":"Golden Wing","floor":5,"gold_loss":0},{"damage_healed":0,"gold_gain":0,"player_choice":"Bought 0 Potions","damage_taken":0,"max_hp_gain":0,"max_hp_loss":0,"event_name":"The Woman in Blue","floor":7,"gold_loss":0},{"damage_healed":0,"gold_gain":0,"player_choice":"Read","damage_taken":0,"max_hp_gain":0,"max_hp_loss":0,"event_name":"The Library","floor":24,"gold_loss":0,"cards_obtained":["Consume"]}],"is_beta":false,"boss_relics":[{"not_picked":["Fusion Hammer","Calling Bell"],"picked":"Philosopher\u0027s Stone"}],"items_purged_floors":[28],"is_endless":false,"potions_floor_spawned":[1,3,13,14,16,19,22,25],"killed_by":"Gremlin Leader","ascension_level":0}}