{"host":"1hzg86ju9fvxh562","time":1609958962,"event":{"mods":["AchievementEnabler","Act Like it!","AlwaysNeverKeys","BaseMod","Bestiary","Better Altar","Better Match","Better Note","Better Sensory Stone","Better Skull","Better Third Choice","Colored Map","Colored Powertips","Curses Come First","Displayed Cursed Tome","Filter the Spire","Highlight Path","Keyboard Shortcuts","Minty Spire (QoL Compilation)","Rare Cards Sparkle","Relic Sorter","Relic Stats","Spicy Shops","StSLib","everything is the same but u backflip on backflip","slay the spire mod where everything is the same but ironclad has a cowboy hat"],"gold_per_floor":[110,129,204,221,234,234,259,259,259,259,259],"floor_reached":10,"playtime":427,"items_purged":[],"score":93,"play_id":"68e79458-d08b-426b-949d-68e95fa41591","local_time":"20210106164922","is_ascension_mode":false,"campfire_choices":[{"floor":6,"key":"REST"},{"floor":8,"key":"REST"}],"circlet_count":0,"master_deck":["Eruption","Vigilance","Establishment+1","Study+1","DeusExMachina+1","LessonLearned","Halt","Vault","FlurryOfBlows+1","WindmillStrike+1","MentalFortress"],"relics":["Pandora\u0027s Box","Bag of Preparation","InkBottle"],"acts_visited":["Exordium"],"potions_floor_usage":[],"damage_taken":[{"damage":0,"enemies":"Cultist","floor":1,"turns":3},{"damage":11,"enemies":"Jaw Worm","floor":2,"turns":3},{"damage":10,"enemies":"2 Louse","floor":4,"turns":2},{"damage":9,"enemies":"Blue Slaver","floor":5,"turns":3},{"damage":0,"enemies":"3 Sentries","floor":7,"turns":5},{"damage":0,"enemies":"Gremlin Nob","floor":10,"turns":1}],"seed_played":"-2551172462319982024","potions_obtained":[{"floor":1,"key":"Weak Potion"},{"floor":4,"key":"DistilledChaos"},{"floor":7,"key":"AttackPotion"}],"is_trial":false,"path_per_floor":["M","M","?","M","M","R","E","R","T","E"],"character_chosen":"WATCHER","items_purchased":[],"campfire_rested":2,"item_purchase_floors":[],"current_hp_per_floor":[72,61,50,40,31,52,52,72,72,72,72],"gold":259,"neow_bonus":"BOSS_RELIC","is_daily":false,"chose_seed":false,"campfire_upgraded":0,"win_rate":0.0,"timestamp":1609958962,"path_taken":["M","?","?","M","M","R","E","R","T","E"],"items_purchased_type":[],"build_version":"2020-12-22","purchased_purges":0,"victory":false,"max_hp_per_floor":[72,72,72,72,72,72,72,72,72,72,72],"relic_stats":{"counters":[6,17],"Pandora\u0027s Box":["Establishment","Study","DeusExMachina","LessonLearned","Halt","Vault","FlurryOfBlows","WindmillStrike"],"Bag of Preparation":[2],"obtain_stats":[{"Pandora\u0027s Box":0,"Bag of Preparation":7,"PureWater":0,"InkBottle":9},{"Pandora\u0027s Box":0,"Bag of Preparation":5,"PureWater":0,"InkBottle":5},{"Pandora\u0027s Box":0,"Bag of Preparation":16,"PureWater":0,"InkBottle":16}],"InkBottle":[0]},"card_choices":[{"not_picked":["Pray","BowlingBash","EmptyBody"],"picked":"SKIP","floor":1},{"not_picked":["Study","Consecrate","Evaluate"],"picked":"SKIP","floor":2},{"not_picked":["EmptyFist","Crescendo","CutThroughFate"],"picked":"SKIP","floor":4},{"not_picked":["LikeWater","Meditate"],"picked":"MentalFortress","floor":5},{"not_picked":["Consecrate","Omniscience","FlyingSleeves"],"picked":"SKIP","floor":7}],"player_experience":437178,"relics_obtained":[{"floor":7,"key":"Bag of Preparation"},{"floor":9,"key":"InkBottle"}],"event_choices":[{"damage_healed":0,"gold_gain":75,"player_choice":"Gold","damage_taken":11,"max_hp_gain":0,"max_hp_loss":0,"event_name":"betterThird:BetterGoop","floor":3,"gold_loss":0}],"is_beta":false,"boss_relics":[],"items_purged_floors":[],"is_endless":false,"potions_floor_spawned":[1,4,7],"killed_by":"Gremlin Nob","ascension_level":0}}