{"host":"efgqx4zs42teb71b","time":1609976948,"event":{"mods":["AchievementEnabler","BaseMod","Minty Spire (QoL Compilation)","Relic Stats","StSLib"],"gold_per_floor":[116,266,18,18,35,35,61,73,143,155,175,187,187,207,207,207,207],"floor_reached":16,"playtime":766,"items_purged":["Doubt"],"score":208,"play_id":"0f8b4061-9864-4466-90ac-eafdfb60cd84","local_time":"20210106184908","is_ascension_mode":true,"campfire_choices":[{"data":"Inflame","floor":6,"key":"SMITH"},{"floor":15,"key":"REST"}],"circlet_count":0,"master_deck":["AscendersBane","Strike_R","Strike_R","Strike_R","Strike_R","Defend_R","Defend_R","Defend_R","Defend_R","Bash","Wild Strike","Inflame+1","Intimidate","Iron Wave","Shrug It Off","Disarm","Shockwave","Headbutt"],"relics":["Burning Blood","Nunchaku","Vajra","PreservedInsect","Self Forming Clay"],"acts_visited":["Exordium"],"potions_floor_usage":[10,11,16,16],"damage_taken":[{"damage":3,"enemies":"2 Louse","floor":1,"turns":4},{"damage":4,"enemies":"Jaw Worm","floor":5,"turns":4},{"damage":60,"enemies":"3 Sentries","floor":7,"turns":12},{"damage":1,"enemies":"Cultist","floor":8,"turns":3},{"damage":16,"enemies":"Large Slime","floor":10,"turns":5},{"damage":4,"enemies":"Blue Slaver","floor":11,"turns":2},{"damage":3,"enemies":"Exordium Wildlife","floor":12,"turns":5},{"damage":0,"enemies":"Red Slaver","floor":14,"turns":4},{"damage":48,"enemies":"Slime Boss","floor":16,"turns":13}],"seed_played":"-755602963394746260","potions_obtained":[{"floor":8,"key":"BlessingOfTheForge"},{"floor":10,"key":"Explosive Potion"},{"floor":12,"key":"AttackPotion"},{"floor":14,"key":"Weak Potion"}],"is_trial":false,"path_per_floor":["M","?","$","?","M","R","E","M","T","M","M","M","?","M","R","B"],"character_chosen":"IRONCLAD","items_purchased":["Vajra"],"campfire_rested":1,"item_purchase_floors":[3],"current_hp_per_floor":[71,71,71,71,73,73,19,24,24,14,16,19,19,25,47,0,0],"gold":207,"neow_bonus":"RANDOM_COMMON_RELIC","is_daily":false,"chose_seed":false,"campfire_upgraded":1,"win_rate":0.0,"timestamp":1609976948,"path_taken":["M","?","$","?","M","R","E","M","T","M","?","M","?","M","R","BOSS"],"items_purchased_type":["Relic"],"build_version":"2020-12-22","purchased_purges":1,"victory":false,"max_hp_per_floor":[75,75,75,75,75,75,75,75,75,75,75,75,75,75,75,75,75],"relic_stats":{"Nunchaku":[7],"counters":[9,52],"Self Forming Clay":[30],"PreservedInsect":0,"obtain_stats":[{"Nunchaku":0,"Self Forming Clay":9,"Vajra":3,"PreservedInsect":7,"Burning Blood":0},{"Nunchaku":0,"Self Forming Clay":4,"Vajra":1,"PreservedInsect":3,"Burning Blood":0},{"Nunchaku":0,"Self Forming Clay":23,"Vajra":4,"PreservedInsect":20,"Burning Blood":0}],"Burning Blood":48},"card_choices":[{"not_picked":["Dual Wield","Sword Boomerang"],"picked":"Wild Strike","floor":1},{"not_picked":["Carnage","True Grit"],"picked":"Intimidate","floor":5},{"not_picked":["Combust","Havoc"],"picked":"Iron Wave","floor":7},{"not_picked":["Power Through","Pommel Strike"],"picked":"Shrug It Off","floor":8},{"not_picked":["Iron Wave","Dual Wield"],"picked":"Disarm","floor":10},{"not_picked":["Clash","Flex","Wild Strike"],"picked":"SKIP","floor":11},{"not_picked":["Perfected Strike","Anger"],"picked":"Shockwave","floor":12},{"not_picked":["Hemokinesis","Pommel Strike"],"picked":"Headbutt","floor":14}],"player_experience":630566,"relics_obtained":[{"floor":7,"key":"PreservedInsect"},{"floor":9,"key":"Self Forming Clay"}],"event_choices":[{"damage_healed":0,"gold_gain":150,"player_choice":"AGREE","damage_taken":0,"max_hp_gain":0,"max_hp_loss":0,"event_name":"Liars Game","floor":2,"gold_loss":0,"cards_obtained":["Doubt"]},{"damage_healed":0,"gold_gain":0,"cards_transformed":["Strike_R"],"player_choice":"Transformed","damage_taken":0,"max_hp_gain":0,"max_hp_loss":0,"event_name":"Transmorgrifier","floor":4,"gold_loss":0,"cards_obtained":["Inflame"]},{"damage_healed":0,"gold_gain":0,"player_choice":"Ignored","damage_taken":0,"max_hp_gain":0,"max_hp_loss":0,"event_name":"Shining Light","floor":13,"gold_loss":0}],"is_beta":false,"boss_relics":[],"items_purged_floors":[3],"is_endless":false,"potions_floor_spawned":[8,10,12,14],"killed_by":"Slime Boss","ascension_level":20}}