{"host":"7qf1todfnxspvw7w","time":1609898589,"event":{"mods":["BaseMod","BetterRewards","Block Reminder","Colored Powertips","Disable Question Mark Monsters","Displayed Cursed Tome","Downfall","Gold Saver","Googly Eyes","Infinite Spire","Ironclad Rager","Lobotomy","Minty Spire (QoL Compilation)","Rare Cards Sparkle","Relic Stats","Reorder Act Four","Replay The Spire","SacredBarkPlus","Shop Mod","StSLib","Uncapped"],"gold_per_floor":[257,277,290,290,302,4,29,42,42,42,142,173,87,106,119,215,215,65,76,87,87,98,83,83,102,122,107,121,221,146,146,166,271,271,271,281,281,281,209,224,249,249,524,543,571,588,588,278,288,288,288,288,314,314,131,131],"floor_reached":57,"playtime":7391,"items_purged":["hexamod:Strike","Galaxy"],"score":1186,"play_id":"2074005c-1b06-4589-8a61-60784cbf6246","local_time":"20210106050309","is_ascension_mode":false,"campfire_choices":[{"floor":1,"key":"RECALL"},{"data":"Replay:SS_forest_6","floor":10,"key":"SMITH"},{"data":"After Image","floor":18,"key":"SMITH"},{"floor":30,"key":"REST"},{"data":"Poison Darts","floor":35,"key":"SMITH"},{"data":"hexamod:GhostflameBarrier","floor":42,"key":"SMITH"},{"data":"hexamod:PhantomCloak","floor":54,"key":"SMITH"}],"circlet_count":0,"master_deck":["hexamod:Defend+1","hexamod:Defend+1","hexamod:Defend+1","hexamod:Sear","hexamod:Float","Replay:SS_forest_6+1","hexamod:FirstSeal","hexamod:StepThrough","hexamod:GhostflameBarrier+1","hexamod:ShieldOfDarkness","hexamod:Incineration+1","Slimebound:DisruptingSlam","hexamod:StepThrough","After Image+1","expansioncontent:Flail","expansioncontent:DonusPower+1","Poison Darts+1","Iron Wave+1","Spore+1","Master of Strategy","Replay:SS_forest_2+1","hexamod:EmpoweredFlame+1","sneckomod:Unknown1Cost+1","Bludgeon","hexamod:PhantomCloak+1","hexamod:ExtraCrispy","hexamod:HexaLevel+1","hexamod:StepThrough+1","hexamod:StepThrough+1","Magnetism"],"relics":["hexamod:SpiritBrand","PrismaticShard","Garlic","downfall:GremlinWheel","Art of War","downfall:HeartBlessingGreen","downfall:HeartBlessingBlue","Juzu Bracelet","downfall:HeartBlessingRed","Sozu","Dream Catcher","ReplayFunnel","infinitespire:WardingShard","BranchBurnRelic"],"acts_visited":["Exordium","TheCity","TheBeyond","TheEnding"],"potions_floor_usage":[11,11,13,26,33,33,46],"damage_taken":[{"damage":2,"enemies":"2 Louse","floor":2,"turns":3},{"damage":9,"enemies":"Jaw Worm","floor":3,"turns":5},{"damage":0,"enemies":"Cultist","floor":5,"turns":4},{"damage":0,"enemies":"downfall:FleeingMerchant","floor":6,"turns":4},{"damage":9,"enemies":"Gremlin Gang","floor":8,"turns":6},{"damage":19,"enemies":"Gremlin Gang","floor":11,"turns":5},{"damage":12,"enemies":"Lagavulin","floor":12,"turns":7},{"damage":0,"enemies":"downfall:FleeingMerchant","floor":13,"turns":4},{"damage":0,"enemies":"Exordium Wildlife","floor":14,"turns":4},{"damage":5,"enemies":"Blue Slaver","floor":15,"turns":3},{"damage":12,"enemies":"downfall:Watcher","floor":16,"turns":11},{"damage":9,"enemies":"Spheric Guardian","floor":19,"turns":6},{"damage":1,"enemies":"Chosen","floor":20,"turns":5},{"damage":4,"enemies":"Shelled Parasite and Fungi","floor":22,"turns":8},{"damage":0,"enemies":"downfall:FleeingMerchant","floor":23,"turns":4},{"damage":22,"enemies":"Cultist and Chosen","floor":25,"turns":9},{"damage":24,"enemies":"Sentry and Sphere","floor":26,"turns":9},{"damage":6,"enemies":"downfall:FleeingMerchant","floor":27,"turns":4},{"damage":15,"enemies":"Snake Plant","floor":28,"turns":5},{"damage":23,"enemies":"Snecko","floor":32,"turns":7},{"damage":73,"enemies":"downfall:Silent","floor":33,"turns":11},{"damage":16,"enemies":"Orb Walker","floor":36,"turns":4},{"damage":0,"enemies":"downfall:FleeingMerchant","floor":39,"turns":4},{"damage":0,"enemies":"3 Darklings","floor":40,"turns":8},{"damage":0,"enemies":"downfall:FleeingMerchant","floor":43,"turns":4},{"damage":7,"enemies":"Sphere and 2 Shapes","floor":44,"turns":5},{"damage":41,"enemies":"Nemesis","floor":45,"turns":9},{"damage":60,"enemies":"Maw","floor":46,"turns":11},{"damage":79,"enemies":"4 Shapes","floor":49,"turns":6},{"damage":122,"enemies":"downfall:Defect","floor":50,"turns":14},{"damage":279,"enemies":"downfall:CharBossMerchant","floor":53,"turns":14},{"damage":136,"enemies":"downfall:NeowBoss","floor":56,"turns":28}],"seed_played":"-6724828410239199636","potions_obtained":[{"floor":2,"key":"EssenceOfSteel"},{"floor":3,"key":"PowerPotion"},{"floor":8,"key":"Toxic Potion"},{"floor":12,"key":"infinitespire:BlackPotion"},{"floor":14,"key":"Elixir"},{"floor":20,"key":"Block Potion"},{"floor":26,"key":"SpeedPotion"},{"floor":32,"key":"LiquidMemories"},{"floor":33,"key":"PowerPotion"}],"is_trial":false,"path_per_floor":["R","M","M","?","M","$","T","M","?","R","?","E","$","M","M","B",null,"R","M","M","?","M","$","T","M","M","$","M","?","R","?","M","B",null,"R","M","?","?","$","M","T","R","?","M","E","M","?","$","M","B",null,null,"E","R","$","B",null],"character_chosen":"THE_SPIRIT","items_purchased":["hexamod:Incineration+1","PrismaticShard","hexamod:StepThrough","hexamod:EmpoweredFlame+1","hexamod:ExtraCrispy","infinitespire:WardingShard","Magnetism"],"campfire_rested":1,"item_purchase_floors":[6,6,13,39,48,48,55],"current_hp_per_floor":[70,68,66,66,70,70,70,61,61,61,49,44,51,51,46,41,70,80,78,80,80,76,76,76,61,44,45,30,30,54,54,38,41,80,80,71,71,71,71,78,78,78,80,73,39,46,46,46,60,80,80,80,80,80,80,69],"gold":131,"neow_bonus":"RANDOM_COLORLESS","is_daily":false,"chose_seed":false,"campfire_upgraded":5,"win_rate":0.0,"timestamp":1609898589,"path_taken":["R","M","M","?","M","$","T","M","?","R","?","E","$","M","M","BOSS","R","M","M","?","M","$","T","M","M","$","M","?","R","?","M","BOSS","R","M","?","?","$","M","T","R","?","M","E","M","?","$","M","BOSS","E","R","$","BOSS"],"items_purchased_type":["Card","Relic","Card","Card","Card","Relic","Card"],"build_version":"2020-12-22","purchased_purges":2,"victory":true,"max_hp_per_floor":[70,70,70,70,70,70,70,70,70,70,70,70,70,70,70,70,70,80,80,80,80,80,80,80,80,80,80,80,80,80,80,80,80,80,80,80,80,80,80,80,80,80,80,80,80,80,80,80,80,80,80,80,80,80,80,80],"relic_stats":{"Sozu":14,"Dream Catcher":0,"counters":[32,231],"Art of War":[32],"Juzu Bracelet":1,"obtain_stats":[{"ReplayFunnel":45,"downfall:HeartBlessingRed":30,"Dead Branch":53,"downfall:HeartBlessingGreen":18,"Juzu Bracelet":24,"PrismaticShard":6,"Sozu":34,"BranchBurnRelic":54,"Dream Catcher":41,"downfall:GremlinWheel":11,"infinitespire:WardingShard":48,"downfall:HeartBlessingBlue":18,"Garlic":9,"Art of War":12,"hexamod:SpiritBrand":0},{"ReplayFunnel":27,"downfall:HeartBlessingRed":19,"Dead Branch":31,"downfall:HeartBlessingGreen":11,"Juzu Bracelet":15,"PrismaticShard":4,"Sozu":21,"BranchBurnRelic":31,"Dream Catcher":24,"downfall:GremlinWheel":6,"infinitespire:WardingShard":28,"downfall:HeartBlessingBlue":11,"Garlic":5,"Art of War":7,"hexamod:SpiritBrand":0},{"ReplayFunnel":158,"downfall:HeartBlessingRed":106,"Dead Branch":203,"downfall:HeartBlessingGreen":56,"Juzu Bracelet":79,"PrismaticShard":16,"Sozu":124,"BranchBurnRelic":203,"Dream Catcher":140,"downfall:GremlinWheel":27,"infinitespire:WardingShard":169,"downfall:HeartBlessingBlue":56,"Garlic":22,"Art of War":34,"hexamod:SpiritBrand":0}]},"card_choices":[{"not_picked":["Deep Breath","Replay:SS_hec_2"],"picked":"Replay:SS_forest_6","floor":0},{"not_picked":["hexamod:SpectersWail","hexamod:FourthSeal"],"picked":"hexamod:FirstSeal","floor":2},{"not_picked":["hexamod:SkipABeat","hexamod:HeatMetal"],"picked":"hexamod:StepThrough","floor":3},{"not_picked":["hexamod:NightmareStrike","hexamod:FourthSeal"],"picked":"hexamod:GhostflameBarrier","floor":5},{"not_picked":["hexamod:InspiringFlames","hexamod:Hexaguard"],"picked":"hexamod:ShieldOfDarkness","floor":6},{"not_picked":["Slimebound:ServeAndProtect","sneckomod:UnknownClassGUARDIAN"],"picked":"Slimebound:DisruptingSlam","floor":8},{"not_picked":["Slimebound:RollThrough","sneckomod:SoulExchange","EmptyBody"],"picked":"SKIP","floor":12},{"not_picked":["MentalFortress","hexamod:InspiringFlames","Hidden Blade"],"picked":"SKIP","floor":13},{"not_picked":["Guardian:Clone","Replay:Bootleg Shield Generator","Predator"],"picked":"SKIP","floor":14},{"not_picked":["Prostrate","Coolheaded","Harmony"],"picked":"SKIP","floor":15},{"not_picked":["Wish","Sadistic Nature"],"picked":"After Image","floor":16},{"not_picked":["Lantern","sneckomod:UnknownEthereal","Replay:SS_hec_4"],"picked":"SKIP","floor":19},{"not_picked":["Crescendo","Guardian:ChargeCore","Slimebound:LevelUp"],"picked":"SKIP","floor":20},{"not_picked":["ReplaySort","Slimebound:AcidTongue"],"picked":"Galaxy","floor":22},{"not_picked":["Guardian:ShieldCharger+1","champ:CrookedStrike+1"],"picked":"expansioncontent:Flail","floor":23},{"not_picked":["champ:Circumvent","Bane+1"],"picked":"expansioncontent:DonusPower+1","floor":25},{"not_picked":["Guardian:Planning","champ:BladeFlurry+1"],"picked":"Poison Darts","floor":26},{"not_picked":["Slimebound:RallyTheTroops","Slimebound:GoopSpray"],"picked":"Iron Wave+1","floor":27},{"not_picked":["Second Wind","Slimebound:ServeAndProtect"],"picked":"Spore+1","floor":28},{"not_picked":["Go for the Eyes","Anger","Slimebound:Gluttony"],"picked":"SKIP","floor":32},{"not_picked":["Biased Cognition","Pinks"],"picked":"Master of Strategy","floor":33},{"not_picked":["Slimebound:SamplingLick","Deadly Poison+1","sneckomod:UnknownClassPURPLE+1"],"picked":"SKIP","floor":36},{"not_picked":["Coolheaded","Deadly Poison"],"picked":"Replay:SS_forest_2+1","floor":39},{"not_picked":["ReplayTheSpireMod:Calculation Training+1","Rage"],"picked":"sneckomod:Unknown1Cost+1","floor":40},{"not_picked":["CrushJoints","Leap"],"picked":"Bludgeon","floor":43},{"not_picked":["Seeing Red","Skewer+1","Regret_ego"],"picked":"SKIP","floor":44},{"not_picked":["Guardian:TimeCapacitor","Guardian:VentSteam+1","Dagger Spray"],"picked":"SKIP","floor":45},{"not_picked":["Guardian:RollAttack+1","Slimebound:ViciousTackle+1"],"picked":"hexamod:PhantomCloak","floor":46},{"not_picked":["hexamod:Haunt","Replay:SS_forest_2+1","Slimebound:DivideAndConquer+1"],"picked":"SKIP","floor":49},{"not_picked":["ConjureBlade","EmptyBody","Slimebound:GoopSpray"],"picked":"SKIP","floor":53}],"player_experience":525928,"relics_obtained":[{"floor":9,"key":"Garlic"},{"floor":11,"key":"downfall:GremlinWheel"},{"floor":12,"key":"Art of War"},{"floor":24,"key":"Juzu Bracelet"},{"floor":41,"key":"Dream Catcher"},{"floor":45,"key":"ReplayFunnel"},{"floor":53,"key":"Dead Branch"}],"event_choices":[{"cards_removed":["hexamod:Defend"],"damage_healed":0,"gold_gain":0,"player_choice":"Card Removal","damage_taken":0,"max_hp_gain":0,"max_hp_loss":0,"event_name":"Wheel of Change","floor":18,"gold_loss":0},{"cards_removed":["hexamod:Strike"],"damage_healed":0,"gold_gain":0,"player_choice":"Offered Basic","damage_taken":0,"max_hp_gain":0,"max_hp_loss":0,"event_name":"Bonfire Elementals","floor":21,"gold_loss":0},{"damage_healed":0,"gold_gain":0,"player_choice":"Simplicity","damage_taken":0,"max_hp_gain":0,"max_hp_loss":0,"event_name":"Back to Basics","floor":31,"gold_loss":0,"cards_upgraded":["hexamod:Strike","hexamod:Defend","hexamod:Defend","hexamod:Defend"]}],"is_beta":false,"boss_relics":[{"not_picked":["Replay:Ancient Bell","Astrolabe","Replay:Bronze Core"]},{"not_picked":["Busted Crown","Fusion Hammer"],"picked":"Sozu"}],"items_purged_floors":[6,43],"is_endless":false,"potions_floor_spawned":[2,3,8,12,14,20,25,26,28,32,33,36,40,44,49],"ascension_level":0}}