{"host":"x205naxbihvu3p76","time":1609939740,"event":{"mods":["AchievementEnabler","BaseMod","Minty Spire (QoL Compilation)","StSLib","SuperFastMode"],"gold_per_floor":[119,134,134,158,33,58,58,74,74,86,124,148,175,201,213,301,313,335,47,64,77,88,88,101,101,101,101,119,119,133,153,153,153,153],"floor_reached":33,"playtime":794,"items_purged":["Strike_B","Strike_B"],"score":659,"play_id":"b3958dd2-cd2a-42d2-a486-54964822a7fa","local_time":"20210106222900","is_ascension_mode":true,"campfire_choices":[{"data":"Genetic Algorithm","floor":7,"key":"SMITH"},{"data":"Go for the Eyes","floor":15,"key":"SMITH"},{"floor":23,"key":"REST"},{"data":"Seek","floor":27,"key":"SMITH"},{"floor":32,"key":"REST"}],"circlet_count":0,"master_deck":["AscendersBane","Strike_B","Strike_B","Defend_B","Defend_B","Defend_B","Defend_B","Zap","Dualcast","Storm","Genetic Algorithm","Cold Snap","Genetic Algorithm+1","Ball Lightning","Hello World","Go for the Eyes+1","Seek+1","CurseOfTheBell","Storm+1","Heatsinks+1","Storm+1","Buffer+1","Heatsinks+1","Chaos"],"relics":["Cracked Core","NeowsBlessing","Happy Flower","Bronze Scales","MawBank","Darkstone Periapt","Smiling Mask","Calling Bell","Orichalcum","Frozen Egg 2","Torii","Medical Kit","Du-Vu Doll"],"acts_visited":["Exordium","TheCity"],"potions_floor_usage":[11,16,16,31],"damage_taken":[{"damage":0,"enemies":"Cultist","floor":1,"turns":1},{"damage":0,"enemies":"2 Louse","floor":2,"turns":1},{"damage":0,"enemies":"Lagavulin","floor":6,"turns":2},{"damage":3,"enemies":"Jaw Worm","floor":8,"turns":4},{"damage":26,"enemies":"3 Sentries","floor":11,"turns":7},{"damage":10,"enemies":"Lots of Slimes","floor":12,"turns":4},{"damage":0,"enemies":"Blue Slaver","floor":13,"turns":3},{"damage":0,"enemies":"Looter","floor":14,"turns":3},{"damage":0,"enemies":"Hexaghost","floor":16,"turns":8},{"damage":5,"enemies":"3 Byrds","floor":18,"turns":2},{"damage":8,"enemies":"Shell Parasite","floor":20,"turns":5},{"damage":11,"enemies":"3 Cultists","floor":21,"turns":5},{"damage":21,"enemies":"Cultist and Chosen","floor":22,"turns":5},{"damage":1,"enemies":"Snecko","floor":24,"turns":5},{"damage":7,"enemies":"Centurion and Healer","floor":28,"turns":6},{"damage":0,"enemies":"Snake Plant","floor":30,"turns":2},{"damage":23,"enemies":"3 Cultists","floor":31,"turns":5},{"damage":53,"enemies":"Champ","floor":33,"turns":10}],"seed_played":"-19407538224239914","potions_obtained":[{"floor":6,"key":"SteroidPotion"},{"floor":11,"key":"PowerPotion"},{"floor":13,"key":"LiquidBronze"},{"floor":16,"key":"FearPotion"},{"floor":20,"key":"Fire Potion"},{"floor":30,"key":"Regen Potion"},{"floor":31,"key":"SmokeBomb"}],"is_trial":false,"path_per_floor":["M","M","?","T","$","E","R","M","T","?","E","M","M","M","R","B",null,"M","$","M","M","M","R","M","?","T","R","M","?","M","M","R","B"],"character_chosen":"DEFECT","items_purchased":["Cold Snap","Heatsinks+1","Medical Kit"],"campfire_rested":2,"item_purchase_floors":[5,19,19],"current_hp_per_floor":[64,64,69,69,69,69,69,66,66,61,35,25,25,25,25,25,69,64,64,56,45,24,48,47,47,47,47,40,34,34,23,47,0,0],"gold":153,"neow_bonus":"THREE_ENEMY_KILL","is_daily":false,"chose_seed":false,"campfire_upgraded":3,"win_rate":0.0,"timestamp":1609939740,"path_taken":["M","?","?","?","$","E","R","?","T","?","E","M","M","M","R","BOSS","M","$","M","M","M","R","M","?","T","R","M","?","?","M","R","BOSS"],"items_purchased_type":["Card","Card","Relic"],"build_version":"2020-12-22","purchased_purges":2,"victory":false,"max_hp_per_floor":[71,71,76,76,76,76,76,76,76,76,76,76,76,76,76,76,82,82,82,82,82,82,82,82,82,82,82,82,82,82,82,82,82,82],"card_choices":[{"not_picked":["Coolheaded","Undo"],"picked":"Storm","floor":1},{"not_picked":["Steam","Chaos"],"picked":"Genetic Algorithm","floor":2},{"not_picked":["Steam","Barrage"],"picked":"Genetic Algorithm","floor":6},{"not_picked":["Blizzard","Double Energy"],"picked":"Ball Lightning","floor":8},{"not_picked":["Beam Cell","Fusion"],"picked":"Hello World","floor":11},{"not_picked":["Recycle","Stack"],"picked":"Go for the Eyes","floor":12},{"not_picked":["Steam","Rebound","Compile Driver"],"picked":"SKIP","floor":13},{"not_picked":["Streamline","Sweeping Beam","Coolheaded"],"picked":"SKIP","floor":14},{"not_picked":["Streamline","Sweeping Beam","Coolheaded"],"picked":"SKIP","floor":14},{"not_picked":["Machine Learning","Meteor Strike"],"picked":"Seek","floor":16},{"not_picked":["Cold Snap","Ball Lightning"],"picked":"Storm+1","floor":18},{"not_picked":["Beam Cell","Rip and Tear","Coolheaded"],"picked":"SKIP","floor":20},{"not_picked":["Melter","Compile Driver"],"picked":"Storm+1","floor":21},{"not_picked":["Rebound","Cold Snap+1","Leap"],"picked":"SKIP","floor":22},{"not_picked":["Sweeping Beam","Undo"],"picked":"Buffer+1","floor":24},{"not_picked":["Redo","Conserve Battery"],"picked":"Heatsinks+1","floor":28},{"not_picked":["Hologram+1","Redo","Beam Cell"],"picked":"SKIP","floor":30},{"not_picked":["Conserve Battery","Steam"],"picked":"Chaos","floor":31}],"player_experience":952493,"relics_obtained":[{"floor":4,"key":"Happy Flower"},{"floor":6,"key":"Bronze Scales"},{"floor":9,"key":"MawBank"},{"floor":11,"key":"Smiling Mask"},{"floor":17,"key":"Orichalcum"},{"floor":17,"key":"Frozen Egg 2"},{"floor":17,"key":"Torii"},{"floor":26,"key":"Du-Vu Doll"}],"event_choices":[{"damage_healed":0,"gold_gain":0,"player_choice":"Donut","damage_taken":0,"max_hp_gain":5,"max_hp_loss":0,"event_name":"Big Fish","floor":3,"gold_loss":0},{"damage_healed":0,"gold_gain":0,"player_choice":"Success","damage_taken":5,"relics_obtained":["Darkstone Periapt"],"max_hp_gain":0,"max_hp_loss":0,"event_name":"Scrap Ooze","floor":10,"gold_loss":0},{"damage_healed":0,"gold_gain":0,"player_choice":"Ignored","damage_taken":0,"max_hp_gain":0,"max_hp_loss":0,"event_name":"Vampires","floor":25,"gold_loss":0},{"damage_healed":0,"gold_gain":0,"player_choice":"","damage_taken":6,"max_hp_gain":0,"max_hp_loss":0,"event_name":"Knowing Skull","floor":29,"potions_obtained":[],"gold_loss":0,"cards_obtained":[]}],"is_beta":false,"boss_relics":[{"not_picked":["Empty Cage","Busted Crown"],"picked":"Calling Bell"}],"items_purged_floors":[5,19],"is_endless":false,"potions_floor_spawned":[6,11,13,14,16,20,22,30,31],"killed_by":"Champ","ascension_level":19}}