{"host":"jm9833yuloeli2yd","time":1609901980,"event":{"mods":["BaseMod","Better Altar","Better Match","Better Note","Better Sensory Stone","Better Skull","Better Third Choice","Better Vampires","BetterRewards","Colored Map","Colored Powertips","DeckTracker","Minty Spire (QoL Compilation)","Permanent Neow","Quick Restart","StSLib","SuperFastMode"],"gold_per_floor":[113,124,199,210,47,47,72,72,72,72,72,85,115,3,3,75,75,88,104,4,4,20,20,49,0,0,0,0],"floor_reached":27,"playtime":457,"items_purged":["Strike_B","Strike_B"],"score":478,"play_id":"5d75ec01-10bd-45fb-aa12-420d2745a13b","local_time":"20210105215940","is_ascension_mode":true,"campfire_choices":[{"data":"Static Discharge","floor":6.0,"key":"SMITH"},{"floor":8.0,"key":"REST"},{"data":"Zap","floor":11.0,"key":"SMITH"},{"data":"Consume","floor":15.0,"key":"SMITH"},{"data":"Static Discharge","floor":23.0,"key":"SMITH"}],"circlet_count":0,"master_deck":["AscendersBane","Strike_B","Strike_B","Defend_B","Defend_B","Defend_B","Defend_B","Zap+1","Dualcast","Electrodynamics","Static Discharge+1","Ball Lightning","Static Discharge+1","FTL","Amplify","Self Repair","Consume+1","Thunder Strike","Coolheaded","Leap+1","Necronomicurse","Coolheaded","FTL"],"relics":["Cracked Core","Runic Capacitor","Symbiotic Virus","Pear","Juzu Bracelet","Nuclear Battery","Necronomicon","Shovel","Bottled Flame"],"acts_visited":["Exordium","TheCity"],"potions_floor_usage":[],"damage_taken":[{"damage":0.0,"enemies":"2 Louse","floor":1.0,"turns":2.0},{"damage":3.0,"enemies":"Small Slimes","floor":2.0,"turns":3.0},{"damage":2.0,"enemies":"Jaw Worm","floor":4.0,"turns":3.0},{"damage":32.0,"enemies":"Gremlin Nob","floor":7.0,"turns":4.0},{"damage":7.0,"enemies":"2 Fungi Beasts","floor":12.0,"turns":2.0},{"damage":20.0,"enemies":"3 Sentries","floor":13.0,"turns":5.0},{"damage":13.0,"enemies":"Slime Boss","floor":16.0,"turns":5.0},{"damage":11.0,"enemies":"Chosen","floor":18.0,"turns":3.0},{"damage":10.0,"enemies":"Spheric Guardian","floor":19.0,"turns":4.0},{"damage":11.0,"enemies":"Snake Plant","floor":22.0,"turns":4.0},{"damage":40.0,"enemies":"Book of Stabbing","floor":24.0,"turns":3.0},{"damage":16,"enemies":"Gremlin Leader","floor":27,"turns":1}],"seed_played":"-2769950901433574714","potions_obtained":[{"floor":1.0,"key":"Strength Potion"},{"floor":12.0,"key":"SkillPotion"},{"floor":13.0,"key":"Weak Potion"},{"floor":18.0,"key":"ColorlessPotion"},{"floor":22.0,"key":"DuplicationPotion"}],"is_trial":false,"path_per_floor":["M","M","?","M","$","R","E","R","T","?","R","M","E","$","R","B",null,"M","M","$","?","M","R","E","?","T","E"],"character_chosen":"DEFECT","items_purchased":["Runic Capacitor","Consume"],"campfire_rested":1,"item_purchase_floors":[5,14],"current_hp_per_floor":[64,61,50,48,48,48,16,35,45,50,50,43,23,23,23,17,64,67,64,64,43,46,46,13,13,13,0,0],"gold":0,"neow_bonus":"THREE_RARE_CARDS","is_daily":false,"chose_seed":false,"campfire_upgraded":4,"win_rate":0.0,"timestamp":1609901980,"path_taken":["M","M","?","M","$","R","E","R","T","?","R","M","E","?","R","BOSS","M","M","$","?","M","R","E","?","T","E"],"items_purchased_type":["Relic","Card"],"build_version":"2020-12-22","purchased_purges":2,"victory":false,"max_hp_per_floor":[64,64,64,64,64,64,64,64,74,79,79,79,79,79,79,79,79,79,79,79,79,79,79,79,79,79,79,79],"card_choices":[{"not_picked":["Thunder Strike","Multi-Cast"],"picked":"Electrodynamics","floor":0.0},{"not_picked":["BootSequence","Gash"],"picked":"Static Discharge","floor":1.0},{"not_picked":["Leap","Stack"],"picked":"Ball Lightning","floor":2.0},{"not_picked":["Reprogram","Beam Cell"],"picked":"Static Discharge","floor":4.0},{"not_picked":["Reinforced Body","BootSequence"],"picked":"FTL","floor":7.0},{"not_picked":["Fusion","Beam Cell"],"picked":"Amplify","floor":12.0},{"not_picked":["Conserve Battery","Darkness"],"picked":"Self Repair","floor":13.0},{"not_picked":["Amplify","Meteor Strike"],"picked":"Thunder Strike","floor":16.0},{"not_picked":["Recycle","Gash"],"picked":"Coolheaded","floor":18.0},{"not_picked":["Ball Lightning+1","Barrage"],"picked":"Leap+1","floor":19.0},{"not_picked":["Beam Cell","Melter"],"picked":"Coolheaded","floor":22.0},{"not_picked":["Barrage+1","Doom and Gloom"],"picked":"FTL","floor":24.0}],"player_experience":1260393,"relics_obtained":[{"floor":7.0,"key":"Symbiotic Virus"},{"floor":9.0,"key":"Pear"},{"floor":13.0,"key":"Juzu Bracelet"},{"floor":21.0,"key":"Necronomicon"},{"floor":24.0,"key":"Shovel"},{"floor":26,"key":"Bottled Flame"}],"event_choices":[{"damage_healed":0.0,"max_hp_gain":0.0,"max_hp_loss":0.0,"gold_gain":75.0,"event_name":"betterThird:BetterGoop","player_choice":"Gold","floor":3.0,"gold_loss":0.0,"damage_taken":11.0},{"damage_healed":0.0,"max_hp_gain":5.0,"max_hp_loss":0.0,"gold_gain":0.0,"event_name":"Big Fish","player_choice":"Donut","floor":10.0,"gold_loss":0.0,"damage_taken":0.0},{"damage_healed":0.0,"max_hp_gain":0.0,"max_hp_loss":0.0,"gold_gain":0.0,"event_name":"Cursed Tome","player_choice":"Obtained Book","floor":21.0,"gold_loss":0.0,"damage_taken":21.0},{"damage_healed":0,"gold_gain":0,"player_choice":"Paid Fearfully","damage_taken":0,"max_hp_gain":0,"max_hp_loss":0,"event_name":"Masked Bandits","floor":25,"gold_loss":49}],"is_beta":false,"boss_relics":[{"not_picked":["Runic Pyramid","Busted Crown"],"picked":"Nuclear Battery"}],"items_purged_floors":[14,20],"is_endless":false,"potions_floor_spawned":[1,12,13,18,19,22],"killed_by":"Gremlin Leader","ascension_level":20}}