{"host":"d8hh7rr4yzitjeuj","time":1609914708,"event":{"mods":["2.2 Compatiblity","AchievementEnabler","Act Like it!","BaseMod","Colored Map","Colored Powertips","Highlight Path","Keyboard Shortcuts","Minty Spire (QoL Compilation)","Permanent Neow","Quick Restart","StSLib","SuperFastMode"],"gold_per_floor":[119,137,107,119,129,160,160,193,261,271,286,320,320,114,114,188,188,206,225,235,185,199,199,224,236,248,271,283,308,62,74,74,148,148,160,177,193,213,213,213,213],"floor_reached":40,"playtime":1781,"items_purged":["Strike_R"],"score":918,"play_id":"669df708-40de-4350-bc37-595f7b317a0c","local_time":"20210106153148","is_ascension_mode":true,"campfire_choices":[{"floor":15.0,"key":"REST"},{"floor":23.0,"key":"REST"},{"data":"Barricade","floor":25.0,"key":"SMITH"},{"data":"Evolve","floor":28.0,"key":"SMITH"},{"floor":32.0,"key":"REST"}],"circlet_count":0,"master_deck":["AscendersBane","Strike_R","Strike_R","Strike_R","Strike_R","Defend_R","Defend_R","Defend_R+1","Defend_R","Bash","Fiend Fire","Rage","Shrug It Off","True Grit","Armaments","Whirlwind","Intimidate+1","Headbutt","Second Wind","Power Through","Barricade+1","Body Slam","Burning Pact","Dual Wield+1","Evolve+1","Body Slam","Flame Barrier","Warcry+1","Feed"],"relics":["Burning Blood","Oddly Smooth Stone","WarpedTongs","FossilizedHelix","The Courier","Nunchaku","Red Skull","Velvet Choker","MawBank","Magic Flower","OrangePellets","Fusion Hammer"],"acts_visited":["Exordium","TheCity","TheBeyond"],"potions_floor_usage":[],"damage_taken":[{"damage":10.0,"enemies":"Small Slimes","floor":1.0,"turns":3.0},{"damage":0.0,"enemies":"Cultist","floor":2.0,"turns":2.0},{"damage":0.0,"enemies":"2 Louse","floor":4.0,"turns":3.0},{"damage":5.0,"enemies":"Red Slaver","floor":5.0,"turns":3.0},{"damage":29.0,"enemies":"3 Sentries","floor":6.0,"turns":12.0},{"damage":39.0,"enemies":"Gremlin Nob","floor":8.0,"turns":5.0},{"damage":2.0,"enemies":"Exordium Wildlife","floor":10.0,"turns":4.0},{"damage":7.0,"enemies":"Gremlin Gang","floor":11.0,"turns":8.0},{"damage":8.0,"enemies":"Lagavulin","floor":12.0,"turns":6.0},{"damage":6.0,"enemies":"Slime Boss","floor":16.0,"turns":11.0},{"damage":0.0,"enemies":"Chosen","floor":18.0,"turns":10.0},{"damage":8.0,"enemies":"2 Thieves","floor":19.0,"turns":3.0},{"damage":36.0,"enemies":"Snake Plant","floor":20.0,"turns":5.0},{"damage":37.0,"enemies":"Snecko","floor":22.0,"turns":8.0},{"damage":0.0,"enemies":"Gremlin Leader","floor":24.0,"turns":6.0},{"damage":0.0,"enemies":"Centurion and Healer","floor":27.0,"turns":7.0},{"damage":40.0,"enemies":"Snake Plant","floor":29.0,"turns":7.0},{"damage":5.0,"enemies":"Shelled Parasite and Fungi","floor":31.0,"turns":6.0},{"damage":22.0,"enemies":"Collector","floor":33.0,"turns":11.0},{"damage":0.0,"enemies":"3 Shapes","floor":35.0,"turns":5.0},{"damage":22.0,"enemies":"Orb Walker","floor":36.0,"turns":6.0},{"damage":71.0,"enemies":"Transient","floor":37.0,"turns":6.0},{"damage":5.0,"enemies":"Jaw Worm Horde","floor":38.0,"turns":4.0},{"damage":104,"enemies":"Giant Head","floor":40,"turns":8}],"seed_played":"-190602086654485612","potions_obtained":[{"floor":3.0,"key":"HeartOfIron"},{"floor":3.0,"key":"GamblersBrew"},{"floor":5.0,"key":"DistilledChaos"},{"floor":8.0,"key":"BlessingOfTheForge"},{"floor":10.0,"key":"AttackPotion"},{"floor":11.0,"key":"Block Potion"},{"floor":12.0,"key":"ColorlessPotion"},{"floor":18.0,"key":"DuplicationPotion"},{"floor":22.0,"key":"PowerPotion"},{"floor":33.0,"key":"Fruit Juice"},{"floor":36.0,"key":"Explosive Potion"},{"floor":38,"key":"Explosive Potion"}],"is_trial":false,"path_per_floor":["M","M","?","M","M","E","?","E","T","M","M","E","?","$","R","B",null,"M","M","M","?","M","R","E","R","T","M","R","M","$","M","R","B",null,"M","M","M","M","?","E"],"character_chosen":"IRONCLAD","items_purchased":["Power Through","Red Skull","OrangePellets","Flame Barrier"],"campfire_rested":3,"item_purchase_floors":[14,14,30,30],"current_hp_per_floor":[64,70,70,75,75,52,52,19,19,23,22,20,20,20,42,42,67,73,71,41,41,10,32,38,38,38,47,47,16,16,20,42,29,64,79,72,18,28,75,0,0],"gold":213,"neow_bonus":"ONE_RANDOM_RARE_CARD","is_daily":false,"chose_seed":false,"campfire_upgraded":2,"win_rate":0.0,"timestamp":1609914708,"path_taken":["M","M","?","M","?","E","?","E","T","?","M","E","?","?","R","BOSS","M","M","M","?","M","R","E","R","T","?","R","M","$","M","R","BOSS","M","M","?","M","?","E"],"items_purchased_type":["Card","Relic","Relic","Card"],"build_version":"2020-12-22","purchased_purges":1,"victory":false,"max_hp_per_floor":[75,75,75,75,75,75,75,75,75,75,75,75,75,75,75,75,75,75,75,75,75,75,75,75,75,75,75,75,75,75,75,75,75,75,79,83,88,92,75,75,75],"card_choices":[{"not_picked":["Iron Wave","Anger"],"picked":"Rage","floor":1.0},{"not_picked":["Headbutt","Body Slam"],"picked":"Shrug It Off","floor":2.0},{"not_picked":["Iron Wave","Warcry"],"picked":"True Grit","floor":4.0},{"not_picked":["Sentinel","Flex"],"picked":"Armaments","floor":5.0},{"not_picked":["Spot Weakness","Rupture"],"picked":"Whirlwind","floor":6.0},{"not_picked":["Havoc","Iron Wave"],"picked":"Intimidate","floor":8.0},{"not_picked":["Cleave","Warcry","Anger"],"picked":"SKIP","floor":10.0},{"not_picked":["True Grit","Spot Weakness"],"picked":"Headbutt","floor":11.0},{"not_picked":["Sword Boomerang","Reckless Charge"],"picked":"Second Wind","floor":12.0},{"not_picked":["Brutality","Berserk"],"picked":"Barricade","floor":16.0},{"not_picked":["Sentinel","Evolve"],"picked":"Body Slam","floor":18.0},{"not_picked":["Anger","Rampage","Clothesline"],"picked":"SKIP","floor":19.0},{"not_picked":["Cleave","Thunderclap","Reckless Charge"],"picked":"SKIP","floor":20.0},{"not_picked":["Warcry+1","Reckless Charge"],"picked":"Burning Pact","floor":22.0},{"not_picked":["Inflame","Barricade"],"picked":"Dual Wield+1","floor":24.0},{"not_picked":["Havoc","Cleave"],"picked":"Evolve","floor":27.0},{"not_picked":["Anger","Blood for Blood"],"picked":"Body Slam","floor":29.0},{"not_picked":["Ghostly Armor","Havoc+1"],"picked":"Warcry+1","floor":31.0},{"not_picked":["Demon Form","Reaper"],"picked":"Feed","floor":33.0},{"not_picked":["Seeing Red","Thunderclap","Flex"],"picked":"SKIP","floor":35.0},{"not_picked":["Havoc","Warcry+1","Second Wind"],"picked":"SKIP","floor":36.0},{"not_picked":["Pommel Strike","Twin Strike","Heavy Blade+1"],"picked":"SKIP","floor":37.0},{"not_picked":["Sentinel","True Grit+1","Armaments"],"picked":"SKIP","floor":38}],"player_experience":1412412,"relics_obtained":[{"floor":6.0,"key":"Oddly Smooth Stone"},{"floor":8.0,"key":"FossilizedHelix"},{"floor":9.0,"key":"The Courier"},{"floor":12.0,"key":"Nunchaku"},{"floor":24.0,"key":"MawBank"},{"floor":26.0,"key":"Magic Flower"}],"event_choices":[{"damage_healed":0.0,"max_hp_gain":0.0,"max_hp_loss":0.0,"gold_gain":0.0,"event_name":"The Woman in Blue","player_choice":"Bought 2 Potions","floor":3.0,"gold_loss":0.0,"damage_taken":0.0},{"damage_healed":0.0,"max_hp_gain":0.0,"max_hp_loss":0.0,"gold_gain":0.0,"event_name":"Accursed Blacksmith","player_choice":"Rummage","floor":7.0,"gold_loss":0.0,"damage_taken":0.0,"relics_obtained":["WarpedTongs"],"cards_obtained":["Pain"]},{"cards_removed":["Pain"],"damage_healed":0.0,"max_hp_gain":0.0,"max_hp_loss":0.0,"gold_gain":0.0,"event_name":"Living Wall","player_choice":"Forget","floor":13.0,"gold_loss":0.0,"damage_taken":0.0},{"damage_healed":0.0,"max_hp_gain":0.0,"max_hp_loss":0.0,"gold_gain":0.0,"event_name":"Designer","player_choice":"Upgraded Two","floor":21.0,"gold_loss":50.0,"damage_taken":0.0,"cards_upgraded":["Defend_R","Intimidate"]},{"damage_healed":75,"gold_gain":0,"player_choice":"Heal","damage_taken":0,"max_hp_gain":0,"max_hp_loss":17,"event_name":"The Moai Head","floor":39,"gold_loss":0}],"is_beta":false,"boss_relics":[{"not_picked":["Sozu","Busted Crown"],"picked":"Velvet Choker"},{"not_picked":["Cursed Key","Philosopher\u0027s Stone"],"picked":"Fusion Hammer"}],"items_purged_floors":[30],"is_endless":false,"potions_floor_spawned":[5,8,10,11,12,18,22,33,36,38],"killed_by":"Giant Head","ascension_level":20}}