{"host":"ox77rn1xcurm2t5a","time":1609974802,"event":{"mods":["2.2 Compatiblity","AchievementEnabler","Act Like it!","Aspiration","BaseMod","Best Route Mod","Better Match","Better Note","Better Sensory Stone","Block Reminder","Colored Map","Colored Powertips","Conjunction","Conspire","Custom Start","Energized Spire","GifTheSpireLib","Gold Saver","Gremlin Skip","Halation","Highlight Path","Hubris","Infinite Spire","Minty Spire (QoL Compilation)","Pale of the Ancients","Quick Restart","Replay The Spire","Reworked Bosses","ShortenTheSpire","Spire Exporter","StSLib","Stuff the Spire","Wandering Minibosses","vexMod"],"gold_per_floor":[110,110,110,110,127,127,160,173,226,226,239,269,1077,1109,1109,1117,1117],"floor_reached":16,"playtime":309,"items_purged":["Strike_B"],"score":229,"play_id":"822655fe-99d3-4103-a252-45c9a98df621","local_time":"20210107011322","is_ascension_mode":true,"campfire_choices":[{"floor":6,"key":"RECALL"},{"data":"Dualcast","floor":10,"key":"SMITH"},{"data":"Electrodynamics","floor":15,"key":"SMITH"}],"circlet_count":0,"master_deck":["AscendersBane","Strike_B","Strike_B","Strike_B","Defend_B","Defend_B","Defend_B","Defend_B","Zap+1","Dualcast+1","Electrodynamics+1"],"relics":["Cracked Core","NeowsBlessing","halation:Toothbrush","Symbiotic Virus","aspiration:HummingbirdHeart","StuffTheSpire:ColdMirror","Replay:Bandana"],"acts_visited":["Exordium"],"potions_floor_usage":[11,12,12,14,14],"damage_taken":[{"damage":0,"enemies":"2 Louse","floor":1,"turns":1},{"damage":0,"enemies":"Small Slimes","floor":5,"turns":1},{"damage":0,"enemies":"3 Sentries","floor":7,"turns":1},{"damage":2,"enemies":"Jaw Worm","floor":8,"turns":3},{"damage":0,"enemies":"2 Fungi Beasts","floor":11,"turns":2},{"damage":42,"enemies":"Gremlin Nob","floor":12,"turns":4},{"damage":6,"enemies":"3 Sentries","floor":14,"turns":5},{"damage":34,"enemies":"Slime Boss","floor":16,"turns":6}],"seed_played":"-5616077144002764714","potions_obtained":[{"floor":5,"key":"Energy Potion"},{"floor":8,"key":"Fire Potion"},{"floor":11,"key":"GamblersBrew"}],"is_trial":false,"path_per_floor":["M","?","?","?","M","R","E","M","T","R","M","E","$","E","R","B"],"character_chosen":"DEFECT","items_purchased":["aspiration:HummingbirdHeart","StuffTheSpire:ColdMirror","AttackPotion","FocusPotion"],"campfire_rested":0,"item_purchase_floors":[13,13,13,13],"current_hp_per_floor":[68,68,68,75,75,75,75,73,73,73,73,31,34,28,28,0,0],"gold":1117,"neow_bonus":"THREE_ENEMY_KILL","is_daily":false,"chose_seed":false,"campfire_upgraded":2,"win_rate":0.0,"timestamp":1609974802,"path_taken":["M","?","?","?","M","R","E","M","T","R","M","E","$","E","R","BOSS"],"items_purchased_type":["Relic","Relic","Potion","Potion"],"build_version":"2020-12-22","purchased_purges":1,"victory":false,"max_hp_per_floor":[75,75,75,75,75,75,75,75,75,75,75,75,78,78,78,78,78],"card_choices":[{"not_picked":["Redo","Rebound","Hologram"],"picked":"SKIP","floor":1},{"not_picked":["BasicCrystalCard","ReplayTheSpireMod:GoodbyeWorld","Hologram"],"picked":"SKIP","floor":5},{"not_picked":["Fission","Conserve Battery","Aggregate"],"picked":"SKIP","floor":7},{"not_picked":["BasicCrystalCard","Consume","Hologram"],"picked":"SKIP","floor":8},{"not_picked":["Beam Cell","Steam","Aggregate"],"picked":"SKIP","floor":11},{"not_picked":["Time Bomb","ReplayTheSpireMod:Repulse","Static Discharge"],"picked":"SKIP","floor":12},{"not_picked":["Recycle","Panic Button"],"picked":"Electrodynamics","floor":14}],"player_experience":2946175,"relics_obtained":[{"floor":7,"key":"halation:Toothbrush"},{"floor":12,"key":"Symbiotic Virus"},{"floor":14,"key":"Replay:Bandana"}],"event_choices":[{"damage_healed":0,"gold_gain":1,"player_choice":"1","damage_taken":0,"max_hp_gain":0,"max_hp_loss":0,"event_name":"betterStone:BetterStone","floor":2,"gold_loss":0}],"is_beta":false,"boss_relics":[],"items_purged_floors":[13],"is_endless":false,"potions_floor_spawned":[5,8,11],"killed_by":"Slime Boss","ascension_level":12}}