{"host":"52jmisti11ysmja4","time":1609916110,"event":{"mods":["Aspiration","BaseMod","Minty Spire (QoL Compilation)","Remove Card Discount Mod","StSLib"],"gold_per_floor":[112,112,125,140,46,77,87,115,138,166,184,359,359,359,359,462,462,476,493,493,513,513,513],"floor_reached":22,"playtime":1092,"items_purged":["Defend_P","Defend_P","Defend_P","Defend_P","Strike_P","Strike_P"],"score":398,"play_id":"3c09c536-c943-4465-a2c8-dea0619d7c7d","local_time":"20210105225510","is_ascension_mode":true,"campfire_choices":[{"data":"Adaptation","floor":13.0,"key":"SMITH"},{"data":"Eruption","floor":15.0,"key":"SMITH"}],"circlet_count":0,"master_deck":["Strike_P","Strike_P","Eruption+1","Vigilance","Halt","Halt","Adaptation+1","JustLucky","Weave","Tantrum","Weave","ClearTheMind+1","Halt+1","Prostrate+1","DevaForm+1","JustLucky","Crescendo+1","Prostrate+1"],"relics":["PureWater","NeowsBlessing","Matryoshka","Toxic Egg 2","Bronze Scales","aspiration:HiddenCompartment","Ancient Tea Set","Fusion Hammer"],"acts_visited":["Exordium","TheCity"],"potions_floor_usage":[],"damage_taken":[{"damage":0.0,"enemies":"Jaw Worm","floor":1.0,"turns":1.0},{"damage":0.0,"enemies":"Cultist","floor":3.0,"turns":1.0},{"damage":0.0,"enemies":"2 Louse","floor":4.0,"turns":2.0},{"damage":19.0,"enemies":"3 Sentries","floor":6.0,"turns":4.0},{"damage":0.0,"enemies":"Blue Slaver","floor":7.0,"turns":1.0},{"damage":0.0,"enemies":"Lagavulin","floor":8.0,"turns":3.0},{"damage":0.0,"enemies":"Gremlin Nob","floor":10.0,"turns":2.0},{"damage":0.0,"enemies":"Lots of Slimes","floor":11.0,"turns":3.0},{"damage":0.0,"enemies":"Slime Boss","floor":16.0,"turns":4.0},{"damage":6.0,"enemies":"Spheric Guardian","floor":18.0,"turns":3.0},{"damage":0.0,"enemies":"2 Thieves","floor":19.0,"turns":3.0},{"damage":0.0,"enemies":"Sentry and Sphere","floor":21.0,"turns":3.0},{"damage":37,"enemies":"Centurion and Healer","floor":22,"turns":6}],"seed_played":"-5640371445284882104","potions_obtained":[{"floor":3.0,"key":"Explosive Potion"},{"floor":6.0,"key":"AttackPotion"},{"floor":8.0,"key":"FearPotion"},{"floor":18.0,"key":"Explosive Potion"}],"is_trial":false,"path_per_floor":["M","?","M","M","$","E","M","E","T","E","M","?","R","?","R","B",null,"M","M","?","M","M"],"character_chosen":"WATCHER","items_purchased":["JustLucky","Weave"],"campfire_rested":0,"item_purchase_floors":[5,5],"current_hp_per_floor":[65,65,65,65,65,46,46,46,46,46,46,46,46,46,46,46,66,60,60,60,60,23,23],"gold":513,"neow_bonus":"THREE_ENEMY_KILL","is_daily":false,"chose_seed":false,"campfire_upgraded":2,"win_rate":0.0,"timestamp":1609916110,"path_taken":["M","?","?","M","$","E","M","E","T","E","M","?","R","?","R","BOSS","M","M","?","M","?"],"items_purchased_type":["Card","Card"],"build_version":"2020-12-22","purchased_purges":6,"victory":false,"max_hp_per_floor":[72,72,72,72,72,72,72,72,72,72,72,72,72,72,72,72,72,72,72,72,72,72,72],"card_choices":[{"not_picked":["SandsOfTime","BowlingBash"],"picked":"Halt","floor":1.0},{"not_picked":["SignatureMove","FearNoEvil"],"picked":"Halt","floor":3.0},{"not_picked":["Protect","FollowUp"],"picked":"Adaptation","floor":4.0},{"not_picked":["Pray","BowlingBash"],"picked":"Tantrum","floor":6.0},{"not_picked":["Prostrate","Conclude"],"picked":"Weave","floor":7.0},{"not_picked":["Prostrate+1","Consecrate"],"picked":"ClearTheMind+1","floor":8.0},{"not_picked":["Evaluate+1","WaveOfTheHand+1"],"picked":"Halt+1","floor":10.0},{"not_picked":["Omniscience+1","Nirvana"],"picked":"Prostrate+1","floor":11.0},{"not_picked":["Omniscience+1","Scrawl+1"],"picked":"DevaForm","floor":16.0},{"not_picked":["ForeignInfluence+1","BowlingBash"],"picked":"JustLucky","floor":18.0},{"not_picked":["EmptyBody+1","Halt+1"],"picked":"Crescendo+1","floor":19.0},{"not_picked":["WaveOfTheHand+1","ClearTheMind+1"],"picked":"Prostrate+1","floor":21.0}],"player_experience":452049,"relics_obtained":[{"floor":6.0,"key":"Matryoshka"},{"floor":8.0,"key":"Toxic Egg 2"},{"floor":9.0,"key":"Bronze Scales"},{"floor":9.0,"key":"aspiration:HiddenCompartment"},{"floor":10.0,"key":"Ancient Tea Set"}],"event_choices":[{"damage_healed":0.0,"max_hp_gain":0.0,"max_hp_loss":0.0,"gold_gain":0.0,"event_name":"The Woman in Blue","player_choice":"Bought 0 Potions","floor":2.0,"gold_loss":0.0,"damage_taken":0.0},{"damage_healed":0.0,"max_hp_gain":0.0,"max_hp_loss":0.0,"gold_gain":175.0,"event_name":"betterThird:BetterSerpent","player_choice":"AGREE","floor":12.0,"gold_loss":0.0,"damage_taken":184.0},{"cards_removed":["Doubt"],"damage_healed":0.0,"max_hp_gain":0.0,"max_hp_loss":0.0,"gold_gain":0.0,"event_name":"Living Wall","player_choice":"Forget","floor":14.0,"gold_loss":0.0,"damage_taken":0.0},{"damage_healed":0.0,"max_hp_gain":0.0,"max_hp_loss":0.0,"gold_gain":0.0,"event_name":"Accursed Blacksmith","player_choice":"Forge","floor":20.0,"gold_loss":0.0,"damage_taken":0.0,"cards_upgraded":["DevaForm"]}],"is_beta":false,"boss_relics":[{"not_picked":["aspiration:FutureDiary","Empty Cage"],"picked":"Fusion Hammer"}],"items_purged_floors":[5,5,5,5,5,5],"is_endless":false,"potions_floor_spawned":[3,6,8,18],"killed_by":"Centurion and Healer","ascension_level":6}}