{"host":"x3q4ieql2tr7v8o6","time":1609933428,"event":{"mods":["BaseMod","Better Altar","Better Note","Better Sensory Stone","Better Skull","Better Third Choice","Colored Map","Minty Spire (QoL Compilation)","StSLib"],"gold_per_floor":[112,124,124,143,0,29,49,49,49,49,65,85,85,105,105,182,182,199,210,25,25,42,42,42,42,42,42,74,92,108,85,85,85,85],"floor_reached":33,"playtime":1039,"items_purged":["Strike_G"],"score":444,"play_id":"fc845d56-8897-4d7e-88fe-c91cf1229708","local_time":"20210106114348","is_ascension_mode":true,"campfire_choices":[{"floor":8,"key":"REST"},{"floor":10,"key":"REST"},{"floor":15,"key":"REST"},{"floor":23,"key":"REST"},{"floor":25,"key":"REST"},{"data":"Apotheosis","floor":27,"key":"SMITH"},{"floor":32,"key":"REST"}],"circlet_count":0,"master_deck":["AscendersBane","Strike_G","Strike_G","Defend_G","Defend_G+1","Defend_G","Defend_G","Defend_G","Survivor+1","Neutralize","Bouncing Flask","Bane","Apotheosis+1","Backflip","Reflex","Noxious Fumes","Bane","Catalyst","Accuracy","Terror","Burst","Deflect","Blade Dance","Deadly Poison","Mind Blast","PiercingWail","Blade Dance","Calculated Gamble","PiercingWail","Sucker Punch"],"relics":["Ring of the Snake","NeowsBlessing","Vajra","Potion Belt","War Paint","Philosopher\u0027s Stone","Shuriken","Frozen Egg 2"],"acts_visited":["Exordium","TheCity"],"potions_floor_usage":[7,7,16,19,22,30],"damage_taken":[{"damage":0,"enemies":"Cultist","floor":1,"turns":1},{"damage":0,"enemies":"2 Louse","floor":2,"turns":1},{"damage":0,"enemies":"Small Slimes","floor":4,"turns":1},{"damage":37,"enemies":"Gremlin Nob","floor":6,"turns":4},{"damage":25,"enemies":"Gremlin Gang","floor":7,"turns":6},{"damage":17,"enemies":"Exordium Thugs","floor":11,"turns":5},{"damage":10,"enemies":"Exordium Wildlife","floor":12,"turns":5},{"damage":3,"enemies":"Looter","floor":14,"turns":5},{"damage":20,"enemies":"Slime Boss","floor":16,"turns":6},{"damage":1,"enemies":"Spheric Guardian","floor":18,"turns":3},{"damage":27,"enemies":"3 Byrds","floor":19,"turns":5},{"damage":15,"enemies":"Snake Plant","floor":22,"turns":3},{"damage":31,"enemies":"Slavers","floor":28,"turns":8},{"damage":11,"enemies":"Cultist and Chosen","floor":29,"turns":4},{"damage":6,"enemies":"Centurion and Healer","floor":30,"turns":5},{"damage":35,"enemies":"Automaton","floor":33,"turns":6}],"seed_played":"-7839668659739980243","potions_obtained":[{"floor":1,"key":"LiquidMemories"},{"floor":4,"key":"DuplicationPotion"},{"floor":11,"key":"DistilledChaos"},{"floor":14,"key":"Explosive Potion"},{"floor":18,"key":"Weak Potion"},{"floor":28,"key":"BlessingOfTheForge"}],"is_trial":false,"path_per_floor":["M","M","?","M","$","E","M","R","T","R","M","M","?","M","R","B",null,"M","M","$","?","M","R","$","R","T","R","E","M","M","$","R","B"],"character_chosen":"THE_SILENT","items_purchased":["Vajra","Deadly Poison","Mind Blast","Sucker Punch"],"campfire_rested":6,"item_purchase_floors":[5,20,20,31],"current_hp_per_floor":[63,63,63,63,63,26,1,22,22,43,26,16,16,13,34,14,56,55,28,28,28,13,34,34,55,55,55,24,13,7,7,28,0,0],"gold":85,"neow_bonus":"THREE_ENEMY_KILL","is_daily":false,"chose_seed":false,"campfire_upgraded":1,"win_rate":0.0,"timestamp":1609933428,"path_taken":["M","?","?","M","$","E","M","R","T","R","?","M","?","?","R","BOSS","M","M","$","?","?","R","$","R","T","R","E","M","M","?","R","BOSS"],"items_purchased_type":["Relic","Card","Card","Card"],"build_version":"2020-12-22","purchased_purges":1,"victory":false,"max_hp_per_floor":[70,70,70,70,70,70,70,70,70,70,70,70,70,70,70,70,70,70,70,70,70,70,70,70,70,70,70,70,70,70,70,70,70,70],"card_choices":[{"not_picked":["Blade Dance","Dagger Spray"],"picked":"Bouncing Flask","floor":1},{"not_picked":["Quick Slash","Sucker Punch"],"picked":"Bane","floor":2},{"not_picked":["Sadistic Nature","Discovery"],"picked":"Apotheosis","floor":3},{"not_picked":["Dodge and Roll","Well Laid Plans"],"picked":"Backflip","floor":4},{"not_picked":["Quick Slash","Dagger Throw"],"picked":"Reflex","floor":6},{"not_picked":["Quick Slash","Riddle With Holes"],"picked":"Noxious Fumes","floor":7},{"not_picked":["Quick Slash","All Out Attack"],"picked":"Bane","floor":11},{"not_picked":["Dodge and Roll","Outmaneuver"],"picked":"Catalyst","floor":12},{"not_picked":["Slice","PiercingWail"],"picked":"Terror","floor":14},{"not_picked":["Phantasmal Killer","Glass Knife"],"picked":"Burst","floor":16},{"not_picked":["Well Laid Plans","Reflex"],"picked":"Deflect","floor":18},{"not_picked":["Slice","Outmaneuver"],"picked":"Blade Dance","floor":19},{"not_picked":["Concentrate","Backflip"],"picked":"PiercingWail","floor":22},{"not_picked":["Blur","Tactician"],"picked":"Blade Dance","floor":28},{"not_picked":["PiercingWail","Deadly Poison"],"picked":"Calculated Gamble","floor":29},{"not_picked":["Slice","Underhanded Strike"],"picked":"PiercingWail","floor":30}],"player_experience":696205,"relics_obtained":[{"floor":6,"key":"Potion Belt"},{"floor":9,"key":"War Paint"},{"floor":26,"key":"Shuriken"},{"floor":28,"key":"Frozen Egg 2"}],"event_choices":[{"damage_healed":0,"gold_gain":1,"player_choice":"1","damage_taken":0,"max_hp_gain":0,"max_hp_loss":0,"event_name":"betterStone:BetterStone","floor":3,"gold_loss":0},{"damage_healed":0,"gold_gain":0,"cards_transformed":["Strike_G"],"player_choice":"Transformed","damage_taken":0,"max_hp_gain":0,"max_hp_loss":0,"event_name":"Transmorgrifier","floor":13,"gold_loss":0,"cards_obtained":["Accuracy"]},{"cards_removed":["Strike_G"],"damage_healed":0,"gold_gain":0,"player_choice":"Purged","damage_taken":0,"max_hp_gain":0,"max_hp_loss":0,"event_name":"Purifier","floor":21,"gold_loss":0}],"is_beta":false,"boss_relics":[{"not_picked":["Tiny House","HoveringKite"],"picked":"Philosopher\u0027s Stone"}],"items_purged_floors":[20],"is_endless":false,"potions_floor_spawned":[1,4,11,14,18,28],"killed_by":"Automaton","ascension_level":13}}