{"host":"w3q5ijqu8eoknil3","time":1609965942,"event":{"mods":["AchievementEnabler","BaseMod","Block Reminder","Colored Powertips","Curses Come First","Minty Spire (QoL Compilation)","Quick Restart","Relic Stats","StSLib","ojb\u0027s Better Paths Mod","ojb\u0027s Info Mod","slay the spire mod where everything is the same but ironclad has a cowboy hat"],"gold_per_floor":[109,109,109,127,141,172,172,184,210,210,242,242,7,7,7,83,83,94,112,112,124,43,43,76,88,100,112,124,166,93,26,26,26,26],"floor_reached":33,"playtime":1104,"items_purged":["Strike_G"],"score":720,"play_id":"22dba82f-6f2f-4fc5-8d26-1505e9034a25","local_time":"20210106204542","is_ascension_mode":true,"campfire_choices":[{"data":"Backstab","floor":7.0,"key":"SMITH"},{"floor":10.0,"key":"REST"},{"data":"Blade Dance","floor":12,"key":"SMITH"},{"data":"A Thousand Cuts","floor":15,"key":"SMITH"},{"data":"Bouncing Flask","floor":23,"key":"SMITH"},{"data":"Concentrate","floor":25,"key":"SMITH"},{"floor":27,"key":"REST"},{"floor":32,"key":"REST"}],"circlet_count":0,"master_deck":["AscendersBane","Strike_G","Strike_G","Defend_G","Defend_G","Defend_G","Defend_G","Defend_G","Survivor","Neutralize","Underhanded Strike","Deadly Poison","Backstab+1","Flying Knee","Bullet Time","Blade Dance+1","A Thousand Cuts+1","Die Die Die","CurseOfTheBell","Poisoned Stab","Bouncing Flask+1","Masterful Stab+1","Concentrate+1","Backflip","Cloak And Dagger","Corpse Explosion"],"relics":["Runic Pyramid","Art of War","Regal Pillow","Centennial Puzzle","Snake Skull","Calling Bell","Blood Vial","StrikeDummy","CaptainsWheel","MawBank","Juzu Bracelet","Akabeko","Potion Belt"],"acts_visited":["Exordium","TheCity"],"potions_floor_usage":[21,24,29,33],"damage_taken":[{"damage":1.0,"enemies":"Small Slimes","floor":1.0,"turns":4.0},{"damage":7.0,"enemies":"Jaw Worm","floor":4.0,"turns":3.0},{"damage":1.0,"enemies":"Cultist","floor":5.0,"turns":4.0},{"damage":29.0,"enemies":"Gremlin Nob","floor":6.0,"turns":5.0},{"damage":0.0,"enemies":"Exordium Wildlife","floor":8.0,"turns":2.0},{"damage":12,"enemies":"3 Sentries","floor":11,"turns":9},{"damage":35,"enemies":"The Guardian","floor":16,"turns":9},{"damage":6,"enemies":"Spheric Guardian","floor":18,"turns":3},{"damage":0,"enemies":"Chosen","floor":19,"turns":5},{"damage":19,"enemies":"Centurion and Healer","floor":21,"turns":4},{"damage":17,"enemies":"Gremlin Leader","floor":24,"turns":4},{"damage":12,"enemies":"Book of Stabbing","floor":29,"turns":4},{"damage":62,"enemies":"Automaton","floor":33,"turns":6}],"seed_played":"-2285359419725066908","potions_obtained":[{"floor":5.0,"key":"SkillPotion"},{"floor":6.0,"key":"PowerPotion"},{"floor":24,"key":"AttackPotion"},{"floor":29,"key":"DistilledChaos"}],"is_trial":false,"path_per_floor":["M","?","?","M","M","E","R","M","T","R","E","R","$","?","R","B",null,"M","M","?","M","$","R","E","R","T","R","?","E","?","$","R","B"],"character_chosen":"THE_SILENT","items_purchased":["Snake Skull","Concentrate","Corpse Explosion"],"campfire_rested":3,"item_purchase_floors":[13,22,31],"current_hp_per_floor":[58,58,58,51,50,21,21,21,21,55,43,43,43,43,43,8,52,48,50,46,29,29,29,14,14,14,48,30,20,20,20,56,0,0],"gold":26,"neow_bonus":"BOSS_RELIC","is_daily":false,"chose_seed":false,"campfire_upgraded":5,"win_rate":0.0,"timestamp":1609965942,"path_taken":["M","?","?","?","M","E","R","M","T","R","E","R","$","?","R","BOSS","M","M","?","M","?","R","E","R","T","R","?","E","?","$","R","BOSS"],"items_purchased_type":["Relic","Card","Card"],"build_version":"2020-12-22","purchased_purges":1,"victory":false,"max_hp_per_floor":[66,66,66,66,66,66,66,66,66,66,66,66,66,66,66,66,66,66,66,66,66,66,66,66,66,66,66,71,71,71,71,71,71,71],"relic_stats":{"Blood Vial":12,"Regal Pillow":45,"Centennial Puzzle":[18],"counters":[13,62],"Snake Skull":[47],"Art of War":[2],"Juzu Bracelet":0,"MawBank":84,"obtain_stats":[{"Potion Belt":30,"Regal Pillow":9,"Snake Skull":13,"Juzu Bracelet":26,"MawBank":24,"Akabeko":29,"Calling Bell":17,"Blood Vial":17,"Centennial Puzzle":11,"CaptainsWheel":17,"Art of War":6,"StrikeDummy":17,"Ring of the Snake":0,"Runic Pyramid":0},{"Potion Belt":12,"Regal Pillow":5,"Snake Skull":6,"Juzu Bracelet":11,"MawBank":11,"Akabeko":12,"Calling Bell":7,"Blood Vial":7,"Centennial Puzzle":6,"CaptainsWheel":7,"Art of War":4,"StrikeDummy":7,"Ring of the Snake":0,"Runic Pyramid":0},{"Potion Belt":56,"Regal Pillow":18,"Snake Skull":27,"Juzu Bracelet":52,"MawBank":52,"Akabeko":56,"Calling Bell":36,"Blood Vial":36,"Centennial Puzzle":27,"CaptainsWheel":36,"Art of War":16,"StrikeDummy":36,"Ring of the Snake":0,"Runic Pyramid":0}]},"card_choices":[{"not_picked":["PiercingWail","Expertise"],"picked":"Underhanded Strike","floor":1.0},{"not_picked":["Infinite Blades","Underhanded Strike"],"picked":"Deadly Poison","floor":4.0},{"not_picked":["Well Laid Plans","Dagger Throw"],"picked":"Backstab","floor":5.0},{"not_picked":["Outmaneuver","Deflect"],"picked":"Flying Knee","floor":6.0},{"not_picked":["Riddle With Holes","Slice"],"picked":"Bullet Time","floor":8.0},{"not_picked":["Bane","Heel Hook"],"picked":"Blade Dance","floor":11},{"not_picked":["Tools of the Trade","Wraith Form v2"],"picked":"Die Die Die","floor":16},{"not_picked":["Infinite Blades","Dagger Spray"],"picked":"Poisoned Stab","floor":18},{"not_picked":["Slice","Terror+1"],"picked":"Bouncing Flask","floor":19},{"not_picked":["Underhanded Strike","Quick Slash"],"picked":"Masterful Stab+1","floor":21},{"not_picked":["Dagger Throw+1","Heel Hook"],"picked":"Backflip","floor":24},{"not_picked":["Flying Knee","Concentrate"],"picked":"Cloak And Dagger","floor":29}],"player_experience":948992,"relics_obtained":[{"floor":6.0,"key":"Art of War"},{"floor":9.0,"key":"Regal Pillow"},{"floor":11,"key":"Centennial Puzzle"},{"floor":17,"key":"Blood Vial"},{"floor":17,"key":"StrikeDummy"},{"floor":17,"key":"CaptainsWheel"},{"floor":24,"key":"MawBank"},{"floor":26,"key":"Juzu Bracelet"},{"floor":29,"key":"Akabeko"}],"event_choices":[{"damage_healed":0.0,"max_hp_gain":0.0,"max_hp_loss":0.0,"gold_gain":0.0,"event_name":"The Cleric","player_choice":"Leave","floor":2.0,"gold_loss":0.0,"damage_taken":0.0},{"cards_removed":["Strike_G"],"damage_healed":0.0,"max_hp_gain":0.0,"max_hp_loss":0.0,"gold_gain":0.0,"event_name":"Bonfire Elementals","player_choice":"Offered Basic","floor":3.0,"gold_loss":0.0,"damage_taken":0.0},{"damage_healed":0,"gold_gain":0,"cards_transformed":["Strike_G"],"player_choice":"Transformed","damage_taken":0,"max_hp_gain":0,"max_hp_loss":0,"event_name":"Transmorgrifier","floor":14,"gold_loss":0,"cards_obtained":["A Thousand Cuts"]},{"damage_healed":0,"gold_gain":0,"player_choice":"Bought 0 Potions","damage_taken":0,"max_hp_gain":0,"max_hp_loss":0,"event_name":"The Woman in Blue","floor":20,"gold_loss":0},{"damage_healed":0,"gold_gain":0,"player_choice":"Shed Blood","damage_taken":23,"max_hp_gain":5,"max_hp_loss":0,"event_name":"Forgotten Altar","floor":28,"gold_loss":0},{"damage_healed":0,"gold_gain":0,"player_choice":"Obtained Relic","damage_taken":0,"relics_obtained":["Potion Belt"],"max_hp_gain":0,"max_hp_loss":0,"event_name":"Addict","floor":30,"gold_loss":85}],"is_beta":false,"boss_relics":[{"not_picked":["Snecko Eye","Black Star"],"picked":"Calling Bell"}],"items_purged_floors":[13],"is_endless":false,"potions_floor_spawned":[5,6,8,19,24,29],"killed_by":"Automaton","ascension_level":17}}