{"host":"0jugj35n0ams2iav","time":1609949939,"event":{"mods":["BaseMod","Downfall","Hubris","Minty Spire (QoL Compilation)","Replay The Spire","StSLib","The Cursed","The Marked"],"gold_per_floor":[99,119,134,134,146,156,156,141,66,66,18,18,18,18,34,133,133,133,148,148,60,60,48,48,64,64,81,81,98,113,31,47,147,147,147,164,76,96,108,26,51,61,79,109,109,92,92,302,118,18],"floor_reached":51,"playtime":7790,"items_purged":["Guardian:Aged","Parasite"],"score":702,"play_id":"3fea6f3e-3a8b-48e4-ad1a-1bf6ba8bdb7c","local_time":"20210106161859","is_ascension_mode":false,"campfire_choices":[{"data":"Guardian:TwinSlam","floor":1.0,"key":"SMITH"},{"data":"Guardian:BronzeOrb","floor":9.0,"key":"SMITH"},{"data":"Guardian:SpikerProtocol","floor":18.0,"key":"SMITH"},{"data":"Guardian:SentryBeam","floor":26.0,"key":"SMITH"},{"data":"Guardian:EvasiveProtocol","floor":28.0,"key":"SMITH"},{"floor":35.0,"key":"DIG"},{"data":"Guardian:ShieldCharger","floor":47,"key":"SMITH"}],"circlet_count":0,"master_deck":["Guardian:Defend_Guardian","Guardian:Defend_Guardian","Guardian:Defend_Guardian","Guardian:Defend_Guardian","Guardian:CurlUp+1","Guardian:TwinSlam+1","Guardian:BronzeOrb+1","Guardian:SphericShield+1","Guardian:SpikerProtocol+1","Guardian:SentryBeam+1","Guardian:FastForward","Bite","Bite","Bite","Bite","Bite","Guardian:TwinSlam+1","Guardian:VentSteam","Guardian:EvasiveProtocol+1","Guardian:Reroute+1","Guardian:TimeSifter","Guardian:Harden+1","Guardian:SphericShield","Guardian:Clone+1","Guardian:Reroute","Guardian:CrystalBeam","Guardian:Planning+1","Guardian:ShieldCharger+1","Guardian:Suspension+1","ReplayTheSpireMod:IOU","ReplayTheSpireMod:IOU","Guardian:Repulse","Guardian:SpikerProtocol","Guardian:Gem_Red","Guardian:Gem_White"],"relics":["Guardian:ModeShifter","Replay:Wax Seal","Bronze Scales","downfall:HeartBlessingBlue","hubris:Towel","Shuriken","hubris:ScarierMask","Replay:Baseball","DollysMirror","Mercury Hourglass","Replay:Bronze Core","hubris:MedicalManual","Blue Doll","Replay:Kaleidoscope","Guardian:StasisEgg","Incense Burner"],"acts_visited":["Exordium","TheCity","TheBeyond"],"potions_floor_usage":[44],"damage_taken":[{"damage":0.0,"enemies":"Jaw Worm","floor":2.0,"turns":4.0},{"damage":0.0,"enemies":"Cultist","floor":3.0,"turns":3.0},{"damage":0.0,"enemies":"Small Slimes","floor":5.0,"turns":3.0},{"damage":2.0,"enemies":"2 Fungi Beasts","floor":6.0,"turns":4.0},{"damage":0.0,"enemies":"downfall:FleeingMerchant","floor":8.0,"turns":4.0},{"damage":0.0,"enemies":"downfall:FleeingMerchant","floor":11.0,"turns":4.0},{"damage":7.0,"enemies":"Large Slime","floor":15.0,"turns":5.0},{"damage":16.0,"enemies":"downfall:Watcher","floor":16.0,"turns":9.0},{"damage":4.0,"enemies":"Spheric Guardian","floor":19.0,"turns":4.0},{"damage":0.0,"enemies":"3 Byrds","floor":21.0,"turns":2.0},{"damage":5.0,"enemies":"downfall:FleeingMerchant","floor":23.0,"turns":4.0},{"damage":13.0,"enemies":"Snecko","floor":25.0,"turns":6.0},{"damage":12.0,"enemies":"Snake Plant","floor":27.0,"turns":3.0},{"damage":0.0,"enemies":"Centurion and Healer","floor":29.0,"turns":4.0},{"damage":7.0,"enemies":"3 Cultists","floor":30.0,"turns":4.0},{"damage":0.0,"enemies":"Shelled Parasite and Fungi","floor":31.0,"turns":4.0},{"damage":0.0,"enemies":"Chosen and Byrds","floor":32.0,"turns":4.0},{"damage":23.0,"enemies":"downfall:Ironclad","floor":33.0,"turns":9.0},{"damage":6.0,"enemies":"Orb Walker","floor":36.0,"turns":5.0},{"damage":4.0,"enemies":"3 Shapes","floor":37.0,"turns":6.0},{"damage":15.0,"enemies":"Transient","floor":38.0,"turns":5.0},{"damage":0.0,"enemies":"4 Shapes","floor":39.0,"turns":5.0},{"damage":0.0,"enemies":"Maw","floor":40.0,"turns":8.0},{"damage":5,"enemies":"Writhing Mass","floor":42,"turns":4},{"damage":1,"enemies":"Sphere and 2 Shapes","floor":43,"turns":3},{"damage":14,"enemies":"Giant Head","floor":44,"turns":10},{"damage":8,"enemies":"downfall:FleeingMerchant","floor":46,"turns":5},{"damage":0,"enemies":"downfall:FleeingMerchant","floor":48,"turns":3},{"damage":15,"enemies":"Jaw Worm Horde","floor":49,"turns":4},{"damage":3,"enemies":"downfall:Defect","floor":50,"turns":7}],"seed_played":"-467435360751359362","potions_obtained":[{"floor":5.0,"key":"Energy Potion"},{"floor":6.0,"key":"Elixir"},{"floor":21.0,"key":"SteroidPotion"},{"floor":25.0,"key":"sneckomod:MuddlingPotion"},{"floor":27.0,"key":"BlessingOfTheForge"},{"floor":36.0,"key":"Dexterity Potion"},{"floor":40.0,"key":"champ:CounterPotion"},{"floor":43,"key":"Reflective Coating"},{"floor":44,"key":"Energy Potion"}],"is_trial":false,"path_per_floor":["R","M","M","?","M","M","T","$","R","?","$","?","?","T","M","B",null,"R","M","?","M","?","$","T","M","R","M","R","M","M","M","M","B",null,"R","M","M","M","M","M","T","M","M","E","?","$","R","$","M","B",null],"character_chosen":"GUARDIAN","items_purchased":["Replay:Wax Seal","Bronze Scales","Guardian:SpikerProtocol","Replay:Baseball","DollysMirror","Guardian:Suspension+1","Incense Burner","Guardian:SpikerProtocol","Guardian:Gem_Red"],"campfire_rested":0,"item_purchase_floors":[8,8,11,23,23,46,46,48,48],"current_hp_per_floor":[88,88,88,88,88,86,86,86,96,96,96,101,101,101,94,78,103,103,99,72,72,72,71,71,66,66,62,62,68,69,72,72,65,72,72,66,70,57,65,72,72,69,70,60,60,56,56,56,45,50],"gold":18,"neow_bonus":"TEN_PERCENT_HP_BONUS","is_daily":false,"chose_seed":false,"campfire_upgraded":6,"win_rate":0.0,"timestamp":1609949939,"path_taken":["R","M","M","?","M","?","T","?","R","?","$","?","?","?","M","BOSS","R","M","?","M","?","?","T","M","R","M","R","M","?","M","M","BOSS","R","M","M","M","M","M","T","M","M","E","?","$","R","$","M","BOSS"],"items_purchased_type":["Relic","Relic","Card","Relic","Relic","Card","Relic","Card","Card"],"build_version":"2020-12-22","purchased_purges":2,"victory":true,"max_hp_per_floor":[88,88,88,88,88,88,88,88,98,98,98,103,103,103,103,103,103,103,103,72,72,72,72,72,72,72,72,72,72,72,72,72,72,72,72,72,72,72,72,72,72,72,72,72,72,72,72,69,69,69],"card_choices":[{"not_picked":["Guardian:Recover","Guardian:TemporalShield"],"picked":"Guardian:Gem_White","floor":2.0},{"not_picked":["Guardian:PrimingBeam","Guardian:FloatingOrbs","Guardian:RollAttack"],"picked":"SKIP","floor":3.0},{"not_picked":["Guardian:Gem_Fragmented","Guardian:WalkerClaw","Guardian:Planning"],"picked":"SKIP","floor":5.0},{"not_picked":["Guardian:PrismaticBarrier","Guardian:RefractedBeam"],"picked":"Guardian:BronzeOrb","floor":6.0},{"not_picked":["Guardian:Gem_Lightblue","Guardian:BaubleBeam"],"picked":"Guardian:TimeCapacitor","floor":8.0},{"not_picked":["Guardian:Gem_Cyan","Guardian:TemporalStrike"],"picked":"Guardian:Gem_Synthetic","floor":11.0},{"not_picked":["Guardian:TemporalStrike","Guardian:DonusPower"],"picked":"Guardian:SentryBeam","floor":15.0},{"not_picked":["Guardian:ExploitGems","Guardian:SphericShield"],"picked":"Guardian:FastForward","floor":16.0},{"not_picked":["Guardian:Suspension+1","Guardian:TemporalStrike"],"picked":"Guardian:Gem_White","floor":19.0},{"not_picked":["Guardian:DecasProtection+1","Guardian:Incinerate","Guardian:WalkerClaw+1"],"picked":"SKIP","floor":21.0},{"not_picked":["Guardian:PrimingBeam","Guardian:TemporalStrike"],"picked":"Guardian:Gem_Green","floor":23.0},{"not_picked":["Guardian:PiercingHide+1","Guardian:BronzeOrb"],"picked":"Guardian:VentSteam","floor":25.0},{"not_picked":["Guardian:VentSteam+1","Guardian:CrystalBeam"],"picked":"Guardian:EvasiveProtocol","floor":27.0},{"not_picked":["Guardian:Incinerate+1","Guardian:Gem_Cyan"],"picked":"Guardian:Reroute+1","floor":29.0},{"not_picked":["Guardian:Gem_Lightblue","Guardian:Preprogram"],"picked":"Guardian:Gem_Blue","floor":30.0},{"not_picked":["Guardian:Incinerate+1","Guardian:FloatingOrbs+1"],"picked":"Guardian:TimeSifter","floor":31.0},{"not_picked":["Guardian:Gem_Crimson","Guardian:Suspension+1"],"picked":"Guardian:Harden+1","floor":32.0},{"not_picked":["Guardian:TimeSifter","Guardian:FastForward"],"picked":"Guardian:SphericShield","floor":33.0},{"not_picked":["Guardian:Suspension","Guardian:Incinerate"],"picked":"Guardian:Clone+1","floor":36.0},{"not_picked":["Guardian:FloatingOrbs","Guardian:TemporalStrike+1"],"picked":"Guardian:Reroute","floor":37.0},{"not_picked":["Guardian:Gem_Crimson","Guardian:TimeBomb"],"picked":"Guardian:CrystalBeam","floor":38.0},{"not_picked":["Guardian:FloatingOrbs","Guardian:CrystalBeam","Guardian:DecasProtection"],"picked":"SKIP","floor":39.0},{"not_picked":["Guardian:Gem_Lightblue","Guardian:TemporalShield","Guardian:Gem_Red"],"picked":"SKIP","floor":40.0},{"not_picked":["Guardian:AncientConstruct","Guardian:GuardianWhirl+1","Guardian:PrimingBeam+1"],"picked":"SKIP","floor":42},{"not_picked":["Guardian:WalkerClaw+1","Guardian:Suspension"],"picked":"Guardian:Planning+1","floor":43},{"not_picked":["Guardian:PiercingHide+1","Guardian:RollAttack+1"],"picked":"Guardian:Gem_White","floor":44},{"not_picked":["Guardian:BronzeOrb+1","Guardian:Gem_Cyan"],"picked":"Guardian:ShieldCharger","floor":46},{"not_picked":["Guardian:RollAttack+1","Guardian:Gem_Green"],"picked":"Guardian:Repulse","floor":48},{"not_picked":["Guardian:RollAttack","Guardian:VentSteam+1"],"picked":"Guardian:Gem_White","floor":49}],"player_experience":108115,"relics_obtained":[{"floor":14.0,"key":"Shuriken"},{"floor":24.0,"key":"Mercury Hourglass"},{"floor":35.0,"key":"hubris:MedicalManual"},{"floor":41.0,"key":"Blue Doll"},{"floor":44,"key":"Replay:Kaleidoscope"}],"event_choices":[{"cards_removed":["Guardian:Gem_White"],"damage_healed":0.0,"max_hp_gain":0.0,"max_hp_loss":0.0,"gold_gain":0.0,"event_name":"Bonfire Elementals","player_choice":"Offered Uncommon","floor":4.0,"gold_loss":0.0,"damage_taken":0.0},{"damage_healed":0.0,"max_hp_gain":5.0,"max_hp_loss":0.0,"gold_gain":0.0,"event_name":"Big Fish","player_choice":"Donut","floor":12.0,"gold_loss":0.0,"damage_taken":0.0},{"damage_healed":0.0,"max_hp_gain":0.0,"max_hp_loss":31.0,"gold_gain":0.0,"event_name":"Vampires","player_choice":"Became a vampire","floor":20.0,"gold_loss":0.0,"damage_taken":0.0,"cards_obtained":["Bite","Bite","Bite","Bite","Bite"]}],"is_beta":false,"boss_relics":[{"not_picked":["Runic Pyramid","Fusion Hammer"],"picked":"hubris:ScarierMask"},{"not_picked":["hubris:RunicObelisk","ReplayTheSpireMod:DimensionalGlitch"],"picked":"Replay:Bronze Core"}],"items_purged_floors":[46,48],"is_endless":false,"potions_floor_spawned":[5,6,21,25,27,29,32,36,40,43,44],"ascension_level":0}}