{"host":"xjswtcr3kbf32wgr","time":1609911701,"event":{"mods":["Act Like it!","Arknights The Spire","Aspiration","BaseMod","Dota2Spire","Downfall","Lobotomy","Minty Spire (QoL Compilation)","MostiFishMod","Replay The Spire","Ryuuou¡˙Õı","Shop Mod","StSLib","The Cursed","UnlockEverythingMod","Waifu the Spire","[IsaacMod]“‘»ˆº‚À˛","vexMod"],"gold_per_floor":[99,110,126,146,166,166,166,179,29,46,46,46,17,33,48,150,150,150,60,160,174,194,229,229,229,110,110,145,145,160,160,171,273,273,198,209,209,209,226,241,265,281,314,329,329,346,346,67,86,86,86,111,91,91,91,91],"floor_reached":55,"playtime":2832,"items_purged":["TheCursedMod:Strike_TheCursed"],"score":883,"play_id":"3d2004f9-38e0-4f69-a06c-f0f12819b8cb","local_time":"20210106134141","is_ascension_mode":false,"campfire_choices":[{"floor":1,"key":"RECALL"},{"data":"TheCursedMod:CleanUpWorkshop","floor":9,"key":"SMITH"},{"data":"TheCursedMod:CircleOfFlame","floor":18,"key":"SMITH"},{"floor":27,"key":"REST"},{"data":"TheCursedMod:SpitefulStrike","floor":35,"key":"SMITH"},{"data":"TheCursedMod:VitalStrike","floor":45,"key":"SMITH"},{"data":"TheCursedMod:StingEye","floor":47,"key":"SMITH"},{"data":"TheCursedMod:CursedMace","floor":54,"key":"SMITH"}],"circlet_count":0,"master_deck":["TheCursedMod:Strike_TheCursed+1","TheCursedMod:Defend_TheCursed+1","TheCursedMod:Defend_TheCursed+1","TheCursedMod:Defend_TheCursed+1","TheCursedMod:Defend_TheCursed+1","TheCursedMod:CursedWand","TheCursedMod:CleanUpWorkshop+1","TheCursedMod:Dregs","TheCursedMod:Stigma","TheCursedMod:CursedShiv","TheCursedMod:VitalStrike+1","TheCursedMod:Stigma","TheCursedMod:RapidMovement","TheCursedMod:CircleOfFlame+1","TheCursedMod:CircleOfCorruption","TheCursedMod:CollectTribute","TheCursedMod:SpitefulStrike+1","TheCursedMod:Grudge","TheCursedMod:CircleOfCorruption","TheCursedMod:SpitefulStrike+1","TheCursedMod:CursedShiv+1","TheCursedMod:CursedBlade","expansioncontent:AwakenDeath","TheCursedMod:CursedBlade+1","TheCursedMod:AbyssShockwave+1","TheCursedMod:VitalStrike+1","TheCursedMod:SpitefulPray+1","TheCursedMod:StingEye+1","TheCursedMod:CursedMace","TheCursedMod:CursedMace+1"],"relics":["HushsDoor","KeepersGift","DaveBox","JellyFishMachine","Dota2Spire:LinkenSphere","downfall:HeartBlessingBlue","downfall:HeartBlessingRed","Ring of Hypnosis","ReplayTheSpireMod:Ring of Collecting","ShadowXiaoBlade","OriginationStaff","StrikeDummy","The Courier","Shuriken","MerchantsRug","BookofShadows","Dota2Spire:DrumOfEndurance","Orichalcum","OneHitWonderSystem","downfall:HeartBlessingGreen","Dota2Spire:MantaStyle","ReplayTheSpireMod:Ring of Exchange","PreservedInsect","SynthV:C4","aspiration:HatOfInfinitePower","Chameleon Ring"],"acts_visited":["Exordium","TheCity","TheBeyond","TheEnding"],"potions_floor_usage":[23,23,23,32,55,55,55],"damage_taken":[{"damage":1,"enemies":"Jaw Worm","floor":2,"turns":4},{"damage":0,"enemies":"Small Slimes","floor":3,"turns":3},{"damage":0,"enemies":"Cultist","floor":4,"turns":3},{"damage":2,"enemies":"Looter","floor":5,"turns":3},{"damage":0,"enemies":"2 Fungi Beasts","floor":8,"turns":3},{"damage":2,"enemies":"Gremlin Gang","floor":10,"turns":4},{"damage":3,"enemies":"Exordium Wildlife","floor":14,"turns":4},{"damage":5,"enemies":"Exordium Thugs","floor":15,"turns":3},{"damage":46,"enemies":"Hexaghost","floor":16,"turns":8},{"damage":0,"enemies":"downfall:FleeingMerchant","floor":19,"turns":4},{"damage":26,"enemies":"downfall:Defect","floor":20,"turns":5},{"damage":12,"enemies":"Shell Parasite","floor":21,"turns":3},{"damage":0,"enemies":"Spheric Guardian","floor":22,"turns":1},{"damage":22,"enemies":"Replay:Snechameleon","floor":23,"turns":2},{"damage":0,"enemies":"downfall:FleeingMerchant","floor":26,"turns":4},{"damage":12,"enemies":"Gremlin Leader","floor":28,"turns":4},{"damage":27,"enemies":"Snake Plant","floor":30,"turns":3},{"damage":0,"enemies":"Centurion and Healer","floor":32,"turns":3},{"damage":6,"enemies":"downfall:Watcher","floor":33,"turns":4},{"damage":0,"enemies":"Orb Walker","floor":36,"turns":3},{"damage":0,"enemies":"3 Darklings","floor":39,"turns":4},{"damage":0,"enemies":"Writhing Mass","floor":40,"turns":4},{"damage":0,"enemies":"Sphere and 2 Shapes","floor":42,"turns":2},{"damage":0,"enemies":"R_Hoarder","floor":43,"turns":4},{"damage":0,"enemies":"Spire Growth","floor":44,"turns":4},{"damage":0,"enemies":"Writhing Mass","floor":46,"turns":3},{"damage":0,"enemies":"Transient","floor":49,"turns":5},{"damage":0,"enemies":"downfall:Silent","floor":50,"turns":4},{"damage":0,"enemies":"downfall:CharBossMerchant","floor":52,"turns":5},{"damage":25,"enemies":"LittleHush","floor":55,"turns":14}],"seed_played":"-2718000006727957672","potions_obtained":[{"floor":2,"key":"Strength Potion"},{"floor":4,"key":"hexamod:EctoCoolerPotion"},{"floor":14,"key":"SteroidPotion"},{"floor":23,"key":"LiquidBronze"},{"floor":28,"key":"SpeedPotion"},{"floor":30,"key":"Block Potion"},{"floor":33,"key":"FearPotion"},{"floor":39,"key":"Strength Potion"}],"is_trial":false,"path_per_floor":["R","M","M","M","M","?","T","M","R","M","?","?","?","M","M","B",null,"R","$","?","M","M","E","T","?","$","R","E","?","M","?","M","B",null,"R","M","?","?","M","M","T","M","E","M","R","M","R","$","M","B",null,"E","$","R","B"],"character_chosen":"THE_CURSED","items_purchased":["MerchantsRug","BookofShadows","Dota2Spire:DrumOfEndurance","aspiration:HatOfInfinitePower","TheCursedMod:CursedMace","TheCursedMod:CursedMace"],"campfire_rested":1,"item_purchase_floors":[26,26,26,48,48,53],"current_hp_per_floor":[75,74,74,74,72,60,60,60,70,68,68,68,68,65,60,14,85,85,85,59,47,47,25,25,25,25,50,38,38,11,19,19,13,1,1,1,1,1,1,1,1,1,1,1,1,1,1,1,1,1,1,1,1,1,0,0],"gold":91,"neow_bonus":"BOSS_RELIC","is_daily":false,"chose_seed":false,"campfire_upgraded":6,"win_rate":0.0,"timestamp":1609911701,"path_taken":["R","M","M","M","M","?","T","?","R","M","?","?","?","?","M","BOSS","R","$","?","M","M","E","T","?","$","R","E","?","?","?","M","BOSS","R","M","?","?","M","?","T","M","E","M","R","M","R","$","M","BOSS","E","$","R","BOSS"],"items_purchased_type":["Relic","Relic","Relic","Relic","Card","Card"],"build_version":"2020-12-22","purchased_purges":1,"victory":false,"max_hp_per_floor":[75,75,75,75,75,75,75,75,85,85,85,85,85,85,85,85,85,85,85,85,85,85,85,85,85,85,85,85,85,85,85,85,85,1,1,1,1,1,1,1,1,1,1,1,1,1,1,1,1,1,1,1,1,1,1,1],"card_choices":[{"not_picked":["TheCursedMod:Torture","TheCursedMod:LuckyCharm"],"picked":"TheCursedMod:Stigma","floor":2},{"not_picked":["TheCursedMod:VitalStrike","TheCursedMod:Mangle"],"picked":"TheCursedMod:CursedShiv","floor":3},{"not_picked":["TheCursedMod:Torture","TheCursedMod:ManaCirculation"],"picked":"TheCursedMod:VitalStrike","floor":4},{"not_picked":["TheCursedMod:RavingStaff","TheCursedMod:SaltUponWound"],"picked":"TheCursedMod:Stigma","floor":5},{"not_picked":["TheCursedMod:VitalStrike","TheCursedMod:WearCloak","TheCursedMod:SmokeScreen"],"picked":"SKIP","floor":8},{"not_picked":["TheCursedMod:Stigma","TheCursedMod:DoubleShield"],"picked":"TheCursedMod:RapidMovement","floor":10},{"not_picked":["TheCursedMod:Torture","TheCursedMod:Stretching"],"picked":"TheCursedMod:CircleOfFlame","floor":14},{"not_picked":["TheCursedMod:SoulReap","TheCursedMod:SmokeScreen"],"picked":"TheCursedMod:CircleOfCorruption","floor":15},{"not_picked":["TheCursedMod:ParallelWorld","TheCursedMod:OutForBlood"],"picked":"TheCursedMod:CollectTribute","floor":16},{"not_picked":["TheCursedMod:CursedRelics","TheCursedMod:CircleOfCorruption","TheCursedMod:CursedAmulet"],"picked":"SKIP","floor":19},{"not_picked":["TheCursedMod:CircleOfBlood","TheCursedMod:Obscuration","TheCursedMod:FleshFromBone+1"],"picked":"SKIP","floor":21},{"not_picked":["TheCursedMod:Torture","TheCursedMod:CursedMace"],"picked":"TheCursedMod:SpitefulStrike+1","floor":22},{"not_picked":["TheCursedMod:DarkBarrier","TheCursedMod:CursedAmulet+1","TheCursedMod:Evocation"],"picked":"SKIP","floor":23},{"not_picked":["TheCursedMod:CursedMace+1","TheCursedMod:BlessingInDisguise","TheCursedMod:BloodBarrier+1"],"picked":"SKIP","floor":26},{"not_picked":["TheCursedMod:CursedMace","TheCursedMod:FleshFromBone"],"picked":"TheCursedMod:SpitefulStrike","floor":28},{"not_picked":["TheCursedMod:CircleOfFlame","TheCursedMod:WearCloak"],"picked":"TheCursedMod:CursedShiv+1","floor":30},{"not_picked":["TheCursedMod:FleshFromBone","TheCursedMod:SurpriseAttack+1"],"picked":"TheCursedMod:CursedBlade","floor":32},{"not_picked":["TheCursedMod:EmpowerCircles","TheCursedMod:CircleOfAmplification","TheCursedMod:CircleOfFlame+1"],"picked":"SKIP","floor":36},{"not_picked":["expansioncontent:BronzeBeam","expansioncontent:DecasProtection"],"picked":"expansioncontent:AwakenDeath","floor":38},{"not_picked":["TheCursedMod:Wield","TheCursedMod:RavingStaff","TheCursedMod:CursedMace"],"picked":"SKIP","floor":39},{"not_picked":["TheCursedMod:CursedShiv","TheCursedMod:RapidMovement+1"],"picked":"TheCursedMod:CursedBlade+1","floor":40},{"not_picked":["TheCursedMod:Stretching+1","TheCursedMod:Torture+1"],"picked":"TheCursedMod:AbyssShockwave+1","floor":42},{"not_picked":["TheCursedMod:Stretching","TheCursedMod:CursedBoomerang"],"picked":"TheCursedMod:VitalStrike+1","floor":43},{"not_picked":["TheCursedMod:DemonSword","TheCursedMod:RapidMovement+1"],"picked":"TheCursedMod:SpitefulPray+1","floor":44},{"not_picked":["TheCursedMod:CursedSpellbook","TheCursedMod:Mangle+1"],"picked":"TheCursedMod:StingEye","floor":46},{"not_picked":["TheCursedMod:CircleOfFlame+1","TheCursedMod:RapidMovement+1","TheCursedMod:TroublousMinions"],"picked":"SKIP","floor":49},{"not_picked":["TheCursedMod:DoubleShield+1","TheCursedMod:CircleOfFlame","TheCursedMod:CursedArmor+1"],"picked":"SKIP","floor":52}],"player_experience":384158,"relics_obtained":[{"floor":11,"key":"Ring of Hypnosis"},{"floor":11,"key":"ReplayTheSpireMod:Ring of Collecting"},{"floor":20,"key":"OriginationStaff"},{"floor":20,"key":"StrikeDummy"},{"floor":23,"key":"The Courier"},{"floor":24,"key":"Shuriken"},{"floor":28,"key":"Orichalcum"},{"floor":37,"key":"Dota2Spire:MantaStyle"},{"floor":41,"key":"ReplayTheSpireMod:Ring of Exchange"},{"floor":41,"key":"PreservedInsect"},{"floor":43,"key":"SynthV:C4"},{"floor":52,"key":"Chameleon Ring"}],"event_choices":[{"damage_healed":0,"gold_gain":0,"player_choice":"Success","damage_taken":12,"relics_obtained":["Dota2Spire:LinkenSphere"],"max_hp_gain":0,"max_hp_loss":0,"event_name":"Scrap Ooze","floor":6,"gold_loss":0},{"damage_healed":0,"gold_gain":0,"player_choice":"Left Gold","damage_taken":0,"max_hp_gain":0,"max_hp_loss":0,"event_name":"World of Goop","floor":13,"gold_loss":29},{"damage_healed":0,"gold_gain":0,"cards_transformed":["TheCursedMod:Strike_TheCursed","TheCursedMod:Strike_TheCursed"],"player_choice":"Became Test Subject","damage_taken":0,"max_hp_gain":0,"max_hp_loss":0,"event_name":"Drug Dealer","floor":25,"gold_loss":0,"cards_obtained":["TheCursedMod:Grudge","TheCursedMod:CircleOfCorruption"]},{"damage_healed":0,"gold_gain":0,"player_choice":"Simplicity","damage_taken":0,"max_hp_gain":0,"max_hp_loss":0,"event_name":"Back to Basics","floor":29,"gold_loss":0,"cards_upgraded":["TheCursedMod:Strike_TheCursed","TheCursedMod:Defend_TheCursed","TheCursedMod:Defend_TheCursed","TheCursedMod:Defend_TheCursed","TheCursedMod:Defend_TheCursed"]}],"is_beta":false,"boss_relics":[{"not_picked":["vexMod:RockOfEvil","Sozu"],"picked":"ShadowXiaoBlade"},{"not_picked":[]},{"not_picked":["Replay:Drink Me","RhineCircuit"],"picked":"OneHitWonderSystem"},{"not_picked":[]}],"items_purged_floors":[19],"is_endless":false,"potions_floor_spawned":[2,4,14,15,16,22,23,28,30,33,36,39,42,46,52],"killed_by":"LittleHush","ascension_level":0}}