{"host":"ufl0k2so27eic2iy","time":1609941703,"event":{"mods":["BaseMod","Minty Spire (QoL Compilation)","StSLib","The Animator"],"gold_per_floor":[119,119,39,59,87,139,175,175,223,264,264,264,277,296,296,296,296],"floor_reached":16,"playtime":613,"items_purged":[],"score":196,"play_id":"5ba60191-facd-480e-af3d-bc69a04cd9fa","local_time":"20210106140143","is_ascension_mode":true,"campfire_choices":[{"data":"animator:DolaSchwi","floor":8,"key":"SMITH"},{"floor":12,"key":"REST"},{"data":"animator:Saber","floor":15,"key":"SMITH"}],"circlet_count":0,"master_deck":["AscendersBane","animator:Strike_Fate","animator:Defend_Fate","animator:Strike","animator:Strike","animator:Strike","animator:Defend","animator:Defend","animator:Defend","animator:Alexander","animator:Rider","animator:DolaSchwi+1","animator:Saber+1","animator:MarisaKirisame","animator:TukaLunaMarceau","animator:Archer","animator:Benimaru","animator:TukaLunaMarceau","animator:LeleiLaLalena","animator:Caster"],"relics":["animator:LivingPicture","animator:TheMissingPiece","Golden Idol","HornCleat","animator:WornHelmet","Question Card"],"acts_visited":["Exordium"],"potions_floor_usage":[6],"damage_taken":[{"damage":8,"enemies":"Small Slimes","floor":1,"turns":6},{"damage":4,"enemies":"Jaw Worm","floor":4,"turns":4},{"damage":1,"enemies":"Cultist","floor":5,"turns":3},{"damage":15,"enemies":"Lagavulin","floor":6,"turns":8},{"damage":6,"enemies":"Blue Slaver","floor":7,"turns":4},{"damage":15,"enemies":"3 Sentries","floor":10,"turns":6},{"damage":2,"enemies":"Exordium Wildlife","floor":13,"turns":4},{"damage":3,"enemies":"Exordium Thugs","floor":14,"turns":4},{"damage":29,"enemies":"The Guardian","floor":16,"turns":8}],"seed_played":"6108979091733358590","potions_obtained":[{"floor":4,"key":"Block Potion"},{"floor":10,"key":"Ancient Potion"},{"floor":14,"key":"SpeedPotion"}],"is_trial":false,"path_per_floor":["M","?","$","M","M","E","M","R","T","E","?","R","M","M","R","B"],"character_chosen":"THE_ANIMATOR","items_purchased":["animator:Saber"],"campfire_rested":1,"item_purchase_floors":[3],"current_hp_per_floor":[52,52,52,48,47,32,26,26,26,11,11,29,28,26,26,0,0],"gold":296,"neow_bonus":"TEN_PERCENT_HP_BONUS","is_daily":false,"chose_seed":true,"campfire_upgraded":2,"win_rate":0.0,"timestamp":1609941703,"path_taken":["M","?","?","M","M","E","M","R","T","E","?","R","M","M","R","BOSS"],"items_purchased_type":["Card"],"build_version":"2020-12-22","purchased_purges":0,"victory":false,"max_hp_per_floor":[66,60,60,60,60,60,60,60,60,60,60,60,61,62,62,62,62],"card_choices":[{"not_picked":["animator:Vesta","animator:YaoHaDucy"],"picked":"animator:DolaSchwi","floor":1},{"not_picked":["animator:HiiragiShinya","animator:Hakurou"],"picked":"animator:MarisaKirisame","floor":4},{"not_picked":["animator:YuiTsuruno","animator:Alexander"],"picked":"animator:TukaLunaMarceau","floor":5},{"not_picked":["animator:Rider","animator:ShinjiMatou"],"picked":"animator:Archer","floor":6},{"not_picked":["animator:Mikaela","animator:YuiTsuruno"],"picked":"animator:Benimaru","floor":7},{"not_picked":["animator:ReimuHakurei","animator:Shion"],"picked":"animator:TukaLunaMarceau","floor":10},{"not_picked":["animator:Rider","animator:Jibril","animator:IrohaTamaki"],"picked":"animator:LeleiLaLalena","floor":13},{"not_picked":["animator:Illya","animator:Assassin","animator:Rider"],"picked":"animator:Caster","floor":14}],"player_experience":2406743,"relics_obtained":[{"floor":6,"key":"HornCleat"},{"floor":9,"key":"animator:WornHelmet"},{"floor":10,"key":"Question Card"}],"event_choices":[{"damage_healed":0,"gold_gain":0,"player_choice":"Lose Max HP","damage_taken":0,"relics_obtained":["Golden Idol"],"max_hp_gain":0,"max_hp_loss":6,"event_name":"Golden Idol","floor":2,"gold_loss":0},{"damage_healed":0,"gold_gain":0,"player_choice":"Ignored","damage_taken":0,"max_hp_gain":0,"max_hp_loss":0,"event_name":"Shining Light","floor":11,"gold_loss":0}],"is_beta":false,"boss_relics":[],"items_purged_floors":[],"is_endless":false,"potions_floor_spawned":[4,10,14],"killed_by":"The Guardian","ascension_level":15}}