{"host":"005oipbkxhicanek","time":1609971756,"event":{"mods":["AchievementEnabler","BaseMod","Colored Map","Colored Powertips","Minty Spire (QoL Compilation)"],"gold_per_floor":[113,113,131,149,74,102,122,155,204,204,229,241,241,258,258,356,356,371,371,114,125,135,153,28,43,43,43,43,43],"floor_reached":28,"playtime":982,"items_purged":["Strike_R","Strike_R","Strike_R"],"score":266,"play_id":"700b072f-819a-41c4-95a3-edb3a44a69a2","local_time":"20210106232236","is_ascension_mode":true,"campfire_choices":[{"floor":10,"key":"REST"},{"floor":13,"key":"REST"},{"data":"Armaments","floor":15,"key":"SMITH"}],"circlet_count":0,"master_deck":["Strike_R","Strike_R","Defend_R","Defend_R","Defend_R","Defend_R","Bash","Rampage","Clash","Armaments+1","Shrug It Off","Metallicize","Ghostly Armor","Demon Form","Clumsy"],"relics":["Cursed Key","Letter Opener","Question Card","Dream Catcher","PreservedInsect","Busted Crown","PrismaticShard","Bottled Lightning","Ornamental Fan"],"acts_visited":["Exordium","TheCity"],"potions_floor_usage":[11],"damage_taken":[{"damage":5,"enemies":"Small Slimes","floor":1,"turns":3},{"damage":1,"enemies":"Cultist","floor":3,"turns":3},{"damage":2,"enemies":"Jaw Worm","floor":4,"turns":3},{"damage":29,"enemies":"3 Sentries","floor":6,"turns":8},{"damage":5,"enemies":"Gremlin Gang","floor":7,"turns":3},{"damage":21,"enemies":"Lagavulin","floor":8,"turns":5},{"damage":22,"enemies":"Gremlin Nob","floor":11,"turns":5},{"damage":5,"enemies":"Lots of Slimes","floor":12,"turns":3},{"damage":0,"enemies":"Looter","floor":14,"turns":3},{"damage":14,"enemies":"Hexaghost","floor":16,"turns":12},{"damage":21,"enemies":"Spheric Guardian","floor":18,"turns":6},{"damage":13,"enemies":"3 Byrds","floor":21,"turns":4},{"damage":9,"enemies":"Snecko","floor":22,"turns":5},{"damage":16,"enemies":"Snake Plant","floor":23,"turns":4},{"damage":19,"enemies":"Cultist and Chosen","floor":25,"turns":7},{"damage":10,"enemies":"Snecko","floor":28,"turns":2}],"seed_played":"2029799305262362619","potions_obtained":[{"floor":1,"key":"LiquidBronze"},{"floor":8,"key":"BlessingOfTheForge"},{"floor":11,"key":"SteroidPotion"},{"floor":12,"key":"Weak Potion"}],"is_trial":false,"path_per_floor":["M","?","M","M","$","E","M","E","T","R","E","M","R","M","R","B",null,"M","?","$","M","M","M","$","M","T","?","M"],"character_chosen":"IRONCLAD","items_purchased":["PrismaticShard"],"campfire_rested":2,"item_purchase_floors":[20],"current_hp_per_floor":[75,75,74,72,72,43,38,17,17,41,19,14,38,38,38,24,80,59,59,59,46,37,21,21,2,2,2,0,0],"gold":43,"neow_bonus":"BOSS_RELIC","is_daily":false,"chose_seed":false,"campfire_upgraded":1,"win_rate":0.0,"timestamp":1609971756,"path_taken":["M","?","M","?","$","E","M","E","T","R","E","M","R","M","R","BOSS","M","?","$","M","M","?","?","M","T","?","?"],"items_purchased_type":["Relic"],"build_version":"2020-12-22","purchased_purges":3,"victory":false,"max_hp_per_floor":[80,80,80,80,80,80,80,80,80,80,80,80,80,80,80,80,80,80,80,80,80,80,80,80,80,80,80,80,80],"card_choices":[{"not_picked":["Ghostly Armor","Body Slam"],"picked":"Rampage","floor":1},{"not_picked":["Fire Breathing","Flex","Second Wind"],"picked":"SKIP","floor":3},{"not_picked":["Entrench","Intimidate"],"picked":"Clash","floor":4},{"not_picked":["Twin Strike","Sword Boomerang","Flex"],"picked":"SKIP","floor":6},{"not_picked":["Rupture","Clothesline"],"picked":"Armaments","floor":7},{"not_picked":["Clothesline","Whirlwind"],"picked":"Shrug It Off","floor":8},{"not_picked":["Offering","Pummel","Perfected Strike"],"picked":"Metallicize","floor":11},{"not_picked":["True Grit","Intimidate","Iron Wave","Infernal Blade"],"picked":"SKIP","floor":12},{"not_picked":["Iron Wave","Body Slam","Power Through"],"picked":"Ghostly Armor","floor":13},{"not_picked":["Searing Blow","Perfected Strike","Rage","Heavy Blade"],"picked":"SKIP","floor":14},{"not_picked":["Feed","Offering","Reaper"],"picked":"Demon Form","floor":16},{"not_picked":["Carnage","Cleave"],"picked":"SKIP","floor":18},{"not_picked":["EmptyBody","FlurryOfBlows"],"picked":"SKIP","floor":21},{"not_picked":["Jack Of All Trades","Armaments+1"],"picked":"SKIP","floor":22},{"not_picked":["Pummel","Pommel Strike"],"picked":"SKIP","floor":23},{"not_picked":["Nirvana","Turbo"],"picked":"SKIP","floor":25}],"player_experience":125275,"relics_obtained":[{"floor":6,"key":"Letter Opener"},{"floor":8,"key":"Question Card"},{"floor":9,"key":"Dream Catcher"},{"floor":11,"key":"PreservedInsect"},{"floor":26,"key":"Bottled Lightning"}],"event_choices":[{"damage_healed":0,"gold_gain":0,"player_choice":"Bought 0 Potions","damage_taken":0,"max_hp_gain":0,"max_hp_loss":0,"event_name":"The Woman in Blue","floor":2,"gold_loss":0},{"cards_removed":["Injury"],"damage_healed":0,"gold_gain":0,"player_choice":"Purged","damage_taken":0,"max_hp_gain":0,"max_hp_loss":0,"event_name":"Purifier","floor":19,"gold_loss":0},{"damage_healed":0,"gold_gain":0,"player_choice":"Gave Potion","damage_taken":0,"relics_obtained":["Ornamental Fan"],"max_hp_gain":0,"max_hp_loss":0,"event_name":"WeMeetAgain","floor":27,"gold_loss":0}],"is_beta":false,"boss_relics":[{"not_picked":["Calling Bell","Mark of Pain"],"picked":"Busted Crown"}],"items_purged_floors":[5,20,24],"is_endless":false,"potions_floor_spawned":[1,8,11,12,23,25],"killed_by":"Snecko","ascension_level":2}}