{"host":"qmufev141yub3yf0","time":1609943268,"event":{"mods":["BaseMod","Minty Spire (QoL Compilation)","Quick Restart","StSLib","SuperFastMode"],"gold_per_floor":[109,109,158,171,171,171,206,206,206,233,158,190,205,218,218,323,323,335,25,45,45,56,56,90,90,90,105,134,34,34,53,53,154,154,167,0,10,21,21,21,21],"floor_reached":40,"playtime":1608,"items_purged":["Strike_G","Defend_G"],"score":511,"play_id":"4544e4e9-7a92-4491-8480-eb0e1d24ea3b","local_time":"20210106222748","is_ascension_mode":true,"campfire_choices":[{"data":"Bane","floor":6,"key":"SMITH"},{"data":"Bouncing Flask","floor":8,"key":"SMITH"},{"floor":15,"key":"REST"},{"floor":23,"key":"REST"},{"data":"After Image","floor":25,"key":"SMITH"},{"floor":32,"key":"REST"}],"circlet_count":0,"master_deck":["Strike_G","Defend_G","Defend_G","Defend_G","Defend_G","Survivor","Neutralize","Bouncing Flask+1","Bane+1","Corpse Explosion+1","Concentrate+1","Poisoned Stab","After Image+1","Good Instincts+1","Backflip+1","Backstab","After Image","Swift Strike"],"relics":["Ring of the Serpent","Pen Nib","Toxic Egg 2","Bronze Scales","Ancient Tea Set","Letter Opener","TungstenRod","Mummified Hand","Happy Flower","Empty Cage","Red Mask"],"acts_visited":["TheCity","TheBeyond"],"potions_floor_usage":[16,22,28,40,40,40],"damage_taken":[{"damage":0,"enemies":"2 Louse","floor":1,"turns":3},{"damage":3,"enemies":"Jaw Worm","floor":4,"turns":4},{"damage":12,"enemies":"Lagavulin","floor":7,"turns":6},{"damage":22,"enemies":"3 Sentries","floor":10,"turns":3},{"damage":25,"enemies":"Lagavulin","floor":12,"turns":4},{"damage":0,"enemies":"Small Slimes","floor":13,"turns":2},{"damage":0,"enemies":"3 Louse","floor":14,"turns":2},{"damage":14,"enemies":"Hexaghost","floor":16,"turns":6},{"damage":14,"enemies":"Spheric Guardian","floor":18,"turns":5},{"damage":5,"enemies":"Chosen","floor":20,"turns":4},{"damage":2,"enemies":"Snake Plant","floor":22,"turns":3},{"damage":26,"enemies":"Gremlin Leader","floor":24,"turns":6},{"damage":0,"enemies":"Chosen and Byrds","floor":27,"turns":5},{"damage":2,"enemies":"Slavers","floor":28,"turns":3},{"damage":1,"enemies":"Cultist and Chosen","floor":31,"turns":3},{"damage":30,"enemies":"Automaton","floor":33,"turns":9},{"damage":0,"enemies":"3 Shapes","floor":35,"turns":3},{"damage":5,"enemies":"3 Darklings","floor":37,"turns":3},{"damage":36,"enemies":"Transient","floor":38,"turns":5},{"damage":41,"enemies":"Giant Head","floor":40,"turns":7}],"seed_played":"4985508510009892716","potions_obtained":[{"floor":1,"key":"DuplicationPotion"},{"floor":10,"key":"SkillPotion"},{"floor":13,"key":"DistilledChaos"},{"floor":16,"key":"Poison Potion"},{"floor":22,"key":"SkillPotion"},{"floor":28,"key":"Energy Potion"}],"is_trial":false,"path_per_floor":["M","?","T","M","?","R","E","R","T","E","$","E","M","M","R","B",null,"M","$","M","?","M","R","E","R","T","M","E","$","?","M","R","B",null,"M","?","M","M","?","E"],"character_chosen":"THE_SILENT","items_purchased":["TungstenRod"],"campfire_rested":3,"item_purchase_floors":[19],"current_hp_per_floor":[77,77,77,74,79,79,67,67,67,45,45,20,20,20,44,30,82,68,68,63,63,61,82,56,56,56,56,54,54,54,53,77,47,82,82,82,77,41,41,0,0],"gold":21,"neow_bonus":"TEN_PERCENT_HP_BONUS","is_daily":false,"chose_seed":false,"campfire_upgraded":3,"win_rate":0.0,"timestamp":1609943268,"path_taken":["M","?","?","M","?","R","E","R","T","E","$","E","M","?","R","BOSS","M","$","M","?","?","R","E","R","T","M","E","$","?","M","R","BOSS","M","?","M","M","?","E"],"items_purchased_type":["Relic"],"build_version":"2020-12-22","purchased_purges":2,"victory":false,"max_hp_per_floor":[77,77,77,77,82,82,82,82,82,82,82,82,82,82,82,82,82,82,82,82,82,82,82,82,82,82,82,82,82,82,82,82,82,82,82,82,82,82,82,82,82],"card_choices":[{"not_picked":["Riddle With Holes","Flying Knee"],"picked":"Bouncing Flask","floor":1},{"not_picked":["Terror","Bouncing Flask"],"picked":"Bane","floor":4},{"not_picked":["Flying Knee","Adrenaline+1"],"picked":"Corpse Explosion+1","floor":7},{"not_picked":["Crippling Poison+1","Slice"],"picked":"Concentrate+1","floor":10},{"not_picked":["Sucker Punch","Acrobatics+1"],"picked":"Poisoned Stab","floor":12},{"not_picked":["Masterful Stab","Acrobatics+1","Bane"],"picked":"SKIP","floor":13},{"not_picked":["Riddle With Holes","Expertise+1","Dagger Spray"],"picked":"SKIP","floor":14},{"not_picked":["Phantasmal Killer+1","Corpse Explosion+1"],"picked":"After Image","floor":16},{"not_picked":["Dagger Spray","Riddle With Holes","Bouncing Flask+1"],"picked":"SKIP","floor":18},{"not_picked":["Acrobatics+1","Underhanded Strike+1","Riddle With Holes+1"],"picked":"SKIP","floor":20},{"not_picked":["Outmaneuver+1","Reflex+1"],"picked":"Backflip+1","floor":22},{"not_picked":["Cloak And Dagger+1","Calculated Gamble+1","Quick Slash"],"picked":"SKIP","floor":24},{"not_picked":["Cloak And Dagger+1","Expertise+1","Reflex+1"],"picked":"SKIP","floor":27},{"not_picked":["Infinite Blades","Concentrate+1","PiercingWail+1"],"picked":"SKIP","floor":28},{"not_picked":["Acrobatics+1","Poisoned Stab+1"],"picked":"Backstab","floor":31},{"not_picked":["Wraith Form v2","Storm of Steel+1"],"picked":"After Image","floor":33},{"not_picked":["Dodge and Roll+1","Setup+1","Prepared+1"],"picked":"SKIP","floor":35},{"not_picked":["Expertise+1","Dagger Throw+1","Cloak And Dagger+1"],"picked":"SKIP","floor":37},{"not_picked":["PiercingWail+1","Dagger Spray","Quick Slash+1"],"picked":"SKIP","floor":38},{"not_picked":["Panacea+1","Mind Blast"],"picked":"Swift Strike","floor":39}],"player_experience":233832,"relics_obtained":[{"floor":3,"key":"Pen Nib"},{"floor":7,"key":"Toxic Egg 2"},{"floor":9,"key":"Bronze Scales"},{"floor":10,"key":"Ancient Tea Set"},{"floor":12,"key":"Letter Opener"},{"floor":24,"key":"Mummified Hand"},{"floor":28,"key":"Happy Flower"}],"event_choices":[{"damage_healed":0,"gold_gain":0,"player_choice":"Ignored","damage_taken":0,"max_hp_gain":0,"max_hp_loss":0,"event_name":"Shining Light","floor":2,"gold_loss":0},{"damage_healed":0,"gold_gain":0,"player_choice":"Donut","damage_taken":0,"max_hp_gain":5,"max_hp_loss":0,"event_name":"Big Fish","floor":5,"gold_loss":0},{"damage_healed":0,"gold_gain":0,"player_choice":"1 cards matched","damage_taken":0,"max_hp_gain":0,"max_hp_loss":0,"event_name":"Match and Keep!","floor":21,"gold_loss":0,"cards_obtained":["Good Instincts"]},{"cards_removed":["Strike_G"],"damage_healed":0,"gold_gain":0,"player_choice":"Elegance","damage_taken":0,"max_hp_gain":0,"max_hp_loss":0,"event_name":"Back to Basics","floor":30,"gold_loss":0},{"damage_healed":0,"gold_gain":0,"player_choice":"Paid","damage_taken":0,"relics_obtained":["Red Mask"],"max_hp_gain":0,"max_hp_loss":0,"event_name":"Tomb of Lord Red Mask","floor":36,"gold_loss":167},{"damage_healed":0,"gold_gain":0,"player_choice":"Memory 1","damage_taken":0,"max_hp_gain":0,"max_hp_loss":0,"event_name":"SensoryStone","floor":39,"gold_loss":0}],"is_beta":false,"boss_relics":[{"not_picked":["Ectoplasm","HoveringKite"],"picked":"Ring of the Serpent"},{"not_picked":["Philosopher\u0027s Stone","Tiny House"],"picked":"Empty Cage"}],"items_purged_floors":[11,29],"is_endless":false,"potions_floor_spawned":[1,10,13,14,16,20,22,27,28,31,33,35],"killed_by":"Giant Head","ascension_level":3}}