{"host":"d2y4rmbezebiv8aj","time":1609934001,"event":{"mods":["AchievementEnabler","BaseMod","Bestiary","BetterRewards","Colored Map","Colored Powertips","Custom Start","Highlight Path","Minty Spire (QoL Compilation)","Quick Restart","Rare Cards Sparkle","Relic Sorter","Relic Stats","Shop Mod","Slay-I","StSLib","SuperFastMode"],"gold_per_floor":[112,124,88,108,124,157,157,174,174,184,20,20,20,30,30,135,135,152,76,92,44,44,77,77,90,90,90,106,156,223,273,273,273,273],"floor_reached":33,"playtime":1381,"items_purged":["Parasite"],"score":523,"play_id":"fb90660b-10b1-4f05-9f76-daa02b5dd4bf","local_time":"20210106125321","is_ascension_mode":true,"campfire_choices":[{"floor":7.0,"key":"REST"},{"data":"Infinite Blades","floor":12.0,"key":"SMITH"},{"data":"Phantasmal Killer","floor":15.0,"key":"SMITH"},{"data":"Backstab","floor":24,"key":"SMITH"},{"floor":27,"key":"REST"},{"floor":32,"key":"REST"}],"circlet_count":0,"master_deck":["Strike_G","Strike_G","Strike_G","Strike_G","Strike_G","Defend_G","Defend_G","Defend_G+1","Defend_G","Defend_G","Survivor+1","Neutralize","Deflect","Flying Knee","Poisoned Stab","Footwork","Cloak And Dagger","Slice","Quick Slash","PiercingWail","Blade Dance","Infinite Blades+1","Phantasmal Killer+1","Burst","Prepared+1","Backstab+1","Masterful Stab","Accuracy","Poisoned Stab","Caltrops","Poisoned Stab+1","Normality","Blade Dance","Doubt","Backstab+1","Sucker Punch+1"],"relics":["Ring of the Snake","Tiny Chest","Question Card","Mango","Centennial Puzzle","InkBottle","Membership Card","Cursed Key","SsserpentHead","Molten Egg 2","War Paint","Dream Catcher","Frozen Egg 2"],"acts_visited":["Exordium","TheCity"],"potions_floor_usage":[23,23,33,33,33],"damage_taken":[{"damage":0.0,"enemies":"Cultist","floor":1.0,"turns":5.0},{"damage":0.0,"enemies":"Small Slimes","floor":2.0,"turns":5.0},{"damage":2.0,"enemies":"2 Louse","floor":4.0,"turns":3.0},{"damage":9.0,"enemies":"Lots of Slimes","floor":5.0,"turns":9.0},{"damage":23.0,"enemies":"3 Sentries","floor":6.0,"turns":11.0},{"damage":0.0,"enemies":"Gremlin Gang","floor":8.0,"turns":7.0},{"damage":2.0,"enemies":"2 Fungi Beasts","floor":10.0,"turns":3.0},{"damage":12.0,"enemies":"Exordium Wildlife","floor":14.0,"turns":4.0},{"damage":31.0,"enemies":"The Guardian","floor":16.0,"turns":13.0},{"damage":0.0,"enemies":"3 Byrds","floor":18.0,"turns":5.0},{"damage":9.0,"enemies":"Spheric Guardian","floor":20.0,"turns":4.0},{"damage":11,"enemies":"Slavers","floor":23,"turns":5},{"damage":27,"enemies":"Chosen and Byrds","floor":25,"turns":6},{"damage":3,"enemies":"3 Cultists","floor":28,"turns":5},{"damage":1,"enemies":"Cultist and Chosen","floor":30,"turns":5},{"damage":86,"enemies":"Collector","floor":33,"turns":7}],"seed_played":"6359491983409062790","potions_obtained":[{"floor":2.0,"key":"Fire Potion"},{"floor":6.0,"key":"EssenceOfSteel"},{"floor":8.0,"key":"Fire Potion"},{"floor":10.0,"key":"AttackPotion"},{"floor":16.0,"key":"SteroidPotion"},{"floor":28,"key":"EntropicBrew"}],"is_trial":false,"path_per_floor":["M","M","$","M","M","E","R","M","T","M","$","R","?","M","R","B",null,"M","$","M","$","?","E","R","M","T","R","M","T","M","?","R","B"],"character_chosen":"THE_SILENT","items_purchased":["Tiny Chest","Question Card","Deflect","Footwork","Membership Card","Infinite Blades","Backstab","Accuracy","Poisoned Stab"],"campfire_rested":3,"item_purchase_floors":[0,0,0,3,11,11,19,21,21],"current_hp_per_floor":[63,63,63,61,52,29,54,54,54,52,52,52,73,61,61,30,71,71,71,62,62,62,51,51,24,24,48,45,45,44,44,68,0,0],"gold":273,"neow_bonus":"","is_daily":false,"chose_seed":false,"campfire_upgraded":3,"win_rate":0.0,"timestamp":1609934001,"path_taken":["M","M","$","M","?","E","R","M","T","M","$","R","?","M","R","BOSS","M","$","M","$","?","E","R","M","T","R","M","?","?","?","R","BOSS"],"items_purchased_type":["Relic","Relic","Card","Card","Relic","Card","Card","Card","Card"],"build_version":"2020-12-22","purchased_purges":1,"victory":false,"max_hp_per_floor":[84,84,84,84,84,84,84,84,84,84,84,84,84,84,84,84,84,84,81,81,81,81,81,81,81,81,81,81,81,81,81,81,81,81],"relic_stats":{"SsserpentHead":150,"Centennial Puzzle":[42],"Dream Catcher":1,"counters":[54,252],"Tiny Chest":1,"War Paint":["Survivor","Defend_G"],"Question Card":31,"Cursed Key":4,"obtain_stats":[{"Ice Cream":6,"Regal Pillow":6,"Lantern":12,"HoveringKite":17,"Mango":0,"Bag of Preparation":27,"Incense Burner":46,"Cursed Key":17,"Boot":41,"Old Coin":9,"SsserpentHead":22,"Centennial Puzzle":26,"Dream Catcher":29,"Matryoshka":9,"Prayer Wheel":47,"Tiny Chest":0,"HandDrill":21,"Toxic Egg 2":12,"InkBottle":9,"Ring of the Snake":0,"Pear":43,"NeowsBlessing":0,"Dead Branch":10,"Pen Nib":29,"Paper Crane":24,"War Paint":26,"Frozen Egg 2":31,"Medical Kit":12,"Question Card":21,"Anchor":14,"Molten Egg 2":23,"Membership Card":0,"Toy Ornithopter":43},{"Ice Cream":17,"Regal Pillow":6,"Lantern":20,"HoveringKite":9,"Mango":38,"Bag of Preparation":27,"Incense Burner":35,"Cursed Key":22,"Boot":35,"Old Coin":18,"SsserpentHead":49,"Centennial Puzzle":26,"Dream Catcher":52,"Matryoshka":6,"Prayer Wheel":36,"Tiny Chest":38,"HandDrill":24,"Toxic Egg 2":20,"InkBottle":44,"Ring of the Snake":0,"Pear":35,"NeowsBlessing":0,"Dead Branch":19,"Pen Nib":28,"Paper Crane":26,"War Paint":51,"Frozen Egg 2":53,"Medical Kit":20,"Question Card":24,"Anchor":21,"Molten Egg 2":50,"Membership Card":13,"Toy Ornithopter":35},{"Ice Cream":80,"Regal Pillow":26,"Lantern":94,"HoveringKite":47,"Mango":155,"Bag of Preparation":113,"Incense Burner":143,"Cursed Key":101,"Boot":143,"Old Coin":81,"SsserpentHead":224,"Centennial Puzzle":108,"Dream Catcher":240,"Matryoshka":26,"Prayer Wheel":147,"Tiny Chest":155,"HandDrill":103,"Toxic Egg 2":94,"InkBottle":195,"Ring of the Snake":0,"Pear":143,"NeowsBlessing":0,"Dead Branch":88,"Pen Nib":118,"Paper Crane":108,"War Paint":235,"Frozen Egg 2":245,"Medical Kit":94,"Question Card":103,"Anchor":95,"Molten Egg 2":229,"Membership Card":68,"Toy Ornithopter":143}],"InkBottle":[32],"Ring of the Snake":[108]},"card_choices":[{"not_picked":["Blade Dance","Blur","Predator"],"picked":"Flying Knee","floor":1.0},{"not_picked":["Riddle With Holes","Grand Finale","Dodge and Roll"],"picked":"Poisoned Stab","floor":2.0},{"not_picked":["Dodge and Roll","Flechettes","Outmaneuver"],"picked":"Cloak And Dagger","floor":4.0},{"not_picked":["Flying Knee","Acrobatics","Catalyst"],"picked":"Slice","floor":5.0},{"not_picked":["Heel Hook","Well Laid Plans","Concentrate"],"picked":"Quick Slash","floor":6.0},{"not_picked":["Skewer","Prepared","Leg Sweep"],"picked":"PiercingWail","floor":8.0},{"not_picked":["Catalyst","Dodge and Roll","Dagger Throw"],"picked":"Blade Dance","floor":10.0},{"not_picked":["Slice","PiercingWail","All Out Attack"],"picked":"Phantasmal Killer","floor":14.0},{"not_picked":["Tools of the Trade","Glass Knife","Wraith Form v2"],"picked":"Burst","floor":16.0},{"not_picked":["Setup+1","Skewer","Quick Slash"],"picked":"Prepared+1","floor":18.0},{"not_picked":["Acrobatics","Dodge and Roll+1","Flying Knee"],"picked":"Masterful Stab","floor":20.0},{"not_picked":["Deadly Poison","Flechettes+1","Choke+1"],"picked":"Caltrops","floor":23},{"not_picked":["Prepared","Leg Sweep","Blur"],"picked":"Poisoned Stab+1","floor":25},{"not_picked":["Choke+1","Predator+1","Tactician"],"picked":"Blade Dance","floor":28},{"not_picked":["Dodge and Roll","Venomology","Accuracy"],"picked":"Backstab+1","floor":30},{"not_picked":["Calculated Gamble","Dodge and Roll+1","Outmaneuver"],"picked":"Sucker Punch+1","floor":32}],"player_experience":361840,"relics_obtained":[{"floor":6.0,"key":"Centennial Puzzle"},{"floor":9.0,"key":"InkBottle"},{"floor":23,"key":"Molten Egg 2"},{"floor":26,"key":"War Paint"},{"floor":29,"key":"Dream Catcher"},{"floor":31,"key":"Frozen Egg 2"}],"event_choices":[{"damage_healed":21.0,"max_hp_gain":0.0,"max_hp_loss":0.0,"gold_gain":0.0,"event_name":"Mushrooms","player_choice":"Healed and dodged fight","floor":13.0,"gold_loss":0.0,"damage_taken":0.0,"cards_obtained":["Parasite"]},{"damage_healed":0.0,"max_hp_gain":0.0,"max_hp_loss":0.0,"gold_gain":0.0,"event_name":"FaceTrader","player_choice":"Trade","floor":22.0,"gold_loss":0.0,"damage_taken":0.0,"relics_obtained":["SsserpentHead"]},{"damage_healed":0,"gold_gain":0,"player_choice":"Relic","damage_taken":0,"max_hp_gain":0,"max_hp_loss":0,"event_name":"Wheel of Change","floor":31,"gold_loss":0}],"is_beta":false,"boss_relics":[{"not_picked":["Astrolabe","Tiny House"],"picked":"Cursed Key"}],"items_purged_floors":[19],"is_endless":false,"potions_floor_spawned":[2,6,8,10,14,16,28],"killed_by":"Collector","ascension_level":7}}