{"host":"k4et7hlhlqy8fuoz","time":1609971332,"event":{"mods":["2.2 Compatiblity","AchievementEnabler","BaseMod","Colored Map","DeckTracker","Highlight Path","Minty Spire (QoL Compilation)","Random Character Button","Rare Cards Sparkle"],"gold_per_floor":[115,115,115,26,41,41,90,90,90,90,103,122,122,177,177,279,279,297,297,297],"floor_reached":19,"playtime":879,"items_purged":[],"score":155,"play_id":"e28c3ed5-770a-40ce-92c5-6cea2ea8f354","local_time":"20210106231532","is_ascension_mode":false,"campfire_choices":[{"data":"Blade Dance","floor":6,"key":"SMITH"},{"data":"Cloak And Dagger","floor":8,"key":"SMITH"},{"floor":15,"key":"REST"}],"circlet_count":0,"master_deck":["Strike_G","Strike_G","Strike_G+1","Strike_G","Strike_G","Defend_G","Defend_G","Defend_G","Defend_G","Defend_G","Survivor","Neutralize","Wraith Form v2","Quick Slash+1","Noxious Fumes","Cloak And Dagger+1","Blade Dance+1","Noxious Fumes","Deadly Poison+1","Infinite Blades","Bullet Time","Bouncing Flask"],"relics":["Ring of the Snake","Anchor","Bag of Preparation","Meat on the Bone","StoneCalendar","Cursed Key"],"acts_visited":["Exordium","TheCity"],"potions_floor_usage":[16,16],"damage_taken":[{"damage":5,"enemies":"Small Slimes","floor":1,"turns":5},{"damage":0,"enemies":"2 Louse","floor":5,"turns":3},{"damage":0,"enemies":"Jaw Worm","floor":11,"turns":2},{"damage":0,"enemies":"2 Fungi Beasts","floor":12,"turns":3},{"damage":22,"enemies":"Gremlin Nob","floor":14,"turns":4},{"damage":46,"enemies":"The Guardian","floor":16,"turns":7},{"damage":24,"enemies":"Shell Parasite","floor":18,"turns":5},{"damage":46,"enemies":"Masked Bandits","floor":19,"turns":3}],"seed_played":"4687543190742616052","potions_obtained":[{"floor":1,"key":"ColorlessPotion"},{"floor":12,"key":"CultistPotion"}],"is_trial":false,"path_per_floor":["M","?","?","$","M","R","T","R","T","?","M","M","?","?","R","B",null,"M","?"],"character_chosen":"THE_SILENT","items_purchased":["Noxious Fumes","Cloak And Dagger"],"campfire_rested":1,"item_purchase_floors":[4,4],"current_hp_per_floor":[65,65,58,58,58,58,58,58,58,44,44,44,44,34,55,21,70,46,0,0],"gold":297,"neow_bonus":"ONE_RANDOM_RARE_CARD","is_daily":false,"chose_seed":false,"campfire_upgraded":2,"win_rate":0.0,"timestamp":1609971332,"path_taken":["M","?","?","$","M","R","?","R","T","?","M","?","?","?","R","BOSS","M","?"],"items_purchased_type":["Card","Card"],"build_version":"2020-12-22","purchased_purges":0,"victory":false,"max_hp_per_floor":[70,70,70,70,70,70,70,70,70,70,70,70,70,70,70,70,70,70,70,70],"card_choices":[{"not_picked":["Skewer","Prepared"],"picked":"Quick Slash","floor":1},{"not_picked":["Cloak And Dagger","Heel Hook"],"picked":"Blade Dance","floor":5},{"not_picked":["Riddle With Holes","Poisoned Stab"],"picked":"Noxious Fumes","floor":11},{"not_picked":["Terror","Caltrops"],"picked":"Deadly Poison","floor":12},{"not_picked":["Prepared","PiercingWail"],"picked":"Infinite Blades","floor":14},{"not_picked":["Die Die Die","A Thousand Cuts"],"picked":"Bullet Time","floor":16},{"not_picked":["Outmaneuver+1","Bane"],"picked":"Bouncing Flask","floor":18}],"player_experience":81067,"relics_obtained":[{"floor":7,"key":"Bag of Preparation"},{"floor":9,"key":"Meat on the Bone"}],"event_choices":[{"damage_healed":0,"gold_gain":0,"player_choice":"Ignored","damage_taken":0,"max_hp_gain":0,"max_hp_loss":0,"event_name":"Golden Wing","floor":2,"gold_loss":0},{"damage_healed":0,"gold_gain":0,"player_choice":"Success","damage_taken":7,"relics_obtained":["Anchor"],"max_hp_gain":0,"max_hp_loss":0,"event_name":"Scrap Ooze","floor":3,"gold_loss":0},{"damage_healed":0,"gold_gain":0,"player_choice":"Entered Light","damage_taken":14,"max_hp_gain":0,"max_hp_loss":0,"event_name":"Shining Light","floor":10,"gold_loss":0,"cards_upgraded":["Strike_G","Quick Slash"]},{"damage_healed":0,"gold_gain":0,"player_choice":"Grow","damage_taken":0,"max_hp_gain":0,"max_hp_loss":0,"event_name":"Living Wall","floor":13,"gold_loss":0,"cards_upgraded":["Deadly Poison"]},{"damage_healed":0,"gold_gain":30,"player_choice":"Searched \u00273\u0027 times","damage_taken":0,"relics_obtained":["StoneCalendar"],"max_hp_gain":0,"max_hp_loss":0,"event_name":"Dead Adventurer","floor":14,"gold_loss":0},{"damage_healed":0,"gold_gain":0,"player_choice":"Fought Bandits","damage_taken":0,"max_hp_gain":0,"max_hp_loss":0,"event_name":"Masked Bandits","floor":19,"gold_loss":0}],"is_beta":false,"boss_relics":[{"not_picked":["Sozu","Empty Cage"],"picked":"Cursed Key"}],"items_purged_floors":[],"is_endless":false,"potions_floor_spawned":[1,12],"killed_by":"Masked Bandits","ascension_level":0}}