{"host":"a3oe3gstxz77c7qu","time":1609969718,"event":{"mods":["2.2 Compatiblity","Act Like it!","BaseMod","Bestiary","Better Altar","Better Match","Better Note","Better Skull","Better Third Choice","Block Reminder","Curses Come First","Custom Start","Downfall","Friendly Minions","GifTheSpireLib","Hermit","Infinite Spire","Jorbs\u0027s Wanderer Trilogy","Lobotomy","LobotomyExtend","Marisa????????","Minty Spire (QoL Compilation)","Permanent Neow","Quick Restart","Relic Stats","Replay The Spire","StSLib","The Bug Knight","The Disciple","Uncapped","Wandering Minibosses"],"gold_per_floor":[359,359,24,92,102,102,102],"floor_reached":6,"playtime":163,"items_purged":["Guardian:Aged"],"score":41,"play_id":"371f96ab-aa9c-495e-89ad-c4dad524df0e","local_time":"20210106214838","is_ascension_mode":true,"campfire_choices":[],"circlet_count":0,"master_deck":["Strike_MRS","Strike_MRS","Strike_MRS","Strike_MRS","Defend_MRS","Defend_MRS","Defend_MRS","Defend_MRS","MasterSpark","UpSweep","WitchLeyline","WitchOfGreed"],"relics":["MiniHakkero","LetterFromLob","Toxic Egg 2","ReplayTheSpireMod:Shallot"],"acts_visited":["Exordium"],"potions_floor_usage":[],"damage_taken":[{"damage":7,"enemies":"Jaw Worm","floor":1,"turns":4},{"damage":0,"enemies":"Cultist","floor":5,"turns":2},{"damage":0,"enemies":"Lagavulin","floor":6,"turns":2}],"seed_played":"-28553358729064043","potions_obtained":[{"floor":1,"key":"Venom Potion"}],"is_trial":false,"path_per_floor":["M","?","$","T","M","E"],"character_chosen":"MARISA","items_purchased":["Toxic Egg 2"],"campfire_rested":0,"item_purchase_floors":[3],"current_hp_per_floor":[68,75,75,75,75,75,75],"gold":102,"neow_bonus":"TWO_FIFTY_GOLD","is_daily":false,"chose_seed":false,"campfire_upgraded":0,"win_rate":0.0,"timestamp":1609969718,"path_taken":["M","?","$","?","?","E"],"items_purchased_type":["Relic"],"build_version":"2020-12-22","purchased_purges":1,"victory":false,"max_hp_per_floor":[75,75,75,75,75,75,75],"relic_stats":{"counters":[3,8],"obtain_stats":[{"ReplayTheSpireMod:Shallot":4,"LetterFromLob":1,"MiniHakkero":0,"Toxic Egg 2":3},{"ReplayTheSpireMod:Shallot":1,"LetterFromLob":1,"MiniHakkero":0,"Toxic Egg 2":1},{"ReplayTheSpireMod:Shallot":4,"LetterFromLob":4,"MiniHakkero":0,"Toxic Egg 2":4}]},"card_choices":[{"not_picked":["AlicesGift","GrandCross"],"picked":"WitchLeyline","floor":1},{"not_picked":["OneTimeOff+1","RefractionSpark"],"picked":"WitchOfGreed","floor":5}],"player_experience":915138,"relics_obtained":[{"floor":1,"key":"LetterFromLob"},{"floor":4,"key":"ReplayTheSpireMod:Shallot"}],"event_choices":[{"damage_healed":7,"gold_gain":0,"player_choice":"Full Heal","damage_taken":0,"max_hp_gain":0,"max_hp_loss":0,"event_name":"Wheel of Change","floor":2,"gold_loss":0}],"is_beta":false,"boss_relics":[],"items_purged_floors":[3],"is_endless":false,"potions_floor_spawned":[1],"killed_by":"Lagavulin","ascension_level":4}}