{"host":"rhrkddapnlgqm7yj","time":1609972244,"event":{"mods":["AchievementEnabler","BaseMod","Bestiary","Colored Map","Colored Powertips","Filter the Spire","Minty Spire (QoL Compilation)","Relic Stats","Remove Card Discount Mod","StSLib","SuperFastMode","The IronCluck","Waifu the Spire"],"gold_per_floor":[118,118,118,68,64,64,84,84,158,158,188,199,228,14,14,118,118,130,130,55,8,21,47,57,68,68,94,114,141,153,153,153,153,153],"floor_reached":33,"playtime":1366,"items_purged":["Defend_G","Defend_G","Strike_G","Strike_G","Strike_G","Defend_G","Defend_G","Defend_G"],"score":372,"play_id":"adeb8e52-0d0e-4a10-98dc-443adbdf6df3","local_time":"20210106233044","is_ascension_mode":true,"campfire_choices":[{"data":"Neutralize","floor":6,"key":"SMITH"},{"data":"Cloak And Dagger","floor":8,"key":"SMITH"},{"data":"Survivor","floor":10,"key":"SMITH"},{"data":"Infinite Blades","floor":15,"key":"SMITH"},{"data":"Envenom","floor":32,"key":"SMITH"}],"circlet_count":0,"master_deck":["Neutralize+1","Backflip+1","Cloak And Dagger+1","Infinite Blades","Backflip+1","Night Terror+1","Blade Dance+1","Infinite Blades+1","Envenom+1","Accuracy+1","Blade Dance+1","Blade Dance+1","Accuracy","PiercingWail+1","Accuracy"],"relics":["WristBlade","Toxic Egg 2","Akabeko","Pen Nib","HoveringKite","Boot","Molten Egg 2","Ice Cream","Oddly Smooth Stone"],"acts_visited":["Exordium","TheCity"],"potions_floor_usage":[25,30],"damage_taken":[{"damage":0,"enemies":"2 Louse","floor":1,"turns":3},{"damage":0,"enemies":"Jaw Worm","floor":7,"turns":4},{"damage":11,"enemies":"Gremlin Nob","floor":11,"turns":4},{"damage":1,"enemies":"Small Slimes","floor":12,"turns":2},{"damage":4,"enemies":"3 Sentries","floor":13,"turns":7},{"damage":18,"enemies":"The Guardian","floor":16,"turns":6},{"damage":13,"enemies":"3 Byrds","floor":18,"turns":4},{"damage":0,"enemies":"Chosen","floor":22,"turns":1},{"damage":0,"enemies":"Gremlin Leader","floor":23,"turns":3},{"damage":0,"enemies":"Snecko","floor":24,"turns":2},{"damage":0,"enemies":"Cultist and Chosen","floor":25,"turns":2},{"damage":7,"enemies":"Book of Stabbing","floor":27,"turns":3},{"damage":10,"enemies":"Snake Plant","floor":28,"turns":2},{"damage":7,"enemies":"Slavers","floor":29,"turns":2},{"damage":0,"enemies":"3 Cultists","floor":30,"turns":3},{"damage":25,"enemies":"Champ","floor":33,"turns":2}],"seed_played":"-1536934308579761644","potions_obtained":[{"floor":7,"key":"LiquidBronze"},{"floor":13,"key":"Explosive Potion"},{"floor":18,"key":"Fire Potion"},{"floor":23,"key":"SteroidPotion"},{"floor":24,"key":"CunningPotion"},{"floor":29,"key":"Block Potion"}],"is_trial":false,"path_per_floor":["M","?","?","?","$","R","M","R","T","R","E","M","E","$","R","B",null,"M","?","?","$","M","E","M","M","T","E","M","E","M","?","R","B"],"character_chosen":"THE_SILENT","items_purchased":["Blade Dance+1","Infinite Blades","Swift Strike","Blade Dance+1"],"campfire_rested":0,"item_purchase_floors":[14,14,14,21],"current_hp_per_floor":[70,70,63,63,63,63,63,63,63,63,52,51,47,47,47,29,70,57,57,57,57,57,57,57,57,57,50,40,33,33,20,20,0,0],"gold":153,"neow_bonus":"BOSS_RELIC","is_daily":false,"chose_seed":false,"campfire_upgraded":5,"win_rate":0.0,"timestamp":1609972244,"path_taken":["M","?","?","?","$","R","M","R","T","R","E","M","E","$","R","BOSS","M","?","?","$","M","E","M","M","T","E","M","E","M","?","R","BOSS"],"items_purchased_type":["Card","Card","Card","Card"],"build_version":"2020-12-22","purchased_purges":8,"victory":false,"max_hp_per_floor":[70,70,70,70,70,70,70,70,70,70,70,70,70,70,70,70,70,70,70,70,70,70,70,70,70,70,70,70,70,70,75,75,75,75],"relic_stats":{"counters":[16,50],"HoveringKite":[0],"Pen Nib":[13],"Boot":[0],"obtain_stats":[{"Ice Cream":27,"WristBlade":0,"HoveringKite":17,"Oddly Smooth Stone":29,"Molten Egg 2":26,"Pen Nib":13,"Toxic Egg 2":9,"Boot":23,"Akabeko":11,"Ring of the Snake":0},{"Ice Cream":12,"WristBlade":0,"HoveringKite":6,"Oddly Smooth Stone":14,"Molten Egg 2":11,"Pen Nib":5,"Toxic Egg 2":2,"Boot":9,"Akabeko":3,"Ring of the Snake":0},{"Ice Cream":41,"WristBlade":0,"HoveringKite":26,"Oddly Smooth Stone":45,"Molten Egg 2":38,"Pen Nib":20,"Toxic Egg 2":7,"Boot":34,"Akabeko":11,"Ring of the Snake":0}]},"card_choices":[{"not_picked":["Flying Knee","Well Laid Plans"],"picked":"Backflip","floor":1},{"not_picked":["PiercingWail","Bane"],"picked":"Cloak And Dagger","floor":7},{"not_picked":["Quick Slash","All Out Attack"],"picked":"Infinite Blades","floor":11},{"not_picked":["Heel Hook","PiercingWail+1"],"picked":"Backflip+1","floor":12},{"not_picked":["Backflip+1","PiercingWail+1"],"picked":"Night Terror+1","floor":13},{"not_picked":["Unload","Venomology+1"],"picked":"Envenom","floor":16},{"not_picked":["Cloak And Dagger+1","Deflect+1"],"picked":"Accuracy+1","floor":18},{"not_picked":["Poisoned Stab","Dagger Spray"],"picked":"Blade Dance+1","floor":22},{"not_picked":["Dodge and Roll+1","Deadly Poison+1","Choke"],"picked":"SKIP","floor":23},{"not_picked":["Flying Knee+1","Heel Hook","Underhanded Strike"],"picked":"SKIP","floor":24},{"not_picked":["A Thousand Cuts","Terror+1"],"picked":"Accuracy","floor":25},{"not_picked":["Sucker Punch+1","Dash+1","Leg Sweep+1"],"picked":"SKIP","floor":27},{"not_picked":["Underhanded Strike+1","Bane+1"],"picked":"PiercingWail+1","floor":28},{"not_picked":["Blur+1","Tactician+1"],"picked":"Accuracy","floor":29},{"not_picked":["Outmaneuver+1","Bane+1","Crippling Poison+1"],"picked":"SKIP","floor":30}],"player_experience":44098,"relics_obtained":[{"floor":9,"key":"Toxic Egg 2"},{"floor":11,"key":"Akabeko"},{"floor":13,"key":"Pen Nib"},{"floor":23,"key":"Boot"},{"floor":26,"key":"Molten Egg 2"},{"floor":27,"key":"Ice Cream"},{"floor":29,"key":"Oddly Smooth Stone"}],"event_choices":[{"damage_healed":0,"gold_gain":0,"player_choice":"Grow","damage_taken":0,"max_hp_gain":0,"max_hp_loss":0,"event_name":"Living Wall","floor":2,"gold_loss":0,"cards_upgraded":["Backflip"]},{"cards_removed":["Strike_G"],"damage_healed":0,"gold_gain":0,"player_choice":"Card Removal","damage_taken":7,"max_hp_gain":0,"max_hp_loss":0,"event_name":"Golden Wing","floor":3,"gold_loss":0},{"cards_removed":["Strike_G"],"damage_healed":0,"gold_gain":0,"player_choice":"Card Removal","damage_taken":0,"max_hp_gain":0,"max_hp_loss":0,"event_name":"The Cleric","floor":4,"gold_loss":50},{"cards_removed":["Survivor"],"damage_healed":0,"gold_gain":0,"player_choice":"Elegance","damage_taken":0,"max_hp_gain":0,"max_hp_loss":0,"event_name":"Back to Basics","floor":19,"gold_loss":0},{"cards_removed":["Swift Strike"],"damage_healed":0,"gold_gain":0,"player_choice":"Gave Gold","damage_taken":0,"max_hp_gain":0,"max_hp_loss":0,"event_name":"Beggar","floor":20,"gold_loss":75},{"damage_healed":0,"gold_gain":0,"player_choice":"Shed Blood","damage_taken":18,"max_hp_gain":5,"max_hp_loss":0,"event_name":"Forgotten Altar","floor":31,"gold_loss":0}],"is_beta":false,"boss_relics":[{"not_picked":["SacredBark","Fusion Hammer"],"picked":"HoveringKite"}],"items_purged_floors":[5,5,14,14,14,14,14,14],"is_endless":false,"potions_floor_spawned":[7,13,18,23,24,29],"killed_by":"Champ","ascension_level":2}}