{"host":"2sr8q4b3ioepghas","time":1609912075,"event":{"mods":["BaseMod","Colored Map","FTL Soundtrack","Minty Spire (QoL Compilation)","Permanent Neow","Quick Restart","Rare Cards Sparkle","StSLib","UnlockEverythingMod"],"gold_per_floor":[111,127,127,127,143,168,180,219,254,278,290,346,50,68,68,140,140,160,85,44,65,65,65,89,89,121,121,121,121],"floor_reached":28,"playtime":843,"items_purged":["Normality"],"score":468,"play_id":"d40bb9fe-8ddf-43e6-86a6-9029e8272c0b","local_time":"20210106154755","is_ascension_mode":true,"campfire_choices":[{"floor":7.0,"key":"REST"},{"floor":11,"key":"REST"},{"floor":15,"key":"REST"},{"floor":23,"key":"REST"},{"data":"Hologram","floor":27,"key":"SMITH"}],"circlet_count":0,"master_deck":["AscendersBane","Strike_B+1","Strike_B+1","Strike_B","Strike_B","Defend_B","Defend_B+1","Defend_B","Defend_B","Zap","Dualcast+1","Streamline","Rip and Tear","Cold Snap","Doom and Gloom","Chill","Biased Cognition","Loop","Zap","Redo","Hologram+1","Redo","Injury"],"relics":["Cursed Key","MawBank","Whetstone","Bag of Marbles","CeramicFish","Chemical X","Nuclear Battery","NlothsMask"],"acts_visited":["Exordium","TheCity"],"potions_floor_usage":[8,16,28,28],"damage_taken":[{"damage":4.0,"enemies":"Small Slimes","floor":1.0,"turns":4.0},{"damage":0.0,"enemies":"2 Louse","floor":2.0,"turns":2.0},{"damage":0.0,"enemies":"Cultist","floor":5.0,"turns":3.0},{"damage":30.0,"enemies":"3 Sentries","floor":6.0,"turns":7.0},{"damage":9,"enemies":"Gremlin Nob","floor":8,"turns":3},{"damage":16,"enemies":"Exordium Thugs","floor":10,"turns":3},{"damage":13,"enemies":"3 Sentries","floor":12,"turns":8},{"damage":1,"enemies":"Hexaghost","floor":16,"turns":6},{"damage":19,"enemies":"Shell Parasite","floor":18,"turns":5},{"damage":22,"enemies":"3 Byrds","floor":21,"turns":4},{"damage":23,"enemies":"Snecko","floor":24,"turns":5},{"damage":25,"enemies":"Book of Stabbing","floor":28,"turns":4}],"seed_played":"-3203944702308789840","potions_obtained":[{"floor":1.0,"key":"DuplicationPotion"},{"floor":5.0,"key":"Weak Potion"},{"floor":8,"key":"Swift Potion"},{"floor":24,"key":"ColorlessPotion"}],"is_trial":false,"path_per_floor":["M","M","?","?","M","E","R","E","T","M","R","E","$","?","R","B",null,"M","?","$","M","$","R","M","?","T","R","E"],"character_chosen":"DEFECT","items_purchased":["Loop","Chemical X","Redo"],"campfire_rested":4,"item_purchase_floors":[13,13,20],"current_hp_per_floor":[60,60,39,44,44,14,36,27,27,11,33,20,20,20,42,41,67,48,48,48,26,26,48,25,25,25,25,0,0],"gold":121,"neow_bonus":"BOSS_RELIC","is_daily":false,"chose_seed":false,"campfire_upgraded":1,"win_rate":0.0,"timestamp":1609912075,"path_taken":["M","M","?","?","M","E","R","E","T","M","R","E","$","?","R","BOSS","M","?","?","M","$","R","M","?","T","R","E"],"items_purchased_type":["Card","Relic","Card"],"build_version":"2020-12-22","purchased_purges":1,"victory":false,"max_hp_per_floor":[71,71,71,76,76,76,76,76,76,76,76,76,76,76,76,76,76,76,76,76,76,76,76,76,76,76,76,76,76],"card_choices":[{"not_picked":["Blizzard","Stack"],"picked":"Streamline","floor":1.0},{"not_picked":["Barrage","Hologram"],"picked":"Rip and Tear","floor":2.0},{"not_picked":["Steam Power","Compile Driver","Tempest"],"picked":"SKIP","floor":5.0},{"not_picked":["FTL","Hologram"],"picked":"Cold Snap","floor":6.0},{"not_picked":["Turbo","Skim"],"picked":"Doom and Gloom","floor":8},{"not_picked":["BootSequence","Chaos"],"picked":"Chill","floor":10},{"not_picked":["Redo","Gash"],"picked":"Biased Cognition","floor":12},{"not_picked":["Chaos","Streamline","Turbo"],"picked":"SKIP","floor":18},{"not_picked":["Hologram","Conserve Battery","Barrage"],"picked":"SKIP","floor":21},{"not_picked":["Conserve Battery","Barrage"],"picked":"Hologram","floor":21},{"not_picked":["Beam Cell+1","Steam"],"picked":"Redo","floor":24}],"player_experience":41162,"relics_obtained":[{"floor":6.0,"key":"MawBank"},{"floor":8,"key":"Whetstone"},{"floor":9,"key":"Bag of Marbles"},{"floor":12,"key":"CeramicFish"}],"event_choices":[{"damage_healed":0.0,"max_hp_gain":0.0,"max_hp_loss":0.0,"gold_gain":0.0,"event_name":"Shining Light","player_choice":"Entered Light","floor":3.0,"gold_loss":0.0,"damage_taken":21.0,"cards_upgraded":["Dualcast","Defend_B"]},{"damage_healed":0.0,"max_hp_gain":5.0,"max_hp_loss":0.0,"gold_gain":0.0,"event_name":"Big Fish","player_choice":"Donut","floor":4.0,"gold_loss":0.0,"damage_taken":0.0},{"damage_healed":0,"gold_gain":0,"player_choice":"2 cards matched","damage_taken":0,"max_hp_gain":0,"max_hp_loss":0,"event_name":"Match and Keep!","floor":14,"gold_loss":0,"cards_obtained":["Writhe","Zap"]},{"cards_removed":["Writhe"],"damage_healed":0,"gold_gain":0,"player_choice":"Gave Gold","damage_taken":0,"max_hp_gain":0,"max_hp_loss":0,"event_name":"Beggar","floor":19,"gold_loss":75},{"damage_healed":0,"gold_gain":0,"player_choice":"Trade","damage_taken":0,"relics_obtained":["NlothsMask"],"max_hp_gain":0,"max_hp_loss":0,"event_name":"FaceTrader","floor":25,"gold_loss":0}],"is_beta":false,"boss_relics":[{"not_picked":["Pandora\u0027s Box","Tiny House"],"picked":"Nuclear Battery"}],"items_purged_floors":[13],"is_endless":false,"potions_floor_spawned":[1,5,6,8,12,24],"killed_by":"Book of Stabbing","ascension_level":20}}