{"host":"gzsdmyo07u314vug","time":1609943517,"event":{"mods":["2.2 Compatiblity","BaseMod","Downfall","GifTheSpireLib","Minty Spire (QoL Compilation)","Quick Restart","Rare Cards Sparkle","Relic Stats","Replay The Spire","Shop Mod","StSLib","The Bug Knight","The Construct","The Elementalist","The IronCluck","The Servant 0.9.4","Unceasing Turn Reminder","everything is the same but u backflip on backflip","slay the spire mod where everything is the same but ironclad has a cowboy hat","vexMod"],"gold_per_floor":[215,215,226,226,238,238,267,278,278,278,16,191,209,242,242,343,343,357,370,388,388,408,438,438,450,450,450,469,54,70,82,82,183,183,197,197,209,84,84,84,119,138,138,138,138,138,171,5,5,5],"floor_reached":51,"playtime":3212,"items_purged":["Strike_B","Strike_B","Strike_B","Strike_B"],"score":909,"play_id":"da492bfc-5b69-4c2d-b850-811269bf3709","local_time":"20210106113157","is_ascension_mode":true,"campfire_choices":[{"data":"Dualcast","floor":6.0,"key":"SMITH"},{"data":"Biased Cognition","floor":10.0,"key":"SMITH"},{"data":"Storm","floor":15.0,"key":"SMITH"},{"data":"Buffer","floor":24.0,"key":"SMITH"},{"data":"Mayhem","floor":27.0,"key":"SMITH"},{"data":"FIFO Queue","floor":32.0,"key":"SMITH"},{"data":"Creative AI","floor":40.0,"key":"SMITH"},{"data":"Hologram","floor":44.0,"key":"SMITH"},{"data":"Hologram","floor":46.0,"key":"SMITH"},{"data":"Thunder Strike","floor":49.0,"key":"SMITH"}],"circlet_count":0,"master_deck":["AscendersBane","Defend_B","Defend_B","Defend_B","Defend_B","Zap+1","Dualcast+1","Leap","Biased Cognition+1","Storm+1","Force Field","Mayhem+1","Doubt","Biased Cognition","Thunder Strike+1","Electrodynamics","Hologram+1","Hologram+1","Buffer+1","Pot Of Greed","FIFO Queue+1","Creative AI+1","ReplaySort+1"],"relics":["Cracked Core","Garlic","Replay:Ringing Soul","Mirror","HollowMod:QueensCombRelic","SacredBark","Replay:Wax Seal","Grinning Jar","Mummified Hand","construct:ClawGrip","Smiling Mask","Meat on the Bone","The Courier"],"acts_visited":["Exordium","TheCity","TheBeyond"],"potions_floor_usage":[50],"damage_taken":[{"damage":2.0,"enemies":"Jaw Worm","floor":1.0,"turns":4.0},{"damage":0.0,"enemies":"Cultist","floor":3.0,"turns":3.0},{"damage":0.0,"enemies":"2 Louse","floor":5.0,"turns":2.0},{"damage":6.0,"enemies":"Replay:BlueRogue","floor":7.0,"turns":5.0},{"damage":7.0,"enemies":"Blue Slaver","floor":8.0,"turns":4.0},{"damage":2.0,"enemies":"Gremlin Gang","floor":13.0,"turns":4.0},{"damage":29.0,"enemies":"HollowMod:MossKnight","floor":14.0,"turns":29.0},{"damage":7.0,"enemies":"Slime Boss","floor":16.0,"turns":9.0},{"damage":14.0,"enemies":"Spheric Guardian","floor":18.0,"turns":4.0},{"damage":0.0,"enemies":"3 Byrds","floor":19.0,"turns":3.0},{"damage":0.0,"enemies":"Snake Plant","floor":20.0,"turns":3.0},{"damage":28.0,"enemies":"Sentry and Sphere","floor":22.0,"turns":4.0},{"damage":20.0,"enemies":"Book of Stabbing","floor":23.0,"turns":3.0},{"damage":0.0,"enemies":"Snecko","floor":25.0,"turns":4.0},{"damage":0.0,"enemies":"Cultist and Chosen","floor":28.0,"turns":3.0},{"damage":0.0,"enemies":"Centurion and Healer","floor":30.0,"turns":2.0},{"damage":1.0,"enemies":"Chosen and Byrds","floor":31.0,"turns":3.0},{"damage":14.0,"enemies":"Automaton","floor":33.0,"turns":8.0},{"damage":12.0,"enemies":"3 Shapes","floor":35.0,"turns":2.0},{"damage":0.0,"enemies":"Orb Walker","floor":37.0,"turns":3.0},{"damage":3.0,"enemies":"Reptomancer","floor":41.0,"turns":5.0},{"damage":0.0,"enemies":"Maw","floor":42.0,"turns":5.0},{"damage":7.0,"enemies":"Nemesis","floor":47.0,"turns":5.0},{"damage":22,"enemies":"Replay:Hell Engine","floor":50,"turns":10}],"seed_played":"8216017370429438094","potions_obtained":[{"floor":3.0,"key":"Adrenaline Potion"},{"floor":8.0,"key":"Explosive Potion"},{"floor":16.0,"key":"PowerPotion"},{"floor":18.0,"key":"Fire Potion"},{"floor":20.0,"key":"Dexterity Potion"},{"floor":25.0,"key":"DistilledChaos"},{"floor":33.0,"key":"BlessingOfTheForge"},{"floor":36.0,"key":"SteroidPotion"},{"floor":47.0,"key":"Regen Potion"}],"is_trial":false,"path_per_floor":["M","?","M","?","M","R","E","M","T","R","$","?","M","E","R","B",null,"M","M","M","?","M","E","R","M","T","R","M","$","M","M","R","B",null,"M","?","M","$","?","R","E","M","T","R","?","R","E","$","R","B",null],"character_chosen":"DEFECT","items_purchased":["Mayhem","Mummified Hand","FIFO Queue","Fruit Juice","Dexterity Potion"],"campfire_rested":0,"item_purchase_floors":[11,29,29,48,48],"current_hp_per_floor":[66,66,66,63,63,63,60,53,53,53,56,59,60,34,34,54,61,52,67,69,69,44,28,28,44,47,47,59,62,70,73,73,67,78,69,69,81,81,73,73,77,84,84,84,84,84,77,87,87,69],"gold":5,"neow_bonus":"HUNDRED_GOLD","is_daily":false,"chose_seed":false,"campfire_upgraded":10,"win_rate":0.0,"timestamp":1609943517,"path_taken":["M","?","?","?","M","R","E","M","T","R","$","?","M","E","R","BOSS","M","M","M","?","M","E","R","?","T","R","M","$","M","M","R","BOSS","M","?","M","$","?","R","E","?","T","R","?","R","E","$","R","BOSS"],"items_purchased_type":["Card","Relic","Card","Potion","Potion"],"build_version":"2020-12-22","purchased_purges":4,"victory":true,"max_hp_per_floor":[75,75,75,75,75,75,78,78,78,78,81,84,87,60,60,63,63,66,69,69,69,72,72,72,72,75,75,75,78,78,78,78,81,81,81,81,81,81,81,81,84,84,84,84,84,84,84,94,94,94],"relic_stats":{"counters":[24,126],"Mummified Hand":[89],"Smiling Mask":70,"obtain_stats":[{"HollowMod:QueensCombRelic":14,"construct:ClawGrip":34,"SacredBark":17,"The Courier":47,"Smiling Mask":41,"Replay:Ringing Soul":7,"Mummified Hand":29,"Garlic":4,"Replay:Wax Seal":23,"Grinning Jar":26,"Cracked Core":0,"Mirror":9,"Meat on the Bone":43},{"HollowMod:QueensCombRelic":7,"construct:ClawGrip":18,"SacredBark":8,"The Courier":23,"Smiling Mask":21,"Replay:Ringing Soul":4,"Mummified Hand":15,"Garlic":2,"Replay:Wax Seal":13,"Grinning Jar":14,"Cracked Core":0,"Mirror":5,"Meat on the Bone":22},{"HollowMod:QueensCombRelic":51,"construct:ClawGrip":97,"SacredBark":60,"The Courier":116,"Smiling Mask":106,"Replay:Ringing Soul":14,"Mummified Hand":84,"Garlic":7,"Replay:Wax Seal":77,"Grinning Jar":81,"Cracked Core":0,"Mirror":18,"Meat on the Bone":111}],"Meat on the Bone":0},"card_choices":[{"not_picked":["Turbo","Redo"],"picked":"Leap","floor":1.0},{"not_picked":["Loop","ReplayTheSpireMod:System Scan"],"picked":"Biased Cognition","floor":3.0},{"not_picked":["Streamline","Rebound"],"picked":"Storm","floor":5.0},{"not_picked":["BasicCrystalCard","Rebound"],"picked":"Force Field","floor":7.0},{"not_picked":["BasicCrystalCard","Gash","Force Field"],"picked":"SKIP","floor":8.0},{"not_picked":["Defragment","Turbo"],"picked":"Biased Cognition","floor":13.0},{"not_picked":["Sweeping Beam","Gash"],"picked":"Thunder Strike","floor":14.0},{"not_picked":["Seek","Core Surge"],"picked":"Electrodynamics","floor":16.0},{"not_picked":["Static Discharge+1","ReplayGash+1"],"picked":"Hologram","floor":18.0},{"not_picked":["Compile Driver+1","Ball Lightning"],"picked":"Hologram","floor":19.0},{"not_picked":["Doom and Gloom","Stack","Redo"],"picked":"SKIP","floor":20.0},{"not_picked":["Time Bomb","Barrage"],"picked":"Buffer","floor":22.0},{"not_picked":["Stack","Steam","Conserve Battery"],"picked":"SKIP","floor":23.0},{"not_picked":["Sunder","Aggregate","Fusion"],"picked":"SKIP","floor":25.0},{"not_picked":["Sunder","Beam Cell","Cold Snap"],"picked":"SKIP","floor":28.0},{"not_picked":["Sunder","Cold Snap+1","Steam"],"picked":"SKIP","floor":30.0},{"not_picked":["FTL","Turbo","Beam Cell"],"picked":"SKIP","floor":31.0},{"not_picked":["Meteor Strike","Mirror Shield"],"picked":"Creative AI","floor":33.0},{"not_picked":["Darkness","Capacitor","Cold Snap"],"picked":"SKIP","floor":35.0},{"not_picked":["FTL","Turbo","Capacitor"],"picked":"SKIP","floor":37.0},{"not_picked":["ReplayTheSpireMod:System Scan","Rebound"],"picked":"ReplaySort+1","floor":41.0},{"not_picked":["Steam","Rip and Tear","Beam Cell"],"picked":"SKIP","floor":42.0},{"not_picked":["Melter","Coolheaded","Blizzard+1"],"picked":"SKIP","floor":47.0}],"player_experience":656717,"relics_obtained":[{"floor":7.0,"key":"Replay:Ringing Soul"},{"floor":9.0,"key":"Mirror"},{"floor":14.0,"key":"HollowMod:QueensCombRelic"},{"floor":23.0,"key":"Replay:Wax Seal"},{"floor":26.0,"key":"Grinning Jar"},{"floor":41.0,"key":"Smiling Mask"},{"floor":43.0,"key":"Meat on the Bone"},{"floor":47.0,"key":"The Courier"}],"event_choices":[{"damage_healed":0.0,"max_hp_gain":0.0,"max_hp_loss":0.0,"gold_gain":0.0,"event_name":"Upgrade Shrine","player_choice":"Upgraded","floor":2.0,"gold_loss":0.0,"damage_taken":0.0,"cards_upgraded":["Zap"]},{"damage_healed":0.0,"max_hp_gain":0.0,"max_hp_loss":0.0,"gold_gain":0.0,"event_name":"Scrap Ooze","player_choice":"Success","floor":4.0,"gold_loss":0.0,"damage_taken":3.0,"relics_obtained":["Garlic"]},{"damage_healed":0.0,"max_hp_gain":0.0,"max_hp_loss":0.0,"gold_gain":175.0,"event_name":"Liars Game","player_choice":"AGREE","floor":12.0,"gold_loss":0.0,"damage_taken":0.0,"cards_obtained":["Doubt"]},{"damage_healed":0.0,"max_hp_gain":0.0,"max_hp_loss":0.0,"gold_gain":0.0,"event_name":"Lab","player_choice":"Got Potions","floor":21.0,"gold_loss":0.0,"damage_taken":0.0},{"damage_healed":0.0,"max_hp_gain":0.0,"max_hp_loss":0.0,"gold_gain":0.0,"event_name":"Wheel of Change","player_choice":"Damaged","floor":39.0,"gold_loss":0.0,"damage_taken":8.0},{"cards_removed":["Pot Of Greed"],"damage_healed":0.0,"max_hp_gain":0.0,"max_hp_loss":0.0,"gold_gain":0.0,"event_name":"Falling","player_choice":"Removed Skill","floor":45.0,"gold_loss":0.0,"damage_taken":0.0}],"is_beta":false,"boss_relics":[{"not_picked":["Replay:Bronze Core","vexMod:FluxCapacitor"],"picked":"SacredBark"},{"not_picked":["Astrolabe","Sozu"],"picked":"construct:ClawGrip"}],"items_purged_floors":[11,29,38,48],"is_endless":false,"potions_floor_spawned":[3,8,16,18,20,25,33,47],"ascension_level":12}}