{"host":"2461dio7vetlq1z3","time":1609892114,"event":{"mods":["2.2 Compatiblity","AchievementEnabler","BaseMod","Better Third Choice","Friendly Minions","Minty Spire (QoL Compilation)","Relic Stats","Spicy Shops","StSLib","The Marked","Waifu the Spire"],"gold_per_floor":[119,135,152,172,172,172,172],"floor_reached":6,"playtime":206,"items_purged":[],"score":76,"play_id":"5a0b0bd6-8824-4cba-8a48-4c4bf5c35b05","local_time":"20210106011514","is_ascension_mode":true,"campfire_choices":[],"circlet_count":0,"master_deck":["AscendersBane","Strike_G","Strike_G","Strike_G","Strike_G","Defend_G","Defend_G","Defend_G","Defend_G","Defend_G","Survivor","Neutralize","Riddle With Holes","Quick Slash","Crippling Poison","All Out Attack"],"relics":["Fusion Hammer"],"acts_visited":["Exordium"],"potions_floor_usage":[],"damage_taken":[{"damage":3,"enemies":"Cultist","floor":1,"turns":4},{"damage":9,"enemies":"Small Slimes","floor":2,"turns":4},{"damage":0,"enemies":"Jaw Worm","floor":3,"turns":3},{"damage":9,"enemies":"Looter","floor":4,"turns":4},{"damage":38,"enemies":"Lagavulin","floor":6,"turns":6}],"seed_played":"-5213444941984885688","potions_obtained":[{"floor":3,"key":"Fruit Juice"}],"is_trial":false,"path_per_floor":["M","M","M","M","?","E"],"character_chosen":"THE_SILENT","items_purchased":[],"campfire_rested":0,"item_purchase_floors":[],"current_hp_per_floor":[56,47,47,38,31,0,0],"gold":172,"neow_bonus":"BOSS_RELIC","is_daily":false,"chose_seed":false,"campfire_upgraded":0,"win_rate":0.0,"timestamp":1609892114,"path_taken":["M","?","M","M","?","E"],"items_purchased_type":[],"build_version":"2020-12-22","purchased_purges":0,"victory":false,"max_hp_per_floor":[66,66,66,66,66,66,66],"relic_stats":{"counters":[5,21],"obtain_stats":[{"Fusion Hammer":0,"Ring of the Snake":0},{"Fusion Hammer":0,"Ring of the Snake":0},{"Fusion Hammer":0,"Ring of the Snake":0}]},"card_choices":[{"not_picked":["Sucker Punch","Dagger Throw"],"picked":"Riddle With Holes","floor":1},{"not_picked":["Flying Knee","Dagger Spray"],"picked":"Quick Slash","floor":2},{"not_picked":["Riddle With Holes","Quick Slash"],"picked":"Crippling Poison","floor":3},{"not_picked":["Backflip","Deflect"],"picked":"All Out Attack","floor":4}],"player_experience":1075212,"relics_obtained":[],"event_choices":[{"cards_removed":["Strike_G"],"damage_healed":0,"gold_gain":0,"player_choice":"Card Removal","damage_taken":7,"max_hp_gain":0,"max_hp_loss":0,"event_name":"Golden Wing","floor":5,"gold_loss":0}],"is_beta":false,"boss_relics":[],"items_purged_floors":[],"is_endless":false,"potions_floor_spawned":[3],"killed_by":"Lagavulin","ascension_level":20}}