{"host":"t0r9wuv4zaiwets7","time":1609973207,"event":{"mods":["BaseMod","Bestiary","Colored Map","Colored Powertips","Highlight Path","Minty Spire (QoL Compilation)","StSLib"],"gold_per_floor":[115,190,190,204,218,218,218,249,249,261,261,261,100,112,112,209,209,219,219,219,238,255,255,255],"floor_reached":23,"playtime":937,"items_purged":["Regret"],"score":220,"play_id":"6428bc21-91df-4eea-9fe8-245bfe33303f","local_time":"20210106144647","is_ascension_mode":true,"campfire_choices":[{"data":"Reboot","floor":6.0,"key":"SMITH"},{"floor":12.0,"key":"REST"},{"floor":15.0,"key":"REST"}],"circlet_count":0,"master_deck":["Strike_B","Strike_B","Strike_B","Strike_B","Defend_B","Defend_B","Defend_B","Defend_B","Dualcast+1","Coolheaded","Cold Snap","Reboot+1","Doom and Gloom","Gash","Gash","Undo","Defragment+1","Creative AI+1","Redo+1","Reprogram","Gash+1"],"relics":["Cracked Core","Gambling Chip","Frozen Egg 2","Centennial Puzzle","Inserter","Omamori","Potion Belt"],"acts_visited":["Exordium","TheCity"],"potions_floor_usage":[],"damage_taken":[{"damage":6.0,"enemies":"Cultist","floor":1.0,"turns":3.0},{"damage":9.0,"enemies":"2 Louse","floor":4.0,"turns":3.0},{"damage":2.0,"enemies":"Jaw Worm","floor":5.0,"turns":2.0},{"damage":38.0,"enemies":"Gremlin Nob","floor":8.0,"turns":5.0},{"damage":0.0,"enemies":"Exordium Wildlife","floor":10.0,"turns":2.0},{"damage":8.0,"enemies":"Large Slime","floor":14.0,"turns":6.0},{"damage":32.0,"enemies":"Slime Boss","floor":16.0,"turns":7.0},{"damage":11.0,"enemies":"3 Byrds","floor":18.0,"turns":7.0},{"damage":25.0,"enemies":"2 Thieves","floor":21.0,"turns":4.0},{"damage":40,"enemies":"Snake Plant","floor":22,"turns":7},{"damage":10,"enemies":"Gremlin Leader","floor":23,"turns":2}],"seed_played":"643338892567252751","potions_obtained":[{"floor":8.0,"key":"SkillPotion"},{"floor":10.0,"key":"Swift Potion"},{"floor":16.0,"key":"LiquidMemories"},{"floor":18.0,"key":"BlessingOfTheForge"}],"is_trial":false,"path_per_floor":["M","?","?","M","M","R","?","E","T","M","?","R","$","M","R","B",null,"M","?","?","M","M","E"],"character_chosen":"DEFECT","items_purchased":["Gash","Undo"],"campfire_rested":2,"item_purchase_floors":[13,13],"current_hp_per_floor":[76,65,65,56,54,54,47,9,9,9,9,33,33,25,49,17,82,71,71,71,46,6,0,0],"gold":255,"neow_bonus":"TEN_PERCENT_HP_BONUS","is_daily":false,"chose_seed":false,"campfire_upgraded":1,"win_rate":0.0,"timestamp":1609973207,"path_taken":["M","?","?","M","M","R","?","E","T","?","?","R","$","M","R","BOSS","M","?","?","M","M","E"],"items_purchased_type":["Card","Card"],"build_version":"2020-12-22","purchased_purges":1,"victory":false,"max_hp_per_floor":[82,82,82,82,82,82,82,82,82,82,82,82,82,82,82,82,82,82,82,82,82,82,82,82],"card_choices":[{"not_picked":["Steam","Rebound"],"picked":"Coolheaded","floor":1.0},{"not_picked":["Conserve Battery","Ball Lightning"],"picked":"Cold Snap","floor":4.0},{"not_picked":["Streamline","Compile Driver"],"picked":"Reboot","floor":5.0},{"not_picked":["Compile Driver","Hello World"],"picked":"Doom and Gloom","floor":8.0},{"not_picked":["Rebound","Lockon"],"picked":"Gash","floor":10.0},{"not_picked":["Fusion","Cold Snap"],"picked":"Defragment+1","floor":14.0},{"not_picked":["All For One","Fission"],"picked":"Creative AI+1","floor":16.0},{"not_picked":["Coolheaded","Steam"],"picked":"Redo+1","floor":18.0},{"not_picked":["Sunder","Tempest"],"picked":"Reprogram","floor":21.0},{"not_picked":["Sweeping Beam","Reboot"],"picked":"Gash+1","floor":22}],"player_experience":145851,"relics_obtained":[{"floor":8.0,"key":"Gambling Chip"},{"floor":9.0,"key":"Frozen Egg 2"}],"event_choices":[{"damage_healed":0.0,"max_hp_gain":0.0,"max_hp_loss":0.0,"gold_gain":75.0,"event_name":"World of Goop","player_choice":"Gather Gold","floor":2.0,"gold_loss":0.0,"damage_taken":11.0},{"damage_healed":0.0,"max_hp_gain":0.0,"max_hp_loss":0.0,"gold_gain":0.0,"event_name":"Living Wall","player_choice":"Grow","floor":3.0,"gold_loss":0.0,"damage_taken":0.0,"cards_upgraded":["Dualcast"]},{"cards_removed":["Zap"],"damage_healed":0.0,"max_hp_gain":0.0,"max_hp_loss":0.0,"gold_gain":0.0,"event_name":"Golden Wing","player_choice":"Card Removal","floor":7.0,"gold_loss":0.0,"damage_taken":7.0},{"damage_healed":0.0,"max_hp_gain":0.0,"max_hp_loss":0.0,"gold_gain":0.0,"event_name":"Big Fish","player_choice":"Box","floor":11.0,"gold_loss":0.0,"damage_taken":0.0,"relics_obtained":["Centennial Puzzle"],"cards_obtained":["Regret"]},{"damage_healed":0.0,"max_hp_gain":0.0,"max_hp_loss":0.0,"gold_gain":0.0,"event_name":"The Mausoleum","player_choice":"Opened","floor":19.0,"gold_loss":0.0,"damage_taken":0.0,"relics_obtained":["Omamori"]},{"damage_healed":0.0,"max_hp_gain":0.0,"max_hp_loss":0.0,"gold_gain":0.0,"event_name":"Addict","player_choice":"Stole Relic","floor":20.0,"gold_loss":0.0,"damage_taken":0.0,"relics_obtained":["Potion Belt"],"cards_obtained":["Shame"]}],"is_beta":false,"boss_relics":[{"not_picked":["Velvet Choker","Calling Bell"],"picked":"Inserter"}],"items_purged_floors":[13],"is_endless":false,"potions_floor_spawned":[8,10,16,18],"killed_by":"Gremlin Leader","ascension_level":3}}