{"host":"os7ajuuouznx3pj7","time":1609972357,"event":{"mods":["AchievementEnabler","BaseMod","Bestiary","Block Reminder","Colored Map","Colored Powertips","Keyboard Shortcuts","Minty Spire (QoL Compilation)","Quick Restart","Relic Sorter","Relic Stats","SuperFastMode"],"gold_per_floor":[112,125,138,138,138,138,155,181,181,213,270,270,46,122,122,221,221,231,231,250,267,267,300,300,325,325,352,352,352,364,381,381,486,486,501,446,186,204,214,214,244,244,270,40,66,76,88,102,102,102],"floor_reached":51,"playtime":8220,"items_purged":[],"score":1249,"play_id":"6da91f21-936d-4e76-a7ed-2ae6fea021c4","local_time":"20210106203237","is_ascension_mode":true,"campfire_choices":[{"data":"All Out Attack","floor":6.0,"key":"SMITH"},{"data":"Eviscerate","floor":12.0,"key":"SMITH"},{"data":"Unload","floor":15.0,"key":"SMITH"},{"data":"RitualDagger","floor":24.0,"key":"SMITH"},{"data":"Strike_G","floor":28.0,"key":"PURGE"},{"data":"Defend_G","floor":32.0,"key":"PURGE"},{"data":"Phantasmal Killer","floor":40.0,"key":"SMITH"},{"data":"Phantasmal Killer","floor":42.0,"key":"SMITH"},{"data":"A Thousand Cuts","floor":49,"key":"SMITH"}],"circlet_count":0,"master_deck":["Strike_G+1","Strike_G+1","Defend_G","Defend_G","Defend_G+1","Defend_G","Survivor","Neutralize","All Out Attack+1","Dagger Throw","Dagger Throw","Leg Sweep","Reflex","Eviscerate+1","Unload+1","Leg Sweep","Phantasmal Killer+1","Noxious Fumes","Phantasmal Killer+1","Reflex+1","Well Laid Plans","RitualDagger+1","Acrobatics","Backflip","PiercingWail+1","Prepared+1","Malaise","Footwork","Well Laid Plans","Deflect+1","Leg Sweep+1","A Thousand Cuts+1","Acrobatics","PiercingWail"],"relics":["Ring of the Snake","Coffee Dripper","Torii","CaptainsWheel","Calipers","HornCleat","InkBottle","Peace Pipe","Gremlin Horn","Centennial Puzzle","Matryoshka","Philosopher\u0027s Stone","Mercury Hourglass","Paper Crane","Tingsha","Singing Bowl","MealTicket","War Paint","Pen Nib"],"acts_visited":["Exordium","TheCity","TheBeyond"],"potions_floor_usage":[50,50],"damage_taken":[{"damage":4.0,"enemies":"2 Louse","floor":1.0,"turns":4.0},{"damage":2.0,"enemies":"Jaw Worm","floor":2.0,"turns":4.0},{"damage":0.0,"enemies":"Cultist","floor":3.0,"turns":4.0},{"damage":0.0,"enemies":"3 Louse","floor":7.0,"turns":2.0},{"damage":28.0,"enemies":"Gremlin Nob","floor":8.0,"turns":4.0},{"damage":11.0,"enemies":"3 Sentries","floor":10.0,"turns":5.0},{"damage":0.0,"enemies":"Slime Boss","floor":16.0,"turns":4.0},{"damage":1.0,"enemies":"2 Thieves","floor":18.0,"turns":4.0},{"damage":0.0,"enemies":"3 Byrds","floor":20.0,"turns":4.0},{"damage":0.0,"enemies":"3 Cultists","floor":21.0,"turns":3.0},{"damage":12.0,"enemies":"Slavers","floor":23.0,"turns":6.0},{"damage":0.0,"enemies":"Book of Stabbing","floor":25.0,"turns":4.0},{"damage":12.0,"enemies":"Slavers","floor":27.0,"turns":6.0},{"damage":0.0,"enemies":"Snake Plant","floor":30.0,"turns":5.0},{"damage":0.0,"enemies":"Snecko","floor":31.0,"turns":4.0},{"damage":0.0,"enemies":"Collector","floor":33.0,"turns":6.0},{"damage":0.0,"enemies":"3 Shapes","floor":35.0,"turns":3.0},{"damage":0.0,"enemies":"Orb Walker","floor":38.0,"turns":2.0},{"damage":0.0,"enemies":"Spire Growth","floor":39.0,"turns":4.0},{"damage":0.0,"enemies":"Nemesis","floor":41.0,"turns":5.0},{"damage":0,"enemies":"Giant Head","floor":45,"turns":6},{"damage":0,"enemies":"Transient","floor":46,"turns":5},{"damage":0,"enemies":"Jaw Worm Horde","floor":47,"turns":2},{"damage":0,"enemies":"Writhing Mass","floor":48,"turns":6},{"damage":1,"enemies":"Awakened One","floor":50,"turns":10}],"seed_played":"1027047245075910167","potions_obtained":[{"floor":1.0,"key":"Block Potion"},{"floor":3.0,"key":"SmokeBomb"},{"floor":10.0,"key":"FearPotion"},{"floor":21.0,"key":"Energy Potion"},{"floor":23.0,"key":"AttackPotion"},{"floor":30.0,"key":"FearPotion"},{"floor":31.0,"key":"Ancient Potion"},{"floor":33.0,"key":"GhostInAJar"},{"floor":39.0,"key":"Energy Potion"},{"floor":45,"key":"Regen Potion"},{"floor":46,"key":"EssenceOfSteel"}],"is_trial":false,"path_per_floor":["M","M","M","?","?","R","M","E","T","E","?","R","$","T","R","B",null,"M","?","M","M","?","E","R","E","T","E","R","T","M","M","R","B",null,"M","?","$","M","M","R","E","R","T","$","E","M","M","M","R","B",null],"character_chosen":"THE_SILENT","items_purchased":["Unload","Leg Sweep","Paper Crane","Leg Sweep","War Paint"],"campfire_rested":0,"item_purchase_floors":[13,13,37,44,44],"current_hp_per_floor":[66,64,64,69,53,53,53,25,25,14,14,14,14,14,14,14,65,64,64,64,64,58,46,46,46,46,34,34,34,34,34,34,34,70,70,70,70,70,70,70,70,70,70,82,82,82,82,84,84,83],"gold":102,"neow_bonus":"TEN_PERCENT_HP_BONUS","is_daily":false,"chose_seed":false,"campfire_upgraded":7,"win_rate":0.0,"timestamp":1609972357,"path_taken":["M","M","M","?","?","R","M","E","T","E","?","R","$","?","R","BOSS","M","?","M","M","?","E","R","E","T","E","R","?","M","M","R","BOSS","M","?","$","M","M","R","E","R","T","$","E","M","?","M","R","BOSS"],"items_purchased_type":["Card","Card","Relic","Card","Relic"],"build_version":"2020-12-22","purchased_purges":0,"victory":true,"max_hp_per_floor":[77,77,77,82,82,82,82,82,82,82,82,82,82,82,82,82,82,82,82,82,82,82,82,82,82,82,82,82,82,82,82,82,82,82,82,82,82,82,82,82,82,82,82,82,82,82,82,84,84,84],"relic_stats":{"Torii":11,"Gremlin Horn":[11,11],"Singing Bowl":2,"counters":[25,112],"Tingsha":[237],"Pen Nib":[3],"War Paint":["Defend_G","Leg Sweep"],"Mercury Hourglass":[122],"Peace Pipe":2,"Centennial Puzzle":[3],"MealTicket":12,"obtain_stats":[{"Calipers":10,"Torii":8,"Gremlin Horn":26,"Singing Bowl":43,"Tingsha":41,"Pen Nib":45,"Paper Crane":37,"War Paint":44,"Mercury Hourglass":36,"Peace Pipe":25,"CaptainsWheel":9,"Centennial Puzzle":27,"HornCleat":14,"Matryoshka":29,"Philosopher\u0027s Stone":34,"MealTicket":43,"Coffee Dripper":17,"InkBottle":23,"Ring of the Snake":0},{"Calipers":6,"Torii":5,"Gremlin Horn":12,"Singing Bowl":20,"Tingsha":20,"Pen Nib":21,"Paper Crane":17,"War Paint":20,"Mercury Hourglass":17,"Peace Pipe":12,"CaptainsWheel":5,"Centennial Puzzle":13,"HornCleat":6,"Matryoshka":13,"Philosopher\u0027s Stone":16,"MealTicket":20,"Coffee Dripper":7,"InkBottle":11,"Ring of the Snake":0},{"Calipers":23,"Torii":18,"Gremlin Horn":48,"Singing Bowl":83,"Tingsha":83,"Pen Nib":89,"Paper Crane":72,"War Paint":83,"Mercury Hourglass":72,"Peace Pipe":48,"CaptainsWheel":18,"Centennial Puzzle":54,"HornCleat":23,"Matryoshka":54,"Philosopher\u0027s Stone":69,"MealTicket":83,"Coffee Dripper":27,"InkBottle":44,"Ring of the Snake":0}],"InkBottle":[30],"Ring of the Snake":[50]},"card_choices":[{"not_picked":["Finisher","Backflip"],"picked":"All Out Attack","floor":1.0},{"not_picked":["Dagger Spray","Footwork"],"picked":"Dagger Throw","floor":2.0},{"not_picked":["Cloak And Dagger","Infinite Blades"],"picked":"Dagger Throw","floor":3.0},{"not_picked":["Backflip","Prepared"],"picked":"Leg Sweep","floor":7.0},{"not_picked":["Dagger Spray","Prepared"],"picked":"Reflex","floor":8.0},{"not_picked":["Riddle With Holes","Bane"],"picked":"Eviscerate","floor":10.0},{"not_picked":["Malaise","Die Die Die"],"picked":"Phantasmal Killer","floor":16.0},{"not_picked":["Deadly Poison","Dodge and Roll","Catalyst"],"picked":"SKIP","floor":18.0},{"not_picked":["Finisher+1","Distraction"],"picked":"Reflex+1","floor":20.0},{"not_picked":["All Out Attack","Underhanded Strike"],"picked":"Well Laid Plans","floor":21.0},{"not_picked":["Quick Slash","Backflip"],"picked":"Acrobatics","floor":23.0},{"not_picked":["Dagger Throw","Poisoned Stab","Sucker Punch"],"picked":"SKIP","floor":25.0},{"not_picked":["Distraction+1","Deadly Poison"],"picked":"Backflip","floor":27.0},{"not_picked":["Catalyst","Blur"],"picked":"PiercingWail+1","floor":30.0},{"not_picked":["Slice","Deadly Poison"],"picked":"Prepared+1","floor":31.0},{"not_picked":["Grand Finale","Die Die Die"],"picked":"Malaise","floor":33.0},{"not_picked":["Poisoned Stab+1","Distraction"],"picked":"Footwork","floor":35.0},{"not_picked":["Blade Dance","Outmaneuver"],"picked":"Well Laid Plans","floor":38.0},{"not_picked":["Outmaneuver+1","Underhanded Strike+1"],"picked":"Deflect+1","floor":39.0},{"not_picked":["Quick Slash","Sucker Punch+1","Distraction"],"picked":"SKIP","floor":41.0},{"not_picked":["Flying Knee","Deadly Poison"],"picked":"A Thousand Cuts","floor":45},{"not_picked":["Slice","Bane"],"picked":"Acrobatics","floor":46},{"not_picked":["Poisoned Stab","Dodge and Roll"],"picked":"PiercingWail","floor":47},{"not_picked":["Dagger Spray","Poisoned Stab","Outmaneuver+1"],"picked":"Singing Bowl","floor":48}],"player_experience":820769,"relics_obtained":[{"floor":8.0,"key":"Torii"},{"floor":9.0,"key":"CaptainsWheel"},{"floor":10.0,"key":"Calipers"},{"floor":14.0,"key":"HornCleat"},{"floor":23.0,"key":"InkBottle"},{"floor":25.0,"key":"Peace Pipe"},{"floor":26.0,"key":"Gremlin Horn"},{"floor":27.0,"key":"Centennial Puzzle"},{"floor":29.0,"key":"Matryoshka"},{"floor":41.0,"key":"Tingsha"},{"floor":43.0,"key":"Singing Bowl"},{"floor":43.0,"key":"MealTicket"},{"floor":45,"key":"Pen Nib"}],"event_choices":[{"damage_healed":0.0,"max_hp_gain":5.0,"max_hp_loss":0.0,"gold_gain":0.0,"event_name":"Big Fish","player_choice":"Donut","floor":4.0,"gold_loss":0.0,"damage_taken":0.0},{"damage_healed":0.0,"max_hp_gain":0.0,"max_hp_loss":0.0,"gold_gain":0.0,"event_name":"Shining Light","player_choice":"Entered Light","floor":5.0,"gold_loss":0.0,"damage_taken":16.0,"cards_upgraded":["Strike_G","Strike_G"]},{"damage_healed":0.0,"max_hp_gain":0.0,"max_hp_loss":0.0,"gold_gain":57.0,"event_name":"Golden Wing","player_choice":"Gained Gold","floor":11.0,"gold_loss":0.0,"damage_taken":0.0},{"damage_healed":0.0,"max_hp_gain":0.0,"max_hp_loss":0.0,"gold_gain":0.0,"cards_transformed":["Strike_G","Strike_G"],"event_name":"Drug Dealer","player_choice":"Became Test Subject","floor":19.0,"gold_loss":0.0,"damage_taken":0.0,"cards_obtained":["Noxious Fumes","Phantasmal Killer"]},{"damage_healed":0.0,"max_hp_gain":0.0,"max_hp_loss":0.0,"gold_gain":0.0,"event_name":"Nest","player_choice":"Joined the Cult","floor":22.0,"gold_loss":0.0,"damage_taken":6.0,"cards_obtained":["RitualDagger"]},{"damage_healed":0.0,"max_hp_gain":0.0,"max_hp_loss":0.0,"gold_gain":0.0,"event_name":"WeMeetAgain","player_choice":"Paid Gold","floor":36.0,"gold_loss":55.0,"damage_taken":0.0,"relics_obtained":["Mercury Hourglass"]}],"is_beta":false,"boss_relics":[{"not_picked":["Ectoplasm","Pandora\u0027s Box"],"picked":"Coffee Dripper"},{"not_picked":["Velvet Choker","Snecko Eye"],"picked":"Philosopher\u0027s Stone"}],"items_purged_floors":[],"is_endless":false,"potions_floor_spawned":[1,3,10,21,23,30,31,33,39,45,46,47],"ascension_level":7}}