{"host":"txhhdwa0hqfs4jhb","time":1609967754,"event":{"mods":["AchievementEnabler","BaseMod","Better Third Choice","Filter the Spire","Minty Spire (QoL Compilation)","Relic Stats","StSLib","Thieving Mod"],"gold_per_floor":[115,134,59,78,78,78,78,78,154,178,143,176,76,102,102,230,230,251,251,126,151,151,151,189,189,189,202,225,225,75,88,88,213,213,237,262,96,160,160,160,160,70,70,70,70,70,70,30,30,30],"floor_reached":51,"playtime":1982,"items_purged":["Eruption","Vigilance","Swivel","BowlingBash","MasterReality+1"],"score":983,"play_id":"0a79d74b-15f5-4aa3-9a94-22b98b351a9f","local_time":"20210106211554","is_ascension_mode":true,"campfire_choices":[{"data":"BattleHymn","floor":6.0,"key":"SMITH"},{"data":"MasterReality","floor":15.0,"key":"SMITH"},{"data":"Sanctity","floor":23.0,"key":"SMITH"},{"data":"InnerPeace","floor":25.0,"key":"SMITH"},{"data":"CrushJoints","floor":29.0,"key":"SMITH"},{"data":"Vault","floor":32.0,"key":"SMITH"},{"floor":40,"key":"REST"},{"data":"Panache","floor":44,"key":"SMITH"},{"floor":46,"key":"REST"},{"floor":49,"key":"RECALL"}],"circlet_count":0,"master_deck":["CrushJoints+1","InnerPeace+1","Sanctity+1","Panache+1"],"relics":["Pandora\u0027s Box","HornCleat","Golden Idol","Sundial","Orichalcum","Medical Kit","Potion Belt","Pen Nib","Odd Mushroom","Cursed Key","MutagenicStrength","Mummified Hand","Bag of Marbles","Du-Vu Doll","Kunai","Empty Cage","Membership Card","Lantern","Turnip"],"acts_visited":["Exordium","TheCity","TheBeyond"],"potions_floor_usage":[50,50,50,50,50],"damage_taken":[{"damage":10.0,"enemies":"2 Louse","floor":1.0,"turns":3.0},{"damage":0.0,"enemies":"Small Slimes","floor":2.0,"turns":4.0},{"damage":12.0,"enemies":"Jaw Worm","floor":4.0,"turns":3.0},{"damage":16.0,"enemies":"Exordium Wildlife","floor":10.0,"turns":4.0},{"damage":0.0,"enemies":"Lagavulin","floor":12.0,"turns":7.0},{"damage":0.0,"enemies":"The Mushroom Lair","floor":14.0,"turns":3.0},{"damage":3.0,"enemies":"Slime Boss","floor":16.0,"turns":7.0},{"damage":0.0,"enemies":"Shell Parasite","floor":18.0,"turns":4.0},{"damage":0.0,"enemies":"3 Byrds","floor":21.0,"turns":4.0},{"damage":24.0,"enemies":"Gremlin Leader","floor":24.0,"turns":2.0},{"damage":0.0,"enemies":"Centurion and Healer","floor":27.0,"turns":3.0},{"damage":0.0,"enemies":"Shelled Parasite and Fungi","floor":28.0,"turns":3.0},{"damage":0.0,"enemies":"Snake Plant","floor":31.0,"turns":3.0},{"damage":0.0,"enemies":"Champ","floor":33.0,"turns":3.0},{"damage":0.0,"enemies":"Orb Walker","floor":35.0,"turns":1.0},{"damage":0.0,"enemies":"3 Darklings","floor":36.0,"turns":1.0},{"damage":0,"enemies":"2 Orb Walkers","floor":38,"turns":2},{"damage":0,"enemies":"Awakened One","floor":50,"turns":2}],"seed_played":"1576397288038390981","potions_obtained":[{"floor":1.0,"key":"ColorlessPotion"},{"floor":4.0,"key":"Strength Potion"},{"floor":12.0,"key":"Regen Potion"},{"floor":16.0,"key":"Ancient Potion"},{"floor":18.0,"key":"Strength Potion"},{"floor":24.0,"key":"SkillPotion"},{"floor":36.0,"key":"ColorlessPotion"}],"is_trial":false,"path_per_floor":["M","M","$","M","$","R","?","?","T","M","?","E","$","?","R","B",null,"M","?","$","M","?","R","E","R","T","M","M","R","$","M","R","B",null,"M","M","$","?","?","R","?","$","T","R","?","R","?","$","R","B",null],"character_chosen":"WATCHER","items_purchased":["Lantern","Panache","DistilledChaos"],"campfire_rested":2,"item_purchase_floors":[37,42,48],"current_hp_per_floor":[62,62,62,50,55,55,43,24,24,8,27,27,27,27,27,39,77,77,77,77,77,77,77,53,53,53,53,53,53,53,53,53,53,77,77,77,77,77,77,77,77,77,77,77,73,73,73,73,73,73],"gold":30,"neow_bonus":"BOSS_RELIC","is_daily":false,"chose_seed":false,"campfire_upgraded":7,"win_rate":0.0,"timestamp":1609967754,"path_taken":["M","M","$","M","$","R","?","?","T","M","?","E","$","?","R","BOSS","M","?","$","M","?","R","E","R","T","M","M","R","$","M","R","BOSS","M","M","$","?","?","R","?","$","T","R","?","R","?","?","R","BOSS"],"items_purchased_type":["Relic","Card","Potion"],"build_version":"2020-12-22","purchased_purges":5,"victory":true,"max_hp_per_floor":[72,72,72,72,77,77,77,77,77,77,77,77,77,77,77,77,77,77,77,77,77,77,77,77,77,77,77,77,77,77,77,77,77,77,77,77,77,77,77,77,77,77,77,77,73,73,73,73,73,73],"relic_stats":{"counters":[18,59],"Golden Idol":144,"Sundial":[408],"Mummified Hand":[23],"Pandora\u0027s Box":["DeceiveReality","CrushJoints","MasterReality","Vault","InnerPeace","ClearTheMind","Swivel","BattleHymn"],"Pen Nib":[11],"Turnip":[0],"Kunai":[18],"Orichalcum":[36],"Medical Kit":[2],"Cursed Key":0,"obtain_stats":[{"Potion Belt":13,"Lantern":37,"Golden Idol":8,"Pen Nib":13,"Orichalcum":12,"Odd Mushroom":14,"Medical Kit":13,"Cursed Key":17,"Empty Cage":34,"Du-Vu Doll":24,"HornCleat":7,"Sundial":9,"Mummified Hand":20,"MutagenicStrength":19,"Pandora\u0027s Box":0,"Turnip":38,"Bag of Marbles":20,"Kunai":30,"Membership Card":37,"PureWater":0},{"Potion Belt":5,"Lantern":16,"Golden Idol":3,"Pen Nib":5,"Orichalcum":5,"Odd Mushroom":6,"Medical Kit":5,"Cursed Key":7,"Empty Cage":14,"Du-Vu Doll":10,"HornCleat":3,"Sundial":3,"Mummified Hand":8,"MutagenicStrength":8,"Pandora\u0027s Box":0,"Turnip":17,"Bag of Marbles":8,"Kunai":12,"Membership Card":16,"PureWater":0},{"Potion Belt":21,"Lantern":55,"Golden Idol":10,"Pen Nib":21,"Orichalcum":21,"Odd Mushroom":24,"Medical Kit":21,"Cursed Key":31,"Empty Cage":53,"Du-Vu Doll":41,"HornCleat":10,"Sundial":10,"Mummified Hand":35,"MutagenicStrength":35,"Pandora\u0027s Box":0,"Turnip":57,"Bag of Marbles":35,"Kunai":47,"Membership Card":55,"PureWater":0}]},"card_choices":[{"not_picked":["SignatureMove","WreathOfFlame"],"picked":"Sanctity","floor":1.0},{"not_picked":["Conclude","Fasting2"],"picked":"BowlingBash","floor":2.0},{"not_picked":["JustLucky","FearNoEvil","Evaluate"],"picked":"SKIP","floor":4.0},{"not_picked":["ClearTheMind","LikeWater","Worship"],"picked":"SKIP","floor":10.0},{"not_picked":["Evaluate","Study","CrushJoints"],"picked":"SKIP","floor":12.0},{"not_picked":["Swivel+1","WaveOfTheHand","CrushJoints+1"],"picked":"SKIP","floor":18.0},{"not_picked":["WheelKick","DeceiveReality","Protect"],"picked":"SKIP","floor":21.0},{"not_picked":["Crescendo+1","ThirdEye","TalkToTheHand"],"picked":"SKIP","floor":24.0},{"not_picked":["Prostrate","CrushJoints","Fasting2"],"picked":"SKIP","floor":27.0},{"not_picked":["Halt","Consecrate","FearNoEvil"],"picked":"SKIP","floor":28.0},{"not_picked":["InnerPeace","FlurryOfBlows","WaveOfTheHand+1"],"picked":"SKIP","floor":31.0},{"not_picked":["BowlingBash","SashWhip","CrushJoints"],"picked":"SKIP","floor":35.0},{"not_picked":["Evaluate+1","FollowUp","FlurryOfBlows+1"],"picked":"SKIP","floor":36.0}],"player_experience":211672,"relics_obtained":[{"floor":9.0,"key":"Sundial"},{"floor":12.0,"key":"Orichalcum"},{"floor":14.0,"key":"Odd Mushroom"},{"floor":24.0,"key":"Du-Vu Doll"},{"floor":38,"key":"Turnip"}],"event_choices":[{"damage_healed":0.0,"max_hp_gain":0.0,"max_hp_loss":0.0,"gold_gain":0.0,"event_name":"betterThird:BetterScrap","player_choice":"Relic ","floor":7.0,"gold_loss":0.0,"damage_taken":12.0,"cards_obtained":["Night Terror"]},{"damage_healed":0.0,"max_hp_gain":0.0,"max_hp_loss":0.0,"gold_gain":0.0,"event_name":"Golden Idol","player_choice":"Take Damage","floor":8.0,"gold_loss":0.0,"damage_taken":19.0,"relics_obtained":["Golden Idol"]},{"damage_healed":19.0,"max_hp_gain":0.0,"max_hp_loss":0.0,"gold_gain":0.0,"event_name":"The Cleric","player_choice":"Healed","floor":11.0,"gold_loss":35.0,"damage_taken":0.0},{"damage_healed":0.0,"max_hp_gain":0.0,"max_hp_loss":0.0,"gold_gain":0.0,"event_name":"Mushrooms","player_choice":"Fought Mushrooms","floor":14.0,"gold_loss":0.0,"damage_taken":0.0},{"damage_healed":0.0,"max_hp_gain":0.0,"max_hp_loss":0.0,"gold_gain":0.0,"event_name":"Drug Dealer","player_choice":"Inject Mutagens","floor":19.0,"gold_loss":0.0,"damage_taken":0.0,"relics_obtained":["MutagenicStrength"]},{"cards_removed":["ClearTheMind"],"damage_healed":0.0,"max_hp_gain":0.0,"max_hp_loss":0.0,"gold_gain":0.0,"event_name":"betterThird:BetterWriting","player_choice":"Elegance","floor":22.0,"gold_loss":0.0,"damage_taken":0.0},{"damage_healed":0,"gold_gain":0,"player_choice":"Fight","damage_taken":0,"max_hp_gain":0,"max_hp_loss":0,"event_name":"Mysterious Sphere","floor":38,"gold_loss":0},{"cards_removed":["BattleHymn"],"damage_healed":0,"gold_gain":0,"player_choice":"Removed Power","damage_taken":0,"max_hp_gain":0,"max_hp_loss":0,"event_name":"Falling","floor":39,"gold_loss":0},{"damage_healed":0,"gold_gain":0,"player_choice":"Ignored","damage_taken":0,"max_hp_gain":0,"max_hp_loss":0,"event_name":"Tomb of Lord Red Mask","floor":41,"gold_loss":0},{"damage_healed":0,"gold_gain":0,"player_choice":"Max HP","damage_taken":0,"max_hp_gain":0,"max_hp_loss":4,"event_name":"Winding Halls","floor":45,"gold_loss":0},{"damage_healed":0,"gold_gain":0,"player_choice":"Memory 1","damage_taken":0,"max_hp_gain":0,"max_hp_loss":0,"event_name":"SensoryStone","floor":47,"gold_loss":0}],"is_beta":false,"boss_relics":[{"not_picked":["Ectoplasm","Fusion Hammer"],"picked":"Cursed Key"},{"not_picked":["SlaversCollar","Busted Crown"],"picked":"Empty Cage"}],"items_purged_floors":[3,13,20,30,37],"is_endless":false,"potions_floor_spawned":[1,4,12,16,18,24,36],"ascension_level":2}}