{"host":"15dd7v8o90xso62x","time":1609938572,"event":{"mods":["BaseMod","Minty Spire (QoL Compilation)","Quick Restart","StSLib","SuperFastMode"],"gold_per_floor":[116,13,63,80,92,118,132,132,132,132,149,149,166,180,180,255,255,272,284,184,199,214,214,214,214],"floor_reached":24,"playtime":641,"items_purged":["Strike_B","Streamline"],"score":404,"play_id":"aa66dad8-77fb-4108-b764-68e17cc2f8f8","local_time":"20210106220932","is_ascension_mode":true,"campfire_choices":[{"data":"Defragment","floor":10.0,"key":"SMITH"},{"data":"Static Discharge","floor":15,"key":"SMITH"},{"floor":23,"key":"REST"}],"circlet_count":0,"master_deck":["AscendersBane","Zap","Dualcast","Coolheaded","Sweeping Beam","Static Discharge+1","Ball Lightning","Double Energy+1","Defragment+1","Buffer","Stack","Leap","Creative AI","Chaos","Loop","Multi-Cast","Hologram+1","Fusion+1"],"relics":["Cracked Core","NeowsBlessing","HornCleat","Girya","Pandora\u0027s Box"],"acts_visited":["Exordium","TheCity"],"potions_floor_usage":[22],"damage_taken":[{"damage":0.0,"enemies":"Cultist","floor":1.0,"turns":1.0},{"damage":0.0,"enemies":"2 Louse","floor":4.0,"turns":1.0},{"damage":0.0,"enemies":"Small Slimes","floor":5.0,"turns":1.0},{"damage":26.0,"enemies":"Lagavulin","floor":6.0,"turns":6.0},{"damage":4.0,"enemies":"Gremlin Gang","floor":7.0,"turns":4.0},{"damage":15.0,"enemies":"3 Louse","floor":11.0,"turns":3.0},{"damage":4,"enemies":"Looter","floor":13,"turns":3},{"damage":3,"enemies":"Blue Slaver","floor":14,"turns":3},{"damage":14,"enemies":"Hexaghost","floor":16,"turns":9},{"damage":4,"enemies":"3 Byrds","floor":18,"turns":4},{"damage":0,"enemies":"Chosen","floor":19,"turns":5},{"damage":17,"enemies":"Snake Plant","floor":21,"turns":3},{"damage":30,"enemies":"Snecko","floor":22,"turns":6},{"damage":0,"enemies":"Slavers","floor":24,"turns":1}],"seed_played":"-1844967193464439602","potions_obtained":[{"floor":4.0,"key":"SneckoOil"},{"floor":6.0,"key":"FairyPotion"},{"floor":13,"key":"SteroidPotion"},{"floor":18,"key":"ColorlessPotion"},{"floor":22,"key":"DuplicationPotion"}],"is_trial":false,"path_per_floor":["M","$","?","M","M","E","M","?","T","R","M","?","M","M","R","B",null,"M","M","$","M","M","R","E"],"character_chosen":"DEFECT","items_purchased":["Sweeping Beam"],"campfire_rested":1,"item_purchase_floors":[2],"current_hp_per_floor":[64,64,64,64,64,38,34,34,34,34,19,19,15,12,12,21,59,55,55,55,38,8,29,29,29],"gold":214,"neow_bonus":"THREE_ENEMY_KILL","is_daily":false,"chose_seed":false,"campfire_upgraded":2,"win_rate":0.0,"timestamp":1609938572,"path_taken":["M","?","?","M","?","E","M","?","T","R","?","?","?","M","R","BOSS","M","M","$","M","M","R","E"],"items_purchased_type":["Card"],"build_version":"2020-12-22","purchased_purges":2,"victory":false,"max_hp_per_floor":[71,71,71,71,71,71,71,71,71,71,71,71,71,71,71,71,71,71,71,71,71,71,71,71,71],"card_choices":[{"not_picked":["Barrage","Doom and Gloom"],"picked":"Coolheaded","floor":1.0},{"not_picked":["Hologram","Darkness"],"picked":"Static Discharge","floor":4.0},{"not_picked":["Rebound","Leap"],"picked":"Ball Lightning","floor":5.0},{"not_picked":["Rip and Tear","Cold Snap"],"picked":"Double Energy","floor":6.0},{"not_picked":["Recycle","Static Discharge"],"picked":"Defragment","floor":7.0},{"not_picked":["Coolheaded","Ball Lightning","Go for the Eyes"],"picked":"SKIP","floor":11.0},{"not_picked":["Sweeping Beam","Redo","Coolheaded"],"picked":"SKIP","floor":13},{"not_picked":["Coolheaded","Scrape","Multi-Cast"],"picked":"SKIP","floor":14},{"not_picked":["Machine Learning","Biased Cognition"],"picked":"Buffer","floor":16},{"not_picked":["Cold Snap","Beam Cell","Scrape"],"picked":"SKIP","floor":18},{"not_picked":["Streamline","Stack","Ball Lightning"],"picked":"SKIP","floor":19},{"not_picked":["Go for the Eyes","Machine Learning"],"picked":"Hologram+1","floor":21},{"not_picked":["Barrage","Compile Driver"],"picked":"Fusion+1","floor":22}],"player_experience":1005226,"relics_obtained":[{"floor":6.0,"key":"HornCleat"},{"floor":9.0,"key":"Girya"}],"event_choices":[{"damage_healed":0.0,"max_hp_gain":0.0,"max_hp_loss":0.0,"gold_gain":50.0,"event_name":"Golden Shrine","player_choice":"Pray","floor":3.0,"gold_loss":0.0,"damage_taken":0.0},{"damage_healed":0.0,"max_hp_gain":0.0,"max_hp_loss":0.0,"gold_gain":0.0,"cards_transformed":["Strike_B"],"event_name":"Transmorgrifier","player_choice":"Transformed","floor":8.0,"gold_loss":0.0,"damage_taken":0.0,"cards_obtained":["Streamline"]},{"damage_healed":0,"gold_gain":0,"player_choice":"Upgraded","damage_taken":0,"max_hp_gain":0,"max_hp_loss":0,"event_name":"Upgrade Shrine","floor":12,"gold_loss":0,"cards_upgraded":["Double Energy"]}],"is_beta":false,"boss_relics":[{"not_picked":["Coffee Dripper","Snecko Eye"],"picked":"Pandora\u0027s Box"}],"items_purged_floors":[2,20],"is_endless":false,"potions_floor_spawned":[4,6,13,18,22],"killed_by":"Slavers","ascension_level":20}}