{"host":"uoq8e77duj6rs50g","time":1609899774,"event":{"mods":["BaseMod","Better Match","Better Note","Better Third Choice","BetterRewards","Block Reminder","ChefMod","Curses Come First","Hermit","Hubris","Ironclad Rager","Minty Spire (QoL Compilation)","Relic Stats","Replay The Spire","Shade Mod","StSLib","The Blue Laboratory","The Cursed","The Dragon Tamer","The Exalted","The Judge","The Marked","The Runesmith","The Servant 0.9.4","TheSwordswoman"],"gold_per_floor":[117,117,117,132,151,151,151,151],"floor_reached":7,"playtime":142,"items_purged":[],"score":43,"play_id":"60414042-2f03-42d6-b50a-5fed598a5c20","local_time":"20210105212254","is_ascension_mode":true,"campfire_choices":[{"data":"WordoMod:LordOfTheFlies","floor":6.0,"key":"SMITH"}],"circlet_count":0,"master_deck":["WordoMod:StrikeCard","WordoMod:StrikeCard","WordoMod:StrikeCard","WordoMod:StrikeCard","WordoMod:DefendCard","WordoMod:DefendCard","WordoMod:DefendCard","WordoMod:Accursed","WordoMod:IllWill","WordoMod:LanternFlame","WordoMod:Resurrection","hubris:Compulsion","WordoMod:LordOfTheFlies+1"],"relics":["WordoMod:Obsidian","WordoMod:Effigy","NeowsBlessing","hubris:Icosahedron"],"acts_visited":["Exordium"],"potions_floor_usage":[],"damage_taken":[{"damage":0.0,"enemies":"Small Slimes","floor":1.0,"turns":1.0},{"damage":0.0,"enemies":"Cultist","floor":4.0,"turns":1.0},{"damage":0.0,"enemies":"2 Louse","floor":5.0,"turns":1.0},{"damage":0,"enemies":"3 Sentries","floor":7,"turns":1}],"seed_played":"-6405310645726108006","potions_obtained":[],"is_trial":false,"path_per_floor":["M","?","?","M","M","R","E"],"character_chosen":"JUDGE_CLASS","items_purchased":[],"campfire_rested":0,"item_purchase_floors":[],"current_hp_per_floor":[75,75,75,75,75,75,75,75],"gold":151,"neow_bonus":"THREE_ENEMY_KILL","is_daily":false,"chose_seed":false,"campfire_upgraded":1,"win_rate":0.0,"timestamp":1609899774,"path_taken":["M","?","?","?","M","R","E"],"items_purchased_type":[],"build_version":"2020-12-22","purchased_purges":0,"victory":false,"max_hp_per_floor":[75,75,75,75,75,75,75,75],"relic_stats":{"counters":[4,4],"obtain_stats":[{"WordoMod:Effigy":0,"hubris:Icosahedron":2,"NeowsBlessing":0,"WordoMod:Obsidian":0},{"WordoMod:Effigy":0,"hubris:Icosahedron":1,"NeowsBlessing":0,"WordoMod:Obsidian":0},{"WordoMod:Effigy":0,"hubris:Icosahedron":1,"NeowsBlessing":0,"WordoMod:Obsidian":0}]},"card_choices":[{"not_picked":["WordoMod:WillOWisp","WordoMod:ScatterAshes"],"picked":"WordoMod:LanternFlame","floor":1.0},{"not_picked":["WordoMod:ShackleGuard","WordoMod:CurseBuckler"],"picked":"WordoMod:Resurrection","floor":4.0},{"not_picked":["Doubt","Delirium"],"picked":"hubris:Compulsion","floor":5.0},{"not_picked":["WordoMod:LanternFlame","WordoMod:Spite"],"picked":"WordoMod:LordOfTheFlies","floor":5.0}],"player_experience":385367,"relics_obtained":[],"event_choices":[{"cards_removed":["WordoMod:DefendCard"],"damage_healed":0.0,"max_hp_gain":0.0,"max_hp_loss":0.0,"gold_gain":0.0,"event_name":"Bonfire Elementals","player_choice":"Offered Basic","floor":3.0,"gold_loss":0.0,"damage_taken":0.0}],"is_beta":false,"boss_relics":[],"items_purged_floors":[],"is_endless":false,"potions_floor_spawned":[],"killed_by":"3 Sentries","ascension_level":1}}