{"host":"9n6i2vl93jt4o42q","time":1609941958,"event":{"mods":["BaseMod","Downfall","Minty Spire (QoL Compilation)","Relic Stats","StSLib"],"gold_per_floor":[99,114,137,137,137,137,213,239,89,99,118,135,168,183,200,304,304,229,249,269,304,42,70,124,124,154,165,165,165,175,175,191,286,286,286,302,302,317,317,317,396,422,422,60,90,103,103,103,115,115,115,146,146,146,146],"floor_reached":56,"playtime":9187,"items_purged":["Slimebound:Tackle+1"],"score":1715,"play_id":"1d612fe7-d889-4f02-a031-9b2b229927c7","local_time":"20210106150558","is_ascension_mode":true,"campfire_choices":[{"data":"expansioncontent:DefensiveStance","floor":1.0,"key":"SMITH"},{"floor":6.0,"key":"RECALL"},{"data":"Guardian:Harden","floor":9.0,"key":"SMITH"},{"data":"Guardian:DecasProtection","floor":18.0,"key":"SMITH"},{"data":"Apotheosis","floor":29.0,"key":"SMITH"},{"data":"Guardian:StasisEngine","floor":35.0,"key":"SMITH"},{"data":"Guardian:Repulse","floor":43,"key":"SMITH"},{"data":"Guardian:SentryBeam","floor":47,"key":"SMITH"},{"data":"Guardian:BronzeArmor","floor":54,"key":"SMITH"}],"circlet_count":0,"master_deck":["Guardian:CurlUp","Guardian:TwinSlam","expansioncontent:DefensiveStance+1","Guardian:BronzeOrb","Guardian:ChargeCore","Guardian:Harden+1","Guardian:DonusPower","Guardian:Planning","Guardian:BronzeOrb","Guardian:DecasProtection+1","Guardian:SentryBeam+1","Guardian:Recover","Guardian:FloatingOrbs","Guardian:EvasiveProtocol","Guardian:Incinerate","Apotheosis+1","Guardian:PiercingHide","Guardian:WalkerClaw+1","Necronomicurse","Guardian:TemporalShield+1","Guardian:Reroute+1","Slimebound:Tackle+1","Guardian:Repulse+1","Guardian:StasisEngine+1","Guardian:FastForward+1","Guardian:GuardianWhirl+1","Guardian:SpikerProtocol","Guardian:ShieldCharger+1","Guardian:BronzeArmor+1","Guardian:EvasiveProtocol","Guardian:DecasProtection+1","Guardian:Orbwalk+1"],"relics":["Guardian:ModeShifter","Anchor","Orichalcum","downfall:HeartBlessingRed","downfall:HeartBlessingBlue","Ornamental Fan","Empty Cage","downfall:HeartBlessingGreen","Red Mask","Calipers","Bag of Preparation","Necronomicon","HornCleat","Astrolabe","Centennial Puzzle","Kunai","Blue Candle","Blood Vial","Omamori","HandDrill","Oddly Smooth Stone","Guardian:PickAxe"],"acts_visited":["Exordium","TheCity","TheBeyond","TheEnding"],"potions_floor_usage":[],"damage_taken":[{"damage":0.0,"enemies":"Cultist","floor":2.0,"turns":6.0},{"damage":10.0,"enemies":"Lagavulin","floor":8.0,"turns":8.0},{"damage":0.0,"enemies":"Jaw Worm","floor":10.0,"turns":2.0},{"damage":0.0,"enemies":"2 Louse","floor":11.0,"turns":2.0},{"damage":0.0,"enemies":"Red Slaver","floor":12.0,"turns":3.0},{"damage":0.0,"enemies":"3 Sentries","floor":13.0,"turns":8.0},{"damage":2.0,"enemies":"Blue Slaver","floor":14.0,"turns":3.0},{"damage":0.0,"enemies":"3 Louse","floor":15.0,"turns":3.0},{"damage":0.0,"enemies":"downfall:Watcher","floor":16.0,"turns":9.0},{"damage":0.0,"enemies":"Spheric Guardian","floor":19.0,"turns":5.0},{"damage":0.0,"enemies":"Centurion and Healer","floor":20.0,"turns":6.0},{"damage":10.0,"enemies":"Masked Bandits","floor":21.0,"turns":4.0},{"damage":0.0,"enemies":"downfall:FleeingMerchant","floor":22.0,"turns":4.0},{"damage":7.0,"enemies":"Slavers","floor":23.0,"turns":6.0},{"damage":4.0,"enemies":"Gremlin Leader","floor":26.0,"turns":6.0},{"damage":0.0,"enemies":"3 Cultists","floor":27.0,"turns":5.0},{"damage":0.0,"enemies":"Shelled Parasite and Fungi","floor":30.0,"turns":4.0},{"damage":0.0,"enemies":"Snake Plant","floor":32.0,"turns":2.0},{"damage":3.0,"enemies":"downfall:Silent","floor":33.0,"turns":7.0},{"damage":0.0,"enemies":"3 Darklings","floor":36.0,"turns":3.0},{"damage":0,"enemies":"3 Shapes","floor":38,"turns":3},{"damage":0,"enemies":"Reptomancer","floor":42,"turns":5},{"damage":1,"enemies":"downfall:FleeingMerchant","floor":44,"turns":4},{"damage":0,"enemies":"Nemesis","floor":45,"turns":5},{"damage":0,"enemies":"3 Darklings","floor":46,"turns":5},{"damage":0,"enemies":"Transient","floor":49,"turns":5},{"damage":0,"enemies":"downfall:Ironclad","floor":50,"turns":5},{"damage":0,"enemies":"downfall:CharBossMerchant","floor":52,"turns":7},{"damage":1,"enemies":"downfall:NeowBoss","floor":55,"turns":16}],"seed_played":"-7529526498796529661","potions_obtained":[{"floor":8.0,"key":"ColorlessPotion"},{"floor":11.0,"key":"DistilledChaos"},{"floor":14.0,"key":"Swift Potion"},{"floor":15.0,"key":"Ancient Potion"},{"floor":23.0,"key":"Fruit Juice"},{"floor":30.0,"key":"Guardian:DefensiveModePotion"},{"floor":33.0,"key":"PowerPotion"}],"is_trial":false,"path_per_floor":["R","M","T","?","?","R","T","E","R","M","M","M","E","M","M","B",null,"R","M","M","?","$","E","T","?","E","M","?","R","M","?","M","B",null,"R","M","?","M","T","?","T","E","R","$","E","M","R","?","M","B",null,"E","$","R","B",null],"character_chosen":"GUARDIAN","items_purchased":["Apotheosis","Guardian:PiercingHide","Blood Vial","Omamori","HandDrill","Guardian:BronzeArmor","Guardian:EvasiveProtocol"],"campfire_rested":0,"item_purchase_floors":[22,22,44,44,44,44,44],"current_hp_per_floor":[80,80,80,80,80,80,80,70,80,80,80,80,80,78,78,78,90,90,90,90,80,80,73,73,57,53,53,53,53,58,58,58,55,95,95,95,95,95,95,95,95,95,95,94,95,95,95,95,95,95,95,95,95,95,94],"gold":146,"neow_bonus":"RANDOM_COLORLESS","is_daily":false,"chose_seed":false,"campfire_upgraded":8,"win_rate":0.0,"timestamp":1609941958,"path_taken":["R","M","?","?","?","R","T","E","R","M","?","M","E","M","M","BOSS","R","M","M","?","$","E","T","?","E","M","?","R","M","?","M","BOSS","R","M","?","M","?","?","T","E","R","$","E","?","R","?","M","BOSS","E","$","R","BOSS"],"items_purchased_type":["Card","Card","Relic","Relic","Relic","Card","Card"],"build_version":"2020-12-22","purchased_purges":1,"victory":true,"max_hp_per_floor":[80,80,80,80,80,80,80,80,90,90,90,90,90,90,90,90,90,90,90,90,90,90,90,90,90,90,90,90,90,95,95,95,95,95,95,95,95,95,95,95,95,95,95,95,95,95,95,95,95,95,95,95,95,95,95],"relic_stats":{"Blood Vial":1,"Centennial Puzzle":[6],"counters":[29,151],"Ornamental Fan":[340],"Astrolabe":["Guardian:FastForward","Guardian:GuardianWhirl","Guardian:ConstructionForm"],"Blue Candle":[2],"Bag of Preparation":[30],"Necronomicon":[32],"HandDrill":[24],"Kunai":[51],"Orichalcum":[0],"obtain_stats":[{"Calipers":23,"downfall:HeartBlessingRed":9,"Astrolabe":34,"Blue Candle":42,"Guardian:ModeShifter":0,"Oddly Smooth Stone":45,"downfall:HeartBlessingGreen":18,"Bag of Preparation":24,"Omamori":44,"Orichalcum":8,"Empty Cage":17,"Blood Vial":44,"Guardian:PickAxe":52,"Anchor":3,"Centennial Puzzle":39,"HornCleat":26,"downfall:HeartBlessingBlue":9,"Ornamental Fan":13,"Red Mask":21,"Necronomicon":25,"HandDrill":44,"Kunai":41},{"Calipers":14,"downfall:HeartBlessingRed":2,"Astrolabe":19,"Blue Candle":22,"Guardian:ModeShifter":0,"Oddly Smooth Stone":24,"downfall:HeartBlessingGreen":9,"Bag of Preparation":14,"Omamori":23,"Orichalcum":2,"Empty Cage":9,"Blood Vial":23,"Guardian:PickAxe":28,"Anchor":1,"Centennial Puzzle":21,"HornCleat":15,"downfall:HeartBlessingBlue":2,"Ornamental Fan":6,"Red Mask":12,"Necronomicon":14,"HandDrill":23,"Kunai":21},{"Calipers":69,"downfall:HeartBlessingRed":14,"Astrolabe":93,"Blue Candle":104,"Guardian:ModeShifter":0,"Oddly Smooth Stone":113,"downfall:HeartBlessingGreen":44,"Bag of Preparation":69,"Omamori":108,"Orichalcum":14,"Empty Cage":44,"Blood Vial":108,"Guardian:PickAxe":135,"Anchor":6,"Centennial Puzzle":99,"HornCleat":75,"downfall:HeartBlessingBlue":14,"Ornamental Fan":29,"Red Mask":59,"Necronomicon":69,"HandDrill":108,"Kunai":99}]},"card_choices":[{"not_picked":["expansioncontent:PolyBeam","Trip"],"picked":"expansioncontent:DefensiveStance","floor":0.0},{"not_picked":["Guardian:Gem_Cyan","Guardian:Gem_Lightblue"],"picked":"Guardian:BronzeOrb","floor":2.0},{"not_picked":["Guardian:Incinerate","Guardian:Gem_Yellow"],"picked":"Guardian:Gem_Crimson","floor":8.0},{"not_picked":["Guardian:Gem_Lightblue","Guardian:Orbwalk"],"picked":"Guardian:DonusPower","floor":10.0},{"not_picked":["Guardian:Incinerate","Guardian:Gem_Green"],"picked":"Guardian:Planning","floor":11.0},{"not_picked":["Guardian:Gem_Red","Guardian:Planning"],"picked":"Guardian:BronzeOrb","floor":12.0},{"not_picked":["Guardian:DonusPower","Guardian:PrimingBeam"],"picked":"Guardian:DecasProtection","floor":13.0},{"not_picked":["Guardian:Gem_Fragmented","Guardian:Emergency"],"picked":"Guardian:SentryBeam","floor":14.0},{"not_picked":["Guardian:Incinerate","Guardian:FuturePlans"],"picked":"Guardian:Recover","floor":15.0},{"not_picked":["Guardian:GemFire","Guardian:BaubleBeam"],"picked":"Guardian:Gem_Synthetic","floor":16.0},{"not_picked":["Guardian:Incinerate","Guardian:Gem_Lightblue"],"picked":"Guardian:FloatingOrbs","floor":19.0},{"not_picked":["Guardian:Gem_Green","Guardian:ShieldCharger"],"picked":"Guardian:EvasiveProtocol","floor":20.0},{"not_picked":["Guardian:DonusPower","Guardian:Clone"],"picked":"Guardian:Incinerate","floor":22.0},{"not_picked":["Guardian:RollAttack","Guardian:DecasProtection"],"picked":"Guardian:WalkerClaw+1","floor":23.0},{"not_picked":["Guardian:DonusPower","Guardian:CompilePackage"],"picked":"Guardian:TemporalShield+1","floor":26.0},{"not_picked":["Guardian:Gem_Fragmented","Guardian:ChargeCore"],"picked":"Guardian:Gem_Yellow","floor":27.0},{"not_picked":["Guardian:ChargeCore","Guardian:TemporalStrike"],"picked":"Guardian:Reroute+1","floor":30.0},{"not_picked":["Guardian:Emergency","Guardian:Incinerate+1"],"picked":"Guardian:Repulse","floor":32.0},{"not_picked":["Guardian:ConstructionForm","Guardian:GatlingBeam"],"picked":"Guardian:StasisEngine","floor":33.0},{"not_picked":["Guardian:Gem_Cyan","Guardian:PiercingHide+1"],"picked":"Guardian:SpikerProtocol","floor":36.0},{"not_picked":["Guardian:Repulse+1","Guardian:PrismaticBarrier"],"picked":"Guardian:ShieldCharger+1","floor":38},{"not_picked":["Guardian:StasisStrike","Guardian:CrystalBeam","Guardian:VentSteam+1"],"picked":"SKIP","floor":42},{"not_picked":["Guardian:Gem_Red","Guardian:HyperBeam_Guardian","Guardian:TemporalStrike+1"],"picked":"SKIP","floor":44},{"not_picked":["Guardian:Gem_Fragmented","Guardian:ShieldSpikes"],"picked":"Guardian:DecasProtection+1","floor":45},{"not_picked":["Guardian:GuardianWhirl","Guardian:ShieldCharger","Guardian:Reroute+1"],"picked":"SKIP","floor":46},{"not_picked":["Guardian:ShieldCharger+1","Guardian:TemporalShield+1"],"picked":"Guardian:Orbwalk+1","floor":49},{"not_picked":["Guardian:CrystalBeam+1","Guardian:PrimingBeam"],"picked":"Guardian:Gem_Yellow","floor":52}],"player_experience":2148370,"relics_obtained":[{"floor":3.0,"key":"Anchor"},{"floor":8.0,"key":"Orichalcum"},{"floor":13.0,"key":"Ornamental Fan"},{"floor":21.0,"key":"Red Mask"},{"floor":23.0,"key":"Calipers"},{"floor":24.0,"key":"Bag of Preparation"},{"floor":25.0,"key":"Necronomicon"},{"floor":26.0,"key":"HornCleat"},{"floor":39,"key":"Centennial Puzzle"},{"floor":41,"key":"Kunai"},{"floor":42,"key":"Blue Candle"},{"floor":45,"key":"Oddly Smooth Stone"},{"floor":52,"key":"Guardian:PickAxe"}],"event_choices":[{"cards_removed":["Guardian:Strike_Guardian"],"damage_healed":0.0,"max_hp_gain":0.0,"max_hp_loss":0.0,"gold_gain":0.0,"event_name":"The Cleric","player_choice":"Card Removal","floor":4.0,"gold_loss":0.0,"damage_taken":0.0},{"damage_healed":0.0,"max_hp_gain":0.0,"max_hp_loss":0.0,"gold_gain":0.0,"event_name":"Masked Bandits","player_choice":"Fought Bandits","floor":21.0,"gold_loss":0.0,"damage_taken":0.0},{"cards_removed":["Slimebound:Tackle"],"damage_healed":0,"gold_gain":0,"player_choice":"Card Removal","damage_taken":0,"max_hp_gain":0,"max_hp_loss":0,"event_name":"Wheel of Change","floor":48,"gold_loss":0}],"is_beta":false,"boss_relics":[{"not_picked":["Runic Dome","Guardian:StasisSlotReductionRelic"],"picked":"Empty Cage"},{"not_picked":["Snecko Eye","SacredBark"],"picked":"Astrolabe"}],"items_purged_floors":[44],"is_endless":false,"potions_floor_spawned":[8,11,14,15,19,23,30,33,36,46,49],"ascension_level":3}}