{"host":"3a1ypf1irl30q4k8","time":1609965735,"event":{"mods":["AchievementEnabler","BaseMod","Bestiary","Colored Map","Minty Spire (QoL Compilation)","Relic Stats"],"gold_per_floor":[110,60,73,89,89,119,119,138,138,138,165,179,193,193,193,288,288,325,61,61,74,74,74,106,143,143,143,143,177,4,4,4,4,4],"floor_reached":33,"playtime":1587,"items_purged":["Strike_P","Strike_P"],"score":308,"play_id":"d158453d-8422-403f-b691-3ee48a8fa2a5","local_time":"20210106204215","is_ascension_mode":true,"campfire_choices":[{"data":"Vigilance","floor":7,"key":"SMITH"},{"data":"ThirdEye","floor":10,"key":"SMITH"},{"floor":15,"key":"REST"},{"data":"BowlingBash","floor":23,"key":"SMITH"},{"floor":27,"key":"REST"},{"floor":32,"key":"REST"}],"circlet_count":0,"master_deck":["Strike_P","Defend_P","Defend_P","Defend_P","Eruption+1","Vigilance+1","Prostrate","Meditate","FlurryOfBlows","Sanctity","ThirdEye+1","WreathOfFlame+1","BowlingBash+1","Crescendo","Wish","FlyingSleeves+1","Ragnarok","LikeWater","Halt","Halt","FollowUp","TalkToTheHand","Adaptation"],"relics":["PureWater","Bronze Scales","Pantograph","Torii","SacredBark","Omamori","MealTicket","Enchiridion","Calipers"],"acts_visited":["Exordium","TheCity"],"potions_floor_usage":[11,11,18,18,24],"damage_taken":[{"damage":0,"enemies":"Small Slimes","floor":1,"turns":2},{"damage":0,"enemies":"Jaw Worm","floor":3,"turns":3},{"damage":0,"enemies":"Cultist","floor":4,"turns":3},{"damage":32,"enemies":"Lagavulin","floor":6,"turns":5},{"damage":0,"enemies":"2 Fungi Beasts","floor":8,"turns":3},{"damage":30,"enemies":"Gremlin Nob","floor":11,"turns":4},{"damage":1,"enemies":"Looter","floor":12,"turns":4},{"damage":1,"enemies":"Large Slime","floor":13,"turns":3},{"damage":19,"enemies":"The Guardian","floor":16,"turns":10},{"damage":2,"enemies":"3 Byrds","floor":18,"turns":3},{"damage":8,"enemies":"Chosen","floor":21,"turns":6},{"damage":20,"enemies":"Book of Stabbing","floor":24,"turns":4},{"damage":10,"enemies":"Snecko","floor":25,"turns":4},{"damage":11,"enemies":"Gremlin Leader","floor":29,"turns":4},{"damage":79,"enemies":"Champ","floor":33,"turns":12}],"seed_played":"-5497001423743036290","potions_obtained":[{"floor":6,"key":"ColorlessPotion"},{"floor":8,"key":"DistilledChaos"},{"floor":13,"key":"GamblersBrew"},{"floor":16,"key":"BottledMiracle"},{"floor":21,"key":"Strength Potion"}],"is_trial":false,"path_per_floor":["M","?","M","M","?","E","R","M","T","R","E","M","M","?","R","B",null,"M","$","?","M","?","R","E","M","T","R","?","E","$","?","R","B"],"character_chosen":"WATCHER","items_purchased":["Ragnarok","LikeWater","Adaptation"],"campfire_rested":3,"item_purchase_floors":[19,19,30],"current_hp_per_floor":[72,72,72,72,72,40,40,40,40,40,10,9,8,8,29,35,72,70,70,70,62,62,62,42,32,32,53,37,26,41,41,62,0,0],"gold":4,"neow_bonus":"UPGRADE_CARD","is_daily":false,"chose_seed":false,"campfire_upgraded":3,"win_rate":0.0,"timestamp":1609965735,"path_taken":["M","?","M","M","?","E","R","M","T","R","E","M","M","?","R","BOSS","M","$","?","M","?","R","E","M","T","R","?","E","$","?","R","BOSS"],"items_purchased_type":["Card","Card","Card"],"build_version":"2020-12-22","purchased_purges":2,"victory":false,"max_hp_per_floor":[72,72,72,72,72,72,72,72,72,72,72,72,72,72,72,72,72,72,72,72,72,72,72,72,72,72,72,72,72,72,72,72,72,72],"relic_stats":{"Torii":16,"counters":[15,70],"Bronze Scales":[159],"Pantograph":35,"MealTicket":15,"obtain_stats":[{"Calipers":29,"Torii":11,"Bronze Scales":6,"Pantograph":9,"SacredBark":17,"Enchiridion":28,"MealTicket":26,"Omamori":24,"PureWater":0},{"Calipers":14,"Torii":6,"Bronze Scales":4,"Pantograph":5,"SacredBark":9,"Enchiridion":13,"MealTicket":13,"Omamori":12,"PureWater":0},{"Calipers":58,"Torii":20,"Bronze Scales":13,"Pantograph":16,"SacredBark":37,"Enchiridion":54,"MealTicket":54,"Omamori":50,"PureWater":0}]},"card_choices":[{"not_picked":["Protect","Perseverance"],"picked":"Prostrate","floor":1},{"not_picked":["EmptyBody","Halt"],"picked":"Meditate","floor":3},{"not_picked":["Swivel","PathToVictory"],"picked":"FlurryOfBlows","floor":4},{"not_picked":["JustLucky","Crescendo"],"picked":"Sanctity","floor":6},{"not_picked":["PathToVictory","FollowUp"],"picked":"ThirdEye","floor":8},{"not_picked":["Halt","DevaForm"],"picked":"WreathOfFlame","floor":11},{"not_picked":["ThirdEye","FlurryOfBlows"],"picked":"BowlingBash","floor":12},{"not_picked":["BowlingBash","Swivel"],"picked":"Crescendo","floor":13},{"not_picked":["ConjureBlade","MasterReality"],"picked":"Wish","floor":16},{"not_picked":["Halt","Wireheading+1"],"picked":"FlyingSleeves+1","floor":18},{"not_picked":["FlurryOfBlows+1","Crescendo"],"picked":"Halt","floor":21},{"not_picked":["CrushJoints+1","SignatureMove"],"picked":"Halt","floor":24},{"not_picked":["Pray","Perseverance"],"picked":"FollowUp","floor":25},{"not_picked":["FollowUp","Tantrum"],"picked":"TalkToTheHand","floor":29}],"player_experience":981483,"relics_obtained":[{"floor":6,"key":"Bronze Scales"},{"floor":9,"key":"Pantograph"},{"floor":11,"key":"Torii"},{"floor":24,"key":"Omamori"},{"floor":26,"key":"MealTicket"},{"floor":28,"key":"Enchiridion"},{"floor":29,"key":"Calipers"}],"event_choices":[{"cards_removed":["Defend_P"],"damage_healed":0,"gold_gain":0,"player_choice":"Card Removal","damage_taken":0,"max_hp_gain":0,"max_hp_loss":0,"event_name":"The Cleric","floor":2,"gold_loss":50},{"damage_healed":0,"gold_gain":0,"player_choice":"Ignored","damage_taken":0,"max_hp_gain":0,"max_hp_loss":0,"event_name":"Liars Game","floor":5,"gold_loss":0},{"damage_healed":0,"gold_gain":0,"player_choice":"Upgraded","damage_taken":0,"max_hp_gain":0,"max_hp_loss":0,"event_name":"Upgrade Shrine","floor":14,"gold_loss":0,"cards_upgraded":["WreathOfFlame"]},{"cards_removed":["Strike_P"],"damage_healed":0,"gold_gain":0,"player_choice":"Elegance","damage_taken":0,"max_hp_gain":0,"max_hp_loss":0,"event_name":"Back to Basics","floor":22,"gold_loss":0},{"damage_healed":0,"gold_gain":0,"player_choice":"Obtained Book","damage_taken":16,"max_hp_gain":0,"max_hp_loss":0,"event_name":"Cursed Tome","floor":28,"gold_loss":0},{"damage_healed":0,"gold_gain":0,"player_choice":"Ignored","damage_taken":0,"max_hp_gain":0,"max_hp_loss":0,"event_name":"The Mausoleum","floor":31,"gold_loss":0}],"is_beta":false,"boss_relics":[{"not_picked":["Tiny House","Runic Dome"],"picked":"SacredBark"}],"items_purged_floors":[19,30],"is_endless":false,"potions_floor_spawned":[6,8,13,16,21],"killed_by":"Champ","ascension_level":1}}