{"host":"dgf4n6lo35jtjz0c","time":1609927889,"event":{"mods":["BaseMod","Bestiary","Colored Powertips","Custom Start","Minty Spire (QoL Compilation)"],"gold_per_floor":[918,930,942,996,1047,1152,1218,1230,1266,1353,81,180,255,306,306,543,543,603,547,652,652,697,790,886,982,1009,1060,1138,1180,1267,1300,1300,1531,1531,1588,1648,1690,1577,1600,1600,1600,1690,1690,1690,1792,1792,1792,1834,1834,1834,1834],"floor_reached":52,"playtime":3432,"items_purged":["Machine Learning"],"score":3437,"play_id":"33ed0706-66e2-4752-9889-8441de9163e9","local_time":"20210106211129","daily_mods":["Vintage","Heirloom","Time Dilation","Flight","DeadlyEvents","Elite Swarm","Lethality","Midas"],"is_ascension_mode":true,"campfire_choices":[{"data":"Apotheosis","floor":15,"key":"PURGE"},{"data":"Mayhem","floor":32,"key":"PURGE"},{"data":"Machine Learning","floor":40,"key":"PURGE"},{"data":"Machine Learning","floor":41,"key":"PURGE"},{"data":"Creative AI","floor":46,"key":"PURGE"},{"data":"Creative AI","floor":47,"key":"PURGE"},{"data":"Creative AI","floor":49,"key":"PURGE"}],"circlet_count":44,"master_deck":["Apotheosis","Apotheosis","Panache","Panache","Panache","Storm","Storm","Storm","Storm","Storm+1","Storm","Storm","Storm","Storm","Storm","Storm","Storm","Storm","Storm","Storm","Storm","Storm","Storm","Echo Form","Echo Form","Echo Form","Electrodynamics","Electrodynamics","Electrodynamics","Self Repair","Self Repair","Self Repair","Loop","Loop","Loop","Heatsinks","Heatsinks","Heatsinks","Capacitor","Capacitor","Capacitor","Defragment","Defragment","Defragment","Defragment","Defragment","Defragment","Seek","Seek","Seek","Aggregate","Aggregate+1","Aggregate","Turbo+1","Turbo","Turbo","Melter+1","Melter","Melter+1","Thunder Strike+1","Thunder Strike+1","Defragment+1","Heatsinks+1"],"relics":["Unceasing Top","Old Coin","Anchor","Bag of Marbles","Bag of Preparation","Bird Faced Urn","Black Star","Blood Vial","Blue Candle","Bottled Lightning","Bottled Tornado","Brimstone","Bronze Scales","Burning Blood","Busted Crown","Calipers","CaptainsWheel","Centennial Puzzle","Charon\u0027s Ashes","ClockworkSouvenir","Cracked Core","Darkstone Periapt","Dead Branch","Dream Catcher","Du-Vu Doll","Eternal Feather","FossilizedHelix","Frozen Egg 2","Frozen Eye","Fusion Hammer","Gambling Chip","Ginger","Cables","Gremlin Horn","HandDrill","Happy Flower","HornCleat","HoveringKite","Ice Cream","Incense Burner","InkBottle","Inserter","Juzu Bracelet","Kunai","Lantern","Letter Opener","Lizard Tail","Magic Flower","Matryoshka","MawBank","MealTicket","Meat on the Bone","Medical Kit","Membership Card","Mercury Hourglass","Molten Egg 2","Mummified Hand","Nuclear Battery","Nunchaku","Oddly Smooth Stone","Old Coin","Omamori","OrangePellets","Orichalcum","Ornamental Fan","Pantograph","Paper Frog","Peace Pipe","Pen Nib","Philosopher\u0027s Stone","Potion Belt","Prayer Wheel","PreservedInsect","PureWater","Question Card","Red Skull","Ring of the Snake","Runic Capacitor","Runic Cube","Runic Dome","SacredBark","Self Forming Clay","Shovel","Shuriken","Singing Bowl","SlaversCollar","Sling","Smiling Mask","Sozu","StoneCalendar","Strange Spoon","Sundial","TheAbacus","Boot","The Courier","Thread and Needle","Tingsha","Tiny Chest","Torii","Tough Bandages","Toxic Egg 2","TungstenRod","Turnip","TwistedFunnel","Vajra","War Paint","Whetstone","WristBlade","Paper Crane","Pear","Tiny House","Toy Ornithopter","Akabeko","StrikeDummy","Ancient Tea Set","Strawberry","Art of War","DataDisk","Bottled Flame","Emotion Chip","Pocketwatch","Circlet","Sozu","Empty Cage"],"acts_visited":["Exordium","TheCity","TheBeyond"],"potions_floor_usage":[],"damage_taken":[{"damage":0,"enemies":"Cultist","floor":1,"turns":1},{"damage":0,"enemies":"Jaw Worm","floor":4,"turns":1},{"damage":0,"enemies":"2 Louse","floor":5,"turns":1},{"damage":0,"enemies":"Lagavulin","floor":6,"turns":1},{"damage":0,"enemies":"Red Slaver","floor":7,"turns":1},{"damage":0,"enemies":"3 Sentries","floor":10,"turns":1},{"damage":0,"enemies":"Gremlin Nob","floor":12,"turns":1},{"damage":0,"enemies":"Lagavulin","floor":13,"turns":1},{"damage":0,"enemies":"The Guardian","floor":16,"turns":1},{"damage":0,"enemies":"3 Byrds","floor":18,"turns":1},{"damage":0,"enemies":"Book of Stabbing","floor":20,"turns":1},{"damage":0,"enemies":"Shell Parasite","floor":22,"turns":1},{"damage":0,"enemies":"Gremlin Leader","floor":23,"turns":1},{"damage":0,"enemies":"Slavers","floor":24,"turns":1},{"damage":0,"enemies":"Gremlin Leader","floor":25,"turns":1},{"damage":0,"enemies":"Centurion and Healer","floor":27,"turns":1},{"damage":0,"enemies":"Slavers","floor":28,"turns":1},{"damage":0,"enemies":"Snecko","floor":29,"turns":1},{"damage":0,"enemies":"Gremlin Leader","floor":30,"turns":1},{"damage":0,"enemies":"3 Cultists","floor":31,"turns":2},{"damage":0,"enemies":"Collector","floor":33,"turns":1},{"damage":0,"enemies":"Orb Walker","floor":35,"turns":1},{"damage":0,"enemies":"3 Darklings","floor":36,"turns":1},{"damage":0,"enemies":"Maw","floor":37,"turns":1},{"damage":0,"enemies":"Reptomancer","floor":42,"turns":1},{"damage":0,"enemies":"Giant Head","floor":45,"turns":1},{"damage":0,"enemies":"Spire Growth","floor":48,"turns":1},{"damage":0,"enemies":"Time Eater","floor":50,"turns":1},{"damage":0,"enemies":"Donu and Deca","floor":51,"turns":1}],"seed_played":"-4031817698598841078","potions_obtained":[],"is_trial":true,"path_per_floor":["M","?","$","M","M","E","M","$","T","E","$","E","E","T","R","B",null,"M","?","E","?","M","E","E","E","T","M","E","M","E","M","R","B",null,"M","M","M","$","T","R","R","E","T","?","E","R","R","M","R","B","B",null],"character_chosen":"DEFECT","items_purchased":["Circlet","Circlet","Circlet","Circlet","Circlet","Circlet","Circlet","Circlet","Defragment+1","Heatsinks+1"],"campfire_rested":0,"item_purchase_floors":[11,11,11,11,11,11,11,11,38,38],"current_hp_per_floor":[88,88,88,88,88,97,97,97,97,99,99,101,103,103,103,103,103,103,103,105,105,105,107,109,109,109,109,111,111,113,113,113,115,115,115,115,115,115,115,115,115,117,117,117,119,119,119,119,119,119,119],"gold":1834,"neow_bonus":"","is_daily":false,"chose_seed":false,"campfire_upgraded":0,"win_rate":0.0,"timestamp":1609927889,"path_taken":["M","?","$","M","M","E","M","?","T","E","?","E","E","?","R","BOSS","M","?","?","?","M","E","E","E","T","M","E","M","E","M","R","BOSS","M","M","M","$","?","R","R","E","T","?","E","R","R","M","R","BOSS","BOSS"],"items_purchased_type":["Undefined","Undefined","Undefined","Undefined","Undefined","Undefined","Undefined","Undefined","Card","Card"],"build_version":"2020-12-22","purchased_purges":1,"victory":true,"max_hp_per_floor":[88,88,88,88,88,97,97,97,97,99,99,101,103,103,103,103,103,103,103,105,105,105,107,109,109,109,109,111,111,113,113,113,115,115,115,115,115,115,115,115,115,117,117,117,119,119,119,119,119,119,119],"card_choices":[{"not_picked":["Rebound+1","Skim+1"],"picked":"Singing Bowl","floor":0},{"not_picked":["Core Surge+1","Buffer+1"],"picked":"Singing Bowl","floor":6},{"not_picked":["Rainbow+1","Core Surge+1"],"picked":"Singing Bowl","floor":10},{"not_picked":["Reboot+1","Echo Form+1"],"picked":"Singing Bowl","floor":12},{"not_picked":["Biased Cognition+1","Seek+1"],"picked":"Singing Bowl","floor":13},{"not_picked":["Fission+1"],"picked":"Thunder Strike+1","floor":16},{"not_picked":["Core Surge+1","Rainbow+1"],"picked":"Singing Bowl","floor":20},{"not_picked":["Seek+1","Meteor Strike+1"],"picked":"Singing Bowl","floor":23},{"not_picked":["Meteor Strike+1","Core Surge+1"],"picked":"Singing Bowl","floor":24},{"not_picked":["Core Surge+1"],"picked":"Thunder Strike+1","floor":25},{"not_picked":["Echo Form+1","Meteor Strike+1"],"picked":"Singing Bowl","floor":28},{"not_picked":["Creative AI+1","Echo Form+1"],"picked":"Singing Bowl","floor":30},{"not_picked":["Creative AI+1","Fission+1"],"picked":"Singing Bowl","floor":33},{"not_picked":["Rainbow+1","Amplify+1"],"picked":"Singing Bowl","floor":42},{"not_picked":["Multi-Cast+1","Rainbow+1"],"picked":"Singing Bowl","floor":45}],"player_experience":98670,"relics_obtained":[{"floor":1,"key":"Toy Ornithopter"},{"floor":4,"key":"Akabeko"},{"floor":5,"key":"StrikeDummy"},{"floor":6,"key":"Ancient Tea Set"},{"floor":6,"key":"Strawberry"},{"floor":7,"key":"Art of War"},{"floor":9,"key":"DataDisk"},{"floor":9,"key":"Bottled Flame"},{"floor":10,"key":"Emotion Chip"},{"floor":10,"key":"Pocketwatch"},{"floor":12,"key":"Circlet"},{"floor":12,"key":"Circlet"},{"floor":13,"key":"Circlet"},{"floor":13,"key":"Circlet"},{"floor":14,"key":"Circlet"},{"floor":14,"key":"Circlet"},{"floor":18,"key":"Circlet"},{"floor":20,"key":"Circlet"},{"floor":20,"key":"Circlet"},{"floor":21,"key":"Circlet"},{"floor":22,"key":"Circlet"},{"floor":23,"key":"Circlet"},{"floor":23,"key":"Circlet"},{"floor":24,"key":"Circlet"},{"floor":24,"key":"Circlet"},{"floor":25,"key":"Circlet"},{"floor":25,"key":"Circlet"},{"floor":26,"key":"Circlet"},{"floor":27,"key":"Circlet"},{"floor":28,"key":"Circlet"},{"floor":28,"key":"Circlet"},{"floor":29,"key":"Circlet"},{"floor":30,"key":"Circlet"},{"floor":30,"key":"Circlet"},{"floor":31,"key":"Circlet"},{"floor":35,"key":"Circlet"},{"floor":36,"key":"Circlet"},{"floor":37,"key":"Circlet"},{"floor":39,"key":"Circlet"},{"floor":42,"key":"Circlet"},{"floor":42,"key":"Circlet"},{"floor":43,"key":"Circlet"},{"floor":45,"key":"Circlet"},{"floor":45,"key":"Circlet"},{"floor":48,"key":"Circlet"}],"event_choices":[{"damage_healed":0,"gold_gain":0,"player_choice":"Ignored","damage_taken":0,"max_hp_gain":0,"max_hp_loss":0,"event_name":"Liars Game","floor":2,"gold_loss":0},{"damage_healed":0,"gold_gain":0,"player_choice":"Paid Gold","damage_taken":0,"relics_obtained":["Circlet"],"max_hp_gain":0,"max_hp_loss":0,"event_name":"WeMeetAgain","floor":19,"gold_loss":56},{"damage_healed":0,"gold_gain":0,"player_choice":"Relic","damage_taken":0,"max_hp_gain":0,"max_hp_loss":0,"event_name":"Wheel of Change","floor":21,"gold_loss":0},{"damage_healed":0,"gold_gain":0,"player_choice":"Full Heal","damage_taken":0,"max_hp_gain":0,"max_hp_loss":0,"event_name":"Wheel of Change","floor":44,"gold_loss":0}],"is_beta":false,"boss_relics":[{"not_picked":["Coffee Dripper","Pandora\u0027s Box"],"picked":"Sozu"},{"not_picked":["Snecko Eye","FrozenCore"],"picked":"Empty Cage"}],"items_purged_floors":[38],"is_endless":false,"potions_floor_spawned":[4,6,7,16,20,23,25,28,29,33,37,42,45],"ascension_level":20}}