{"host":"0m7uut7ws4kj19nt","time":1609956881,"event":{"mods":["AchievementEnabler","BaseMod","Minty Spire (QoL Compilation)","Replay The Spire","StSLib","The Cursed","The Necromancer"],"gold_per_floor":[118,5,5,15,34,34,59,59,139,155,168,91,119,136,136,236,236,251,266,266,266,286,312,312,332,332,332,361,377,387,72,72,172,172,188,207,227,327,327,355,355,380,429,439,439,489,489,489,489,489,489,489,27,56,56,56],"floor_reached":55,"playtime":3428,"items_purged":["Defend_G"],"score":1040,"play_id":"b9332758-1b4f-4468-a7bb-bf3614768fea","local_time":"20210107011441","is_ascension_mode":true,"campfire_choices":[{"data":"Accuracy","floor":6.0,"key":"SMITH"},{"data":"Neutralize","floor":8.0,"key":"SMITH"},{"floor":15.0,"key":"REST"},{"data":"Burst","floor":24.0,"key":"SMITH"},{"floor":27.0,"key":"REST"},{"data":"Footwork","floor":32.0,"key":"SMITH"},{"floor":41.0,"key":"REST"},{"floor":45.0,"key":"REST"},{"floor":49.0,"key":"RECALL"},{"data":"Apotheosis","floor":52.0,"key":"SMITH"}],"circlet_count":0,"master_deck":["Strike_G","Strike_G","Defend_G","Defend_G","Defend_G","Defend_G","Survivor","Neutralize+1","Blade Dance","Accuracy+1","Blur","Cloak And Dagger","Acrobatics","Underhanded Strike","Bouncing Flask","Deadly Poison","Cloak And Dagger","Poisoned Stab","Burst+1","Finisher","Dagger Spray","Leg Sweep","ReplayTheSpireMod:Scrap Shanks","Footwork+1","ReplayTheSpireMod:The Works","Apotheosis+1","Amplify","Conserve Battery+1","Madness","Flex","Writhe","Concentrate","Outmaneuver","Blind","Blind","Double Energy+1"],"relics":["Painkiller Herb","Vajra","HornCleat","Blue Doll","Replay:Drink Me","Ring of Fury","Onion Ring","Juzu Bracelet","Replay:Baseball","PrismaticShard","Runic Pyramid","Bronze Scales","Bag of Marbles","The Specimen","BargainBundle","Bottled Lightning","Tingsha"],"acts_visited":["Exordium","TheCity","TheBeyond","TheEnding"],"potions_floor_usage":[54,55],"damage_taken":[{"damage":0.0,"enemies":"2 Louse","floor":1.0,"turns":3.0},{"damage":0.0,"enemies":"Cultist","floor":4.0,"turns":4.0},{"damage":0.0,"enemies":"Jaw Worm","floor":5.0,"turns":2.0},{"damage":23.0,"enemies":"Gremlin Nob","floor":7.0,"turns":4.0},{"damage":19.0,"enemies":"Large Slime","floor":10.0,"turns":6.0},{"damage":8.0,"enemies":"Red Slaver","floor":11.0,"turns":4.0},{"damage":7.0,"enemies":"Lagavulin","floor":13.0,"turns":5.0},{"damage":1.0,"enemies":"3 Louse","floor":14.0,"turns":2.0},{"damage":14.0,"enemies":"The Guardian","floor":16.0,"turns":9.0},{"damage":0.0,"enemies":"2 Thieves","floor":18.0,"turns":3.0},{"damage":5.0,"enemies":"Shell Parasite","floor":19.0,"turns":4.0},{"damage":0.0,"enemies":"Centurion and Healer","floor":22.0,"turns":6.0},{"damage":5.0,"enemies":"Slavers","floor":23.0,"turns":5.0},{"damage":0.0,"enemies":"3 Cultists","floor":25.0,"turns":3.0},{"damage":0.0,"enemies":"Book of Stabbing","floor":28.0,"turns":5.0},{"damage":0.0,"enemies":"Snecko","floor":29.0,"turns":3.0},{"damage":15.0,"enemies":"Shelled Parasite and Fungi","floor":30.0,"turns":4.0},{"damage":14.0,"enemies":"Automaton","floor":33.0,"turns":7.0},{"damage":0.0,"enemies":"3 Shapes","floor":35.0,"turns":6.0},{"damage":0.0,"enemies":"3 Darklings","floor":36.0,"turns":6.0},{"damage":0.0,"enemies":"Jaw Worm Horde","floor":37.0,"turns":4.0},{"damage":22.0,"enemies":"Reptomancer","floor":40.0,"turns":8.0},{"damage":20.0,"enemies":"Giant Head","floor":42.0,"turns":8.0},{"damage":7.0,"enemies":"Spire Growth","floor":44.0,"turns":6.0},{"damage":0.0,"enemies":"Mind Bloom Boss Battle","floor":46.0,"turns":6.0},{"damage":34.0,"enemies":"Time Eater","floor":50.0,"turns":12.0},{"damage":7,"enemies":"Shield and Spear","floor":54,"turns":6},{"damage":51,"enemies":"The Heart","floor":55,"turns":2}],"seed_played":"1932180223094669082","potions_obtained":[{"floor":3.0,"key":"Fruit Juice"},{"floor":3.0,"key":"GhostInAJar"},{"floor":3.0,"key":"Toxic Potion"},{"floor":4.0,"key":"SkillPotion"},{"floor":5.0,"key":"SmokeBomb"},{"floor":11.0,"key":"Ancient Potion"},{"floor":16.0,"key":"Fire Potion"},{"floor":25.0,"key":"DuplicationPotion"},{"floor":33.0,"key":"FearPotion"},{"floor":40.0,"key":"CunningPotion"},{"floor":42.0,"key":"Weak Potion"},{"floor":44.0,"key":"LiquidMemories"},{"floor":54,"key":"Poison Potion"}],"is_trial":false,"path_per_floor":["?","T","?","?","?","T","E","T","T","?","?","T","E","?","T","B",null,"?","?","?","?","?","E","T","?","T","T","E","?","?","T","T","B",null,"?","?","?","?","?","E","T","E","T","?","T","?","?","?","T","B",null,"T","T","E","B"],"character_chosen":"THE_SILENT","items_purchased":["Accuracy","Blur","CunningPotion","PrismaticShard","Apotheosis","BargainBundle","DuplicationPotion","Adrenaline Potion","Concentrate","Outmaneuver","Blind","Bottled Lightning"],"campfire_rested":4,"item_purchase_floors":[2,2,12,31,31,53,53,53,53,53,53,53],"current_hp_per_floor":[63,63,68,68,68,68,45,45,45,26,18,18,11,10,32,18,47,47,42,42,42,42,37,37,37,37,54,54,54,39,39,39,25,49,49,49,49,49,49,27,44,24,24,17,34,34,34,48,48,14,46,46,46,39,0,0],"gold":56,"neow_bonus":"BOSS_RELIC","is_daily":false,"chose_seed":false,"campfire_upgraded":5,"win_rate":0.0,"timestamp":1609956881,"path_taken":["?","T","?","?","?","T","E","T","T","?","?","T","E","?","T","BOSS","?","?","?","?","?","E","T","?","T","T","E","?","?","T","T","BOSS","?","?","?","?","?","E","T","E","T","?","T","?","?","?","T","BOSS","T","T","E","BOSS"],"items_purchased_type":["Card","Card","Potion","Relic","Card","Relic","Potion","Potion","Card","Card","Card","Relic"],"build_version":"2020-12-22","purchased_purges":1,"victory":false,"max_hp_per_floor":[70,70,75,75,75,75,75,75,75,75,75,75,75,75,75,75,57,57,57,57,57,57,57,57,57,57,57,57,57,57,57,57,57,57,57,57,57,57,57,57,57,57,57,57,57,57,57,57,57,57,57,57,57,57,57,57],"card_choices":[{"not_picked":["Prepared","PiercingWail"],"picked":"Blade Dance","floor":1.0},{"not_picked":["Toxin Wave","PiercingWail"],"picked":"Cloak And Dagger","floor":4.0},{"not_picked":["Quick Slash","Eviscerate"],"picked":"Acrobatics","floor":5.0},{"not_picked":["Quick Slash","Flying Knee"],"picked":"Underhanded Strike","floor":7.0},{"not_picked":["Bane","ReplayTheSpireMod:Tripwire"],"picked":"Bouncing Flask","floor":10.0},{"not_picked":["PiercingWail","Cloak And Dagger"],"picked":"Deadly Poison","floor":11.0},{"not_picked":["Heel Hook","Backflip"],"picked":"Cloak And Dagger","floor":13.0},{"not_picked":["Quick Slash","Backflip"],"picked":"Poisoned Stab","floor":14.0},{"not_picked":["Replay:Bag of Tricks","Glass Knife"],"picked":"Burst","floor":16.0},{"not_picked":["Masterful Stab","Dagger Throw+1","Predator"],"picked":"SKIP","floor":18.0},{"not_picked":["Eviscerate+1","Dash+1"],"picked":"Finisher","floor":19.0},{"not_picked":["Cloak And Dagger","Backflip"],"picked":"Dagger Spray","floor":22.0},{"not_picked":["Sneak Up+1","Sucker Punch"],"picked":"Leg Sweep","floor":23.0},{"not_picked":["Bane","Dash"],"picked":"ReplayTheSpireMod:Scrap Shanks","floor":25.0},{"not_picked":["Backflip+1","Escape Plan"],"picked":"Crippling Poison+1","floor":28.0},{"not_picked":["Sucker Punch","PiercingWail+1"],"picked":"Footwork","floor":29.0},{"not_picked":["Backstab","Deadly Poison+1"],"picked":"ReplayTheSpireMod:The Works","floor":30.0},{"not_picked":["Phantasmal Killer","TheCursedMod:UltimatePain"],"picked":"Amplify","floor":33.0},{"not_picked":["BowlingBash+1","Cloak And Dagger+1","Streamline"],"picked":"SKIP","floor":35.0},{"not_picked":["Negative_Energy_Sphere","Bloodletting"],"picked":"Conserve Battery+1","floor":36.0},{"not_picked":["TheCursedMod:CursedBlade","Summon_Undead","Escape Plan+1"],"picked":"SKIP","floor":37.0},{"not_picked":["Secret Weapon","Finesse"],"picked":"Madness","floor":39.0},{"not_picked":["Core Surge","Bone_Spikes+1","Consume"],"picked":"SKIP","floor":40.0},{"not_picked":["ClearTheMind","Bane+1"],"picked":"Flex","floor":42.0},{"not_picked":["Wild Strike+1","Sweeping Beam+1","Shackles_Of_Pain+1"],"picked":"SKIP","floor":44.0},{"not_picked":["Hologram+1","TheCursedMod:Hemoplague"],"picked":"Double Energy+1","floor":54}],"player_experience":147399,"relics_obtained":[{"floor":7.0,"key":"Vajra"},{"floor":9.0,"key":"HornCleat"},{"floor":13.0,"key":"Blue Doll"},{"floor":20.0,"key":"Ring of Fury"},{"floor":23.0,"key":"Onion Ring"},{"floor":26.0,"key":"Juzu Bracelet"},{"floor":28.0,"key":"Replay:Baseball"},{"floor":40.0,"key":"Bronze Scales"},{"floor":42.0,"key":"Bag of Marbles"},{"floor":46.0,"key":"The Specimen"},{"floor":54,"key":"Tingsha"}],"event_choices":[{"damage_healed":0.0,"max_hp_gain":0.0,"max_hp_loss":0.0,"gold_gain":0.0,"event_name":"Lab","player_choice":"Got Potions","floor":3.0,"gold_loss":0.0,"damage_taken":0.0},{"damage_healed":0.0,"max_hp_gain":0.0,"max_hp_loss":0.0,"gold_gain":0.0,"event_name":"Ghosts","player_choice":"Ignored","floor":21.0,"gold_loss":0.0,"damage_taken":0.0},{"damage_healed":0.0,"max_hp_gain":0.0,"max_hp_loss":0.0,"gold_gain":100.0,"event_name":"Golden Shrine","player_choice":"Pray","floor":38.0,"gold_loss":0.0,"damage_taken":0.0},{"damage_healed":0.0,"max_hp_gain":0.0,"max_hp_loss":0.0,"gold_gain":0.0,"event_name":"SensoryStone","player_choice":"Memory 1","floor":39.0,"gold_loss":0.0,"damage_taken":0.0},{"damage_healed":0.0,"max_hp_gain":0.0,"max_hp_loss":0.0,"gold_gain":0.0,"event_name":"MindBloom","player_choice":"Fight","floor":46.0,"gold_loss":0.0,"damage_taken":0.0},{"cards_removed":["Crippling Poison"],"damage_healed":0.0,"max_hp_gain":0.0,"max_hp_loss":0.0,"gold_gain":0.0,"event_name":"Purifier","player_choice":"Purged","floor":47.0,"gold_loss":0.0,"damage_taken":0.0},{"damage_healed":14.0,"max_hp_gain":0.0,"max_hp_loss":0.0,"gold_gain":0.0,"event_name":"Winding Halls","player_choice":"Writhe","floor":48.0,"gold_loss":0.0,"damage_taken":0.0,"cards_obtained":["Writhe"]}],"is_beta":false,"boss_relics":[{"not_picked":["Replay:Wanted Poster","Pandora\u0027s Box"],"picked":"Replay:Drink Me"},{"not_picked":["Astrolabe","Calling Bell"],"picked":"Runic Pyramid"}],"items_purged_floors":[53],"is_endless":false,"potions_floor_spawned":[4,5,11,13,16,18,22,25,33,36,40,42,44,54],"killed_by":"The Heart","ascension_level":7}}