{"host":"7dykblu2dk6jjwfi","time":1609914695,"event":{"mods":["AchievementEnabler","Act Like it!","Aspiration","BaseMod","Beaked The Cultist","Better Match","Better Note","Better Sensory Stone","Better Skull","Better Vampires","Conspire","Curses Come First","Displayed Cursed Tome","Ekko","Energized Spire","GifTheSpireLib","Halation","Hallownest","Hermit","Hubris","Infinite Spire","Luminous","Mimic Mod","Minty Spire (QoL Compilation)","Pale of the Ancients","Permanent Neow","Quarter Circle Forward PUNCH!","Replay The Spire","SacredBarkPlus","Shade Mod","Shop Mod","Spikes Relics","StSLib","Stuff the Spire","The Alterego","The Animator","The Blue Laboratory","The Bug Knight","The Construct","The Cursed","The Elementalist","The Gatherer","The Necromancer","The Runesmith","TheSwordswoman","TheVacant","Uncapped"],"gold_per_floor":[365,165,246,308,233,255,255],"floor_reached":6,"playtime":553,"items_purged":["Shade:Strike_Shade"],"score":59,"play_id":"50b82ed1-8c6b-4d31-a8a0-3c5861d84964","local_time":"20210105223135","is_ascension_mode":false,"campfire_choices":[],"circlet_count":0,"master_deck":["Shade:Strike_Shade","Shade:Strike_Shade","Shade:Strike_Shade","Shade:Defend_Shade","Shade:Defend_Shade","Shade:Defend_Shade","Shade:Defend_Shade","Shade:AnimateDead","Shade:CarefulCut","Shade:FreshBones","conspire:SpireCoStock","conspire:SpireCoStock","conspire:SpireCoStock","conspire:SpireCoStock","Shade:AuraOfUnlife","Shade:CommandSoldier"],"relics":["Shade:YorickSkull","SpikesRelics:DaevaFist"],"acts_visited":["Exordium"],"potions_floor_usage":[4],"damage_taken":[{"damage":0,"enemies":"2 Louse","floor":1,"turns":3},{"damage":20,"enemies":"conspire:MimicChest","floor":3,"turns":6},{"damage":7,"enemies":"Small Slimes","floor":4,"turns":6},{"damage":36,"enemies":"Gremlin Nob","floor":6,"turns":4}],"seed_played":"870281903613390613","potions_obtained":[{"floor":3,"key":"Regen Potion"}],"is_trial":false,"path_per_floor":["M","?","?","M","$","E"],"character_chosen":"SHADE","items_purchased":[],"campfire_rested":0,"item_purchase_floors":[],"current_hp_per_floor":[47,47,27,35,35,0,0],"gold":255,"neow_bonus":"TWO_FIFTY_GOLD","is_daily":false,"chose_seed":false,"campfire_upgraded":0,"win_rate":0.0,"timestamp":1609914695,"path_taken":["M","?","?","?","$","E"],"items_purchased_type":[],"build_version":"2020-12-22","purchased_purges":1,"victory":false,"max_hp_per_floor":[65,65,65,65,65,65,65],"card_choices":[{"not_picked":["Shade:PotionOfRestlessness","Shade:GoDigging"],"picked":"Shade:FreshBones","floor":1},{"not_picked":["Shade:AblativeArmor","Shade:Bonestorm"],"picked":"Shade:AuraOfUnlife","floor":3},{"not_picked":["Shade:Frenzy","Shade:Asphyxiate"],"picked":"Shade:CommandSoldier","floor":4}],"player_experience":950679,"relics_obtained":[{"floor":3,"key":"SpikesRelics:DaevaFist"}],"event_choices":[{"damage_healed":0,"gold_gain":0,"player_choice":"Invest 4","damage_taken":0,"max_hp_gain":0,"max_hp_loss":0,"event_name":"conspire:Investor","floor":2,"gold_loss":0}],"is_beta":false,"boss_relics":[],"items_purged_floors":[5],"is_endless":false,"potions_floor_spawned":[3],"killed_by":"Gremlin Nob","ascension_level":0}}