{"host":"h4lp0eeso8a0ssq0","time":1609927471,"event":{"mods":["2.2 Compatiblity","AchievementEnabler","BaseMod","CapriCore","Colored Map","Minty Spire (QoL Compilation)","StSLib","SuperFastMode","The Dragon Tamer"],"gold_per_floor":[113,126,126,51,51,51,80,96,121,71,246,88,103,123,123,222,222,241,156,168,50,50,50,75,99,148,148,98,113,130,142,142,247,247,258,278,83,99,110,139,139,139,208,208,208,221,231,36,36,36,36,36],"floor_reached":50,"playtime":1620,"items_purged":["DTMod:Strike","DTMod:Strike","Doubt","DTMod:Strike","DTMod:Strike","DTMod:ShadowImage","DTMod:TargetDefense"],"score":567,"play_id":"d6955a01-ee69-429d-a4e0-93b3414f86aa","local_time":"20210106190431","is_ascension_mode":false,"metric_token":607,"campfire_choices":[{"data":"DTMod:DoubleHit","floor":6.0,"key":"SMITH"},{"data":"DTMod:GhostSkin","floor":15.0,"key":"SMITH"},{"data":"DTMod:SealedStrike","floor":23.0,"key":"SMITH"},{"data":"DTMod:SealedStrike+1","floor":27.0,"key":"SMITH"},{"data":"DTMod:SealedStrike+2","floor":32.0,"key":"SMITH"},{"data":"DTMod:SealedStrike+3","floor":42,"key":"SMITH"},{"data":"DTMod:SealedStrike+4","floor":49,"key":"SMITH"}],"dtmod_dragon_data":[24,58,1,0,8,2],"circlet_count":0,"master_deck":["DTMod:DoubleHit+1","DTMod:TargetDefense+1","DTMod:TargetDefense+1","DTMod:TargetDefense+1","DTMod:SwitchingTactic+1","DTMod:MaximumCharge+1","DTMod:HeatWave+1","DTMod:TriAttack+1","DTMod:DragonDance+1","DTMod:DarkBreath+1","DTMod:GhostSkin+1","DTMod:MaximumCharge+1","DTMod:BreakAttack+1","DTMod:DarkBreath+1","DTMod:RunningTactic+1","DTMod:SealedStrike+5","DTMod:DragonDance+1","DTMod:RunningTactic+1","DTMod:MagiciansMark+1","DTMod:EchoTactic+1","DTMod:QuickFly+1","DTMod:WarmUp+1","DTMod:Threaten+1"],"relics":["DTMod:PactStone","Anchor","Smiling Mask","Coffee Dripper","Vajra","Potion Belt","Juzu Bracelet","Oddly Smooth Stone","Runic Dome","Pen Nib","Toxic Egg 2","Blood Vial"],"acts_visited":["Exordium","TheCity","TheBeyond"],"potions_floor_usage":[40,50],"damage_taken":[{"damage":0.0,"enemies":"Jaw Worm","floor":1.0,"turns":3.0},{"damage":0.0,"enemies":"Cultist","floor":2.0,"turns":3.0},{"damage":2.0,"enemies":"3 Sentries","floor":7.0,"turns":5.0},{"damage":0.0,"enemies":"2 Louse","floor":8.0,"turns":3.0},{"damage":1.0,"enemies":"Large Slime","floor":13.0,"turns":4.0},{"damage":0.0,"enemies":"2 Fungi Beasts","floor":14.0,"turns":2.0},{"damage":16.0,"enemies":"The Guardian","floor":16.0,"turns":7.0},{"damage":0.0,"enemies":"2 Thieves","floor":18.0,"turns":4.0},{"damage":0.0,"enemies":"3 Byrds","floor":20.0,"turns":4.0},{"damage":0.0,"enemies":"Gremlin Leader","floor":24.0,"turns":4.0},{"damage":4.0,"enemies":"Snecko","floor":29.0,"turns":3.0},{"damage":10.0,"enemies":"Snake Plant","floor":30.0,"turns":3.0},{"damage":0.0,"enemies":"Shelled Parasite and Fungi","floor":31.0,"turns":4.0},{"damage":13.0,"enemies":"Champ","floor":33.0,"turns":7.0},{"damage":0.0,"enemies":"3 Darklings","floor":35.0,"turns":4.0},{"damage":0.0,"enemies":"Orb Walker","floor":36.0,"turns":2.0},{"damage":6.0,"enemies":"4 Shapes","floor":38.0,"turns":4.0},{"damage":17,"enemies":"3 Darklings","floor":39,"turns":5},{"damage":0,"enemies":"Nemesis","floor":40,"turns":3},{"damage":0,"enemies":"Spire Growth","floor":46,"turns":3},{"damage":0,"enemies":"Jaw Worm Horde","floor":47,"turns":3},{"damage":33,"enemies":"Donu and Deca","floor":50,"turns":3}],"seed_played":"-2129379426491014564","potions_obtained":[{"floor":7.0,"key":"Weak Potion"},{"floor":13.0,"key":"GamblersBrew"},{"floor":14.0,"key":"SpeedPotion"},{"floor":29.0,"key":"Weak Potion"},{"floor":33.0,"key":"BlessingOfTheForge"},{"floor":35.0,"key":"Dexterity Potion"},{"floor":36.0,"key":"SkillPotion"}],"is_trial":false,"path_per_floor":["M","M","?","$","?","R","E","M","T","$","?","$","M","M","R","B",null,"M","?","M","$","?","R","E","T","T","R","$","M","M","M","R","B",null,"M","M","$","M","M","E","?","R","T","?","?","M","M","$","R","B"],"character_chosen":"THE_DT","items_purchased":["DTMod:DragonDance","DTMod:DarkBreath","DTMod:RunningTactic","DTMod:EchoTactic","Blood Vial"],"campfire_rested":0,"item_purchase_floors":[12,12,21,37,48],"current_hp_per_floor":[33,33,33,33,38,38,36,36,36,36,36,36,35,35,35,19,50,50,50,50,50,50,50,50,50,50,50,50,46,36,36,36,23,50,50,50,50,44,27,27,27,27,27,27,27,27,27,27,27,0,0,0],"gold":36,"neow_bonus":"THREE_RARE_CARDS","is_daily":false,"chose_seed":false,"campfire_upgraded":7,"win_rate":0.0,"timestamp":1609927471,"path_taken":["M","M","?","?","?","R","E","M","T","$","?","$","M","M","R","BOSS","M","?","M","$","?","R","E","?","T","R","$","M","M","M","R","BOSS","M","M","$","M","M","E","?","R","T","?","?","M","M","$","R","BOSS"],"items_purchased_type":["Card","Card","Card","Card","Relic"],"build_version":"2020-12-22","purchased_purges":7,"victory":false,"max_hp_per_floor":[45,45,45,45,50,50,50,50,50,50,50,50,50,50,50,50,50,50,50,50,50,50,50,50,50,50,50,50,50,50,50,50,50,50,50,50,50,50,50,50,50,50,50,50,50,50,50,50,50,50,50,50],"card_choices":[{"not_picked":["DTMod:RepeatStrike","DTMod:Safeguard"],"picked":"DTMod:ShadowImage","floor":0.0},{"not_picked":["DTMod:Threaten","DTMod:GhostSkin","DTMod:BlazingStrike"],"picked":"SKIP","floor":1.0},{"not_picked":["DTMod:QuickFly","DTMod:Shift"],"picked":"DTMod:MaximumCharge","floor":2.0},{"not_picked":["DTMod:Training","DTMod:WarmUp"],"picked":"DTMod:HeatWave","floor":7.0},{"not_picked":["DTMod:HeatWave","DTMod:Hide"],"picked":"DTMod:TriAttack","floor":8.0},{"not_picked":["DTMod:HeatWave","DTMod:FlameSlash"],"picked":"DTMod:GhostSkin","floor":13.0},{"not_picked":["DTMod:CrossStep","DTMod:Overwhelm"],"picked":"DTMod:MaximumCharge","floor":14.0},{"not_picked":["DTMod:Inferno","DTMod:Multitask"],"picked":"DTMod:ShadowImage","floor":16.0},{"not_picked":["DTMod:QuickFly","DTMod:Weaken+1"],"picked":"DTMod:BreakAttack","floor":18.0},{"not_picked":["DTMod:Haste","DTMod:Training"],"picked":"DTMod:DarkBreath","floor":20.0},{"not_picked":["DTMod:WarmUp","DTMod:Safeguard"],"picked":"DTMod:DragonDance","floor":24.0},{"not_picked":["DTMod:BuildUp","DTMod:HeatWave+1"],"picked":"DTMod:RunningTactic","floor":29.0},{"not_picked":["DTMod:Overwhelm","DTMod:Feint","DTMod:BlueScale"],"picked":"SKIP","floor":30.0},{"not_picked":["DTMod:Weaken","DTMod:BalancedStrike","DTMod:CleansingStrike"],"picked":"SKIP","floor":31.0},{"not_picked":["DTMod:FlameSlash+1","DTMod:MasterPlan","DTMod:Punisher"],"picked":"SKIP","floor":35.0},{"not_picked":["DTMod:Threaten+1","DTMod:MagicField"],"picked":"DTMod:MagiciansMark+1","floor":36.0},{"not_picked":["DTMod:BlazingStrike","DTMod:BizarreTactic+1"],"picked":"DTMod:QuickFly","floor":38.0},{"not_picked":["DTMod:FlameSlash","DTMod:Training","DTMod:Weaken"],"picked":"SKIP","floor":39},{"not_picked":["DTMod:BlazingStrike+1","DTMod:BurningForce+1"],"picked":"DTMod:WarmUp","floor":40},{"not_picked":["DTMod:Hide+1","DTMod:BuildUp","DTMod:Punisher"],"picked":"SKIP","floor":46},{"not_picked":["DTMod:Punisher","DTMod:Harmonize"],"picked":"DTMod:Threaten+1","floor":47}],"player_experience":84658,"relics_obtained":[{"floor":7.0,"key":"Anchor"},{"floor":9.0,"key":"Smiling Mask"},{"floor":24.0,"key":"Potion Belt"},{"floor":25.0,"key":"Juzu Bracelet"},{"floor":26.0,"key":"Oddly Smooth Stone"},{"floor":40,"key":"Pen Nib"},{"floor":43,"key":"Toxic Egg 2"}],"event_choices":[{"damage_healed":0.0,"max_hp_gain":0.0,"max_hp_loss":0.0,"gold_gain":0.0,"event_name":"Upgrade Shrine","player_choice":"Upgraded","floor":3.0,"gold_loss":0.0,"damage_taken":0.0,"cards_upgraded":["DTMod:MaximumCharge"]},{"damage_healed":0.0,"max_hp_gain":5.0,"max_hp_loss":0.0,"gold_gain":0.0,"event_name":"Big Fish","player_choice":"Donut","floor":5.0,"gold_loss":0.0,"damage_taken":0.0},{"damage_healed":0.0,"max_hp_gain":0.0,"max_hp_loss":0.0,"gold_gain":175.0,"event_name":"Liars Game","player_choice":"AGREE","floor":11.0,"gold_loss":0.0,"damage_taken":0.0,"cards_obtained":["Doubt"]},{"damage_healed":0.0,"max_hp_gain":0.0,"max_hp_loss":0.0,"gold_gain":0.0,"event_name":"Addict","player_choice":"Obtained Relic","floor":19.0,"gold_loss":85.0,"damage_taken":0.0,"relics_obtained":["Vajra"]},{"damage_healed":0.0,"max_hp_gain":0.0,"max_hp_loss":0.0,"gold_gain":0.0,"event_name":"The Library","player_choice":"Read","floor":22.0,"gold_loss":0.0,"damage_taken":0.0,"cards_obtained":["DTMod:SealedStrike"]},{"damage_healed":0,"gold_gain":0,"player_choice":"Ignored","damage_taken":0,"max_hp_gain":0,"max_hp_loss":0,"event_name":"Tomb of Lord Red Mask","floor":41,"gold_loss":0},{"damage_healed":0,"gold_gain":0,"player_choice":"Ignored","damage_taken":0,"max_hp_gain":0,"max_hp_loss":0,"event_name":"Mysterious Sphere","floor":44,"gold_loss":0},{"cards_removed":["DTMod:ShadowImage"],"damage_healed":0,"gold_gain":0,"player_choice":"Removed Power","damage_taken":0,"max_hp_gain":0,"max_hp_loss":0,"event_name":"Falling","floor":45,"gold_loss":0}],"is_beta":false,"boss_relics":[{"not_picked":["SlaversCollar","Tiny House"],"picked":"Coffee Dripper"},{"not_picked":["DTMod:TheChair","Pandora\u0027s Box"],"picked":"Runic Dome"}],"items_purged_floors":[4,10,12,21,28,37,48],"is_endless":false,"potions_floor_spawned":[7,13,14,20,29,33,35,36],"killed_by":"Donu and Deca","ascension_level":0}}