{"host":"ha6p5pdchuduffeg","time":1609941596,"event":{"mods":["Act Like it!","BaseMod","Downfall","Gensokyo","KinomotoSakuraMod(ƒæ÷Æ±æ”£)","Koishi","Marisa£®ÏF”Í°°ƒß¿Ì…≥£©","Minty Spire (QoL Compilation)","Reimu£®≤©¿ˆ¡È√Œ£©","Remilia£®¿Ÿ√◊¿Ú—«£©","Replay The Spire","StSLib","The Servant 0.9.4","Youmu£®ªÍ∆«—˝√Œ£©"],"gold_per_floor":[113,213,226,239,254,254,271,271,271,271,77,87,87,87,87,187,187,205,205,224,224,242,242,242],"floor_reached":23,"playtime":1232,"items_purged":[],"score":183,"play_id":"7663b7d5-1f58-4907-8f5a-4243a4178e44","local_time":"20210106215956","is_ascension_mode":false,"campfire_choices":[{"floor":6.0,"key":"RECALL"},{"data":"SashWhip","floor":10.0,"key":"SMITH"},{"data":"Replay:AtTheReady","floor":13.0,"key":"SMITH"},{"data":"CutThroughFate","floor":15.0,"key":"SMITH"}],"circlet_count":0,"master_deck":["Strike_P","Strike_P","Strike_P","Strike_P","Defend_P","Defend_P","Defend_P","Defend_P","Eruption+1","Vigilance","FlurryOfBlows","CutThroughFate+1","Replay:AtTheReady+1","EmptyFist","SashWhip+1","LessonLearned+1","EmptyBody","Necronomicurse"],"relics":["PureWater","Incense Burner","Replay:Wax Seal","Sling","Replay:Grab Bag","SlaversCollar","Sozu","Black Star","Necronomicon"],"acts_visited":["Exordium","TheCity"],"potions_floor_usage":[23],"damage_taken":[{"damage":9.0,"enemies":"Jaw Worm","floor":1.0,"turns":2.0},{"damage":0.0,"enemies":"Cultist","floor":3.0,"turns":2.0},{"damage":0.0,"enemies":"Small Slimes","floor":4.0,"turns":3.0},{"damage":2.0,"enemies":"Looter","floor":5.0,"turns":5.0},{"damage":5.0,"enemies":"Red Slaver","floor":7.0,"turns":4.0},{"damage":0.0,"enemies":"Blue Slaver","floor":12.0,"turns":3.0},{"damage":28.0,"enemies":"The Guardian","floor":16.0,"turns":9.0},{"damage":19,"enemies":"Chosen","floor":18,"turns":5},{"damage":15,"enemies":"Shell Parasite","floor":20,"turns":7},{"damage":18,"enemies":"Chosen and Byrds","floor":22,"turns":7},{"damage":11,"enemies":"Book of Stabbing","floor":23,"turns":2}],"seed_played":"2661868767749724241","potions_obtained":[{"floor":3.0,"key":"PowerPotion"},{"floor":5.0,"key":"Cursed Concoction"}],"is_trial":false,"path_per_floor":["M","?","M","M","M","R","M","?","T","R","$","M","R","$","R","B",null,"M","?","M","?","M","E"],"character_chosen":"WATCHER","items_purchased":["Replay:Wax Seal","Sling"],"campfire_rested":0,"item_purchase_floors":[11,11],"current_hp_per_floor":[70,70,70,70,68,68,63,63,63,63,63,63,63,63,63,35,79,60,60,45,29,11,0,0],"gold":242,"neow_bonus":"TEN_PERCENT_HP_BONUS","is_daily":false,"chose_seed":false,"campfire_upgraded":3,"win_rate":0.0,"timestamp":1609941596,"path_taken":["M","?","?","?","M","R","M","?","T","R","$","M","R","$","R","BOSS","M","?","?","?","M","E"],"items_purchased_type":["Relic","Relic"],"build_version":"2020-12-22","purchased_purges":0,"victory":false,"max_hp_per_floor":[79,79,79,79,79,79,79,79,79,79,79,79,79,79,79,79,79,79,79,79,79,79,79,79],"card_choices":[{"not_picked":["Halt","Vengeance"],"picked":"FlurryOfBlows","floor":1.0},{"not_picked":["WaveOfTheHand","JustLucky"],"picked":"CutThroughFate","floor":3.0},{"not_picked":["FlurryOfBlows","ClearTheMind"],"picked":"Replay:AtTheReady","floor":4.0},{"not_picked":["Vengeance","Replay:BluntJabs"],"picked":"EmptyFist","floor":5.0},{"not_picked":["FollowUp","Protect"],"picked":"SashWhip","floor":7.0},{"not_picked":["Protect","Establishment","Nirvana"],"picked":"SKIP","floor":12.0},{"not_picked":["Ragnarok","Omniscience"],"picked":"LessonLearned","floor":16.0},{"not_picked":["InnerPeace","CrushJoints","EmptyFist"],"picked":"SKIP","floor":18},{"not_picked":["Swivel","ClearTheMind","CutThroughFate"],"picked":"SKIP","floor":20},{"not_picked":["BowlingBash","Collect","Replay:ManipulateFuture"],"picked":"SKIP","floor":22}],"player_experience":9516,"relics_obtained":[{"floor":9.0,"key":"Incense Burner"},{"floor":21,"key":"Necronomicon"}],"event_choices":[{"damage_healed":0.0,"max_hp_gain":0.0,"max_hp_loss":0.0,"gold_gain":100.0,"event_name":"Golden Shrine","player_choice":"Pray","floor":2.0,"gold_loss":0.0,"damage_taken":0.0},{"damage_healed":0.0,"max_hp_gain":0.0,"max_hp_loss":0.0,"gold_gain":0.0,"event_name":"Living Wall","player_choice":"Grow","floor":8.0,"gold_loss":0.0,"damage_taken":0.0,"cards_upgraded":["Eruption"]},{"damage_healed":0,"gold_gain":0,"player_choice":"1 cards matched","damage_taken":0,"max_hp_gain":0,"max_hp_loss":0,"event_name":"Match and Keep!","floor":19,"gold_loss":0,"cards_obtained":["EmptyBody"]},{"damage_healed":0,"gold_gain":0,"player_choice":"Obtained Book","damage_taken":16,"max_hp_gain":0,"max_hp_loss":0,"event_name":"Cursed Tome","floor":21,"gold_loss":0}],"is_beta":false,"boss_relics":[{"not_picked":["Velvet Choker","ChewingGum"],"picked":"Replay:Grab Bag"},{"not_picked":["Fusion Hammer","Runic Dome"],"picked":"SlaversCollar"},{"not_picked":["Busted Crown","Coffee Dripper"],"picked":"Sozu"},{"not_picked":["Kintsugi","RedLine:ReiMu"],"picked":"Black Star"}],"items_purged_floors":[],"is_endless":false,"potions_floor_spawned":[3,5,20],"killed_by":"Book of Stabbing","ascension_level":0}}