{"host":"ixtszv54kd1m8623","time":1609973916,"event":{"mods":["Act Like it!","Aspiration","Bard","BaseMod","Beaked The Cultist","ChefMod","Colored Map","Colored Powertips","Conspire","Downfall","Duelist Mod","Gensokyo","GifTheSpireLib","Halation","Hermit","Hubris","Infinite Spire","Jorbs\u0027s Wanderer Trilogy","Lobotomy","Minty Spire (QoL Compilation)","Replay The Spire","Robot Space Explorer","Shade Mod","StSLib","The Animator","The Blackbeard","The Bug Knight","The Cursed","The Disciple","The Dragon Tamer","The Marked","The Runesmith","The Servant 0.9.4"],"gold_per_floor":[112,124,144,144,162,162,190,290,290,303,316,328,328,342,342,453,453,463,465,465,483,483,503,503,513,513,513,513,513,544,560,560,664,664,677,677,247,259,55,55,55,55],"floor_reached":40,"playtime":1972,"items_purged":[],"score":510,"play_id":"4a597c78-3d4c-4b50-81cf-894d6807ab67","local_time":"20210106145836","is_ascension_mode":false,"metric_token":2131,"campfire_choices":[{"data":"DTMod:SwitchingTactic","floor":6,"key":"SMITH"},{"data":"DTMod:BurningForce","floor":15,"key":"SMITH"},{"data":"ReplayTheSpireMod:Chaos Vortex","floor":24,"key":"SMITH"},{"floor":27,"key":"REST"},{"floor":29,"key":"REST"},{"data":"DTMod:Training","floor":32,"key":"SMITH"}],"dtmod_dragon_data":[0,50,1,1,12,13],"circlet_count":0,"master_deck":["DTMod:Strike","DTMod:Strike","DTMod:Strike","DTMod:Strike","DTMod:DoubleHit","DTMod:TargetDefense","DTMod:TargetDefense","DTMod:TargetDefense","DTMod:TargetDefense","DTMod:SwitchingTactic+1","DTMod:TagTeam","DTMod:BurningEnergy","DTMod:BurningEnergy","DTMod:BlueScale","DTMod:BurningForce+1","DTMod:ShieldDrain+1","DTMod:BalancedStrike+1","DTMod:HeatWave+1","DTMod:RepeatStrike+1","DTMod:BlazingStrike+1","ReplayTheSpireMod:Chaos Vortex+1","Replay:Fractal Strike+1","hubris:DuctTapeCard","DTMod:ComboAttack+1","DTMod:Adaptation+1","DTMod:Training+1","DTMod:RepeatStrike+1","DTMod:LightShield","DTMod:CrossStep+1","Run Through+1","Flex","Metallicize","Metallicize"],"relics":["DTMod:PactStone","Molten Egg 2","infinitespire:Midas Blood","hubris:Towel","conspire:SlowCooker","hubris:DuctTape","halation:QuantumPhysicsTextbook","Pen Nib","aspiration:IroncladSkillbook","Eternal Feather","infinitespire:Beetle Shell","Letter Opener","DTMod:BasicTextbook"],"acts_visited":["Exordium","TheCity","TheBeyond"],"potions_floor_usage":[16,16,33,40],"damage_taken":[{"damage":0,"enemies":"2 Louse","floor":1,"turns":2},{"damage":0,"enemies":"Small Slimes","floor":2,"turns":3},{"damage":0,"enemies":"Cultist","floor":3,"turns":4},{"damage":0,"enemies":"Blue Slaver","floor":5,"turns":7},{"damage":4,"enemies":"Lagavulin","floor":7,"turns":8},{"damage":0,"enemies":"2 Fungi Beasts","floor":10,"turns":3},{"damage":0,"enemies":"Looter","floor":11,"turns":3},{"damage":0,"enemies":"Red Slaver","floor":12,"turns":2},{"damage":0,"enemies":"Large Slime","floor":14,"turns":3},{"damage":49,"enemies":"Fading Forest","floor":16,"turns":11},{"damage":0,"enemies":"3 Byrds","floor":18,"turns":4},{"damage":0,"enemies":"Spheric Guardian","floor":21,"turns":2},{"damage":0,"enemies":"Shelled Parasite and Fungi","floor":23,"turns":4},{"damage":0,"enemies":"Centurion and Healer","floor":25,"turns":5},{"damage":0,"enemies":"conspire:Head Lice","floor":30,"turns":5},{"damage":0,"enemies":"Sentry and Sphere","floor":31,"turns":4},{"damage":0,"enemies":"Collector","floor":33,"turns":9},{"damage":0,"enemies":"3 Darklings","floor":35,"turns":5},{"damage":0,"enemies":"Orb Walker","floor":38,"turns":3},{"damage":0,"enemies":"Nemesis","floor":40,"turns":2}],"seed_played":"-6739186903287624232","potions_obtained":[{"floor":2,"key":"EssenceOfSteel"},{"floor":5,"key":"conspire:TimeTravelPotion"},{"floor":7,"key":"Milkshake"},{"floor":10,"key":"LifebloodPotion"},{"floor":11,"key":"SkillPotion"},{"floor":21,"key":"Milkshake"},{"floor":30,"key":"Fire Potion"},{"floor":33,"key":"Dexterity Potion"},{"floor":38,"key":"LiquidMemories"}],"is_trial":false,"path_per_floor":["M","M","M","?","M","R","E","?","T","M","M","M","?","M","R","B",null,"M","?","AVR","M","?","M","R","M","T","R","?","R","E","M","R","B",null,"M","?","$","M","$","E"],"character_chosen":"THE_DT","items_purchased":["infinitespire:Beetle Shell","Run Through+1","Letter Opener","Metallicize","DTMod:BasicTextbook"],"campfire_rested":2,"item_purchase_floors":[37,37,37,39,39],"current_hp_per_floor":[45,45,45,45,45,45,41,41,41,41,41,41,41,41,41,2,45,45,34,34,34,55,55,55,55,55,55,55,55,55,55,55,55,55,55,55,55,55,55,55,55,55],"gold":55,"neow_bonus":"RANDOM_EVENT","is_daily":false,"chose_seed":false,"campfire_upgraded":4,"win_rate":0.0,"timestamp":1609973916,"path_taken":["M","M","M","?","M","R","E","?","T","M","M","?","?","M","R","BOSS","M","?","AVR","M","?","M","R","?","T","R","?","R","E","M","R","BOSS","M","?","$","?","$","E"],"items_purchased_type":["Relic","Card","Relic","Card","Relic"],"build_version":"2020-12-22","purchased_purges":0,"victory":false,"max_hp_per_floor":[45,45,45,45,45,45,45,45,45,45,45,45,45,45,45,45,45,45,45,45,45,55,55,55,55,55,55,55,55,55,55,55,55,55,55,55,55,55,55,55,55,55],"card_choices":[{"not_picked":["DTMod:DeepFocus","DTMod:MagicField"],"picked":"DTMod:BurningEnergy","floor":1},{"not_picked":["DTMod:BizarreTactic","DTMod:Coolant"],"picked":"DTMod:BurningEnergy","floor":2},{"not_picked":["DTMod:BurningEnergy","DTMod:BuildUp"],"picked":"DTMod:BlueScale","floor":3},{"not_picked":["DTMod:BuildUp","DTMod:StarRain"],"picked":"DTMod:BurningForce","floor":5},{"not_picked":["DTMod:Cover","DTMod:Dissolve"],"picked":"DTMod:ShieldDrain+1","floor":7},{"not_picked":["DTMod:BuildUp+1","DTMod:MagicField"],"picked":"DTMod:ComboAttack+1","floor":10},{"not_picked":["DTMod:Haste","DTMod:Punisher+1"],"picked":"DTMod:DarkBreath+1","floor":11},{"not_picked":["DTMod:QuickFly+1","DTMod:HeatWave+1"],"picked":"DTMod:BalancedStrike+1","floor":12},{"not_picked":["DTMod:Overwhelm","DTMod:BreakAttack+1"],"picked":"DTMod:HeatWave+1","floor":14},{"not_picked":["DTMod:StunTrap","DTMod:Multitask"],"picked":"DTMod:RepeatStrike+1","floor":16},{"not_picked":["DTMod:BreakAttack+1","DTMod:QuickFly+1"],"picked":"DTMod:BlazingStrike+1","floor":18},{"not_picked":["infinitespire:SealOfDarkness+","Replay:Fractal Strike"],"picked":"ReplayTheSpireMod:Chaos Vortex","floor":19},{"not_picked":["DTMod:Cover","DTMod:Feint+1"],"picked":"DTMod:Outburst","floor":21},{"not_picked":["DTMod:BizarreTactic","DTMod:QuickFly+1"],"picked":"DTMod:ComboAttack+1","floor":23},{"not_picked":["DTMod:BreakAttack+1","DTMod:ForkedFire+1"],"picked":"DTMod:Adaptation+1","floor":25},{"not_picked":["DTMod:RecklessFlurry+1","DTMod:HeatWave+1"],"picked":"DTMod:Training","floor":30},{"not_picked":["DTMod:BizarreTactic","DTMod:BuildUp+1"],"picked":"DTMod:RepeatStrike+1","floor":31},{"not_picked":["DTMod:StunTrap","DTMod:GearUp"],"picked":"DTMod:LightShield","floor":33},{"not_picked":["DTMod:LowKick+1","DTMod:DarkBreath+1","DTMod:MaximumCharge+1"],"picked":"DTMod:CrossStep+1","floor":35},{"not_picked":["Sword Boomerang+1","DTMod:Weaken+1","DTMod:BuildUp+1"],"picked":"Flex","floor":38}],"player_experience":184504,"relics_obtained":[{"floor":7,"key":"Molten Egg 2"},{"floor":9,"key":"infinitespire:Midas Blood"},{"floor":26,"key":"halation:QuantumPhysicsTextbook"},{"floor":30,"key":"Pen Nib"}],"event_choices":[{"damage_healed":0,"gold_gain":100,"player_choice":"Pray","damage_taken":0,"max_hp_gain":0,"max_hp_loss":0,"event_name":"Golden Shrine","floor":8,"gold_loss":0},{"cards_removed":["DTMod:Outburst"],"damage_healed":11,"gold_gain":0,"player_choice":"Offered Rare","damage_taken":0,"max_hp_gain":10,"max_hp_loss":0,"event_name":"Bonfire Elementals","floor":22,"gold_loss":0},{"damage_healed":0,"gold_gain":0,"player_choice":"Ignored","damage_taken":0,"max_hp_gain":0,"max_hp_loss":0,"event_name":"Ghosts","floor":28,"gold_loss":0},{"damage_healed":0,"gold_gain":0,"player_choice":"Gave Potion","damage_taken":0,"relics_obtained":["Eternal Feather"],"max_hp_gain":0,"max_hp_loss":0,"event_name":"WeMeetAgain","floor":36,"gold_loss":0}],"is_beta":false,"boss_relics":[{"not_picked":["halation:MonkeysPaw","halation:CatFaceCupcake"],"picked":"conspire:SlowCooker"},{"not_picked":["hubris:CrackedHourglass","Astrolabe"],"picked":"aspiration:IroncladSkillbook"}],"items_purged_floors":[],"is_endless":false,"potions_floor_spawned":[2,5,7,10,11,21,30,33,38],"killed_by":"Nemesis","ascension_level":0}}