{"host":"raaimkojny05jekw","time":1609912793,"event":{"mods":["AchievementEnabler","BaseMod","Colored Map","Colored Powertips","DeckTracker","Minty Spire (QoL Compilation)","Quick Restart","Rare Cards Sparkle","everything is the same but u backflip on backflip"],"gold_per_floor":[119,132,147,165,4,4,31,31,78,78,88,163,180,198,198,272,272,289,289,289,308,120,120,147,157,157,157,168,182,192,67,67,139,139,156,169,169,19,34,61,0,0,69,69,81,81,134,164,176,188,188],"floor_reached":50,"playtime":2334,"items_purged":["Normality","Strike_G","Strike_G","Injury"],"score":1148,"play_id":"5d5adb02-cbb0-4fdb-b9f4-952cbc6ce7ea","local_time":"20210106145953","is_ascension_mode":true,"campfire_choices":[{"data":"Apotheosis","floor":6,"key":"SMITH"},{"data":"Infinite Blades","floor":10,"key":"SMITH"},{"data":"Blade Dance","floor":15,"key":"SMITH"},{"floor":23,"key":"RECALL"},{"floor":27,"key":"REST"},{"floor":32,"key":"REST"},{"floor":42,"key":"REST"},{"floor":44,"key":"REST"},{"floor":49,"key":"REST"}],"circlet_count":0,"master_deck":["AscendersBane","Strike_G","Strike_G","Strike_G","Defend_G","Defend_G","Defend_G","Defend_G","Defend_G","Survivor","Neutralize","Apotheosis+1","Cloak And Dagger","Flying Knee","Deadly Poison","Infinite Blades+1","Deflect","Dagger Spray","Acrobatics","Blade Dance+1","Doppelganger","Prepared","Escape Plan","Accuracy","Acrobatics+1","Infinite Blades+1","Reflex","Terror","Bullet Time","After Image","PiercingWail+1","Escape Plan+1"],"relics":["Ring of the Snake","Eternal Feather","Akabeko","Fusion Hammer","Nunchaku","Bottled Lightning","Gremlin Horn","Busted Crown","InkBottle","Red Mask","Pocketwatch","MawBank"],"acts_visited":["Exordium","TheCity","TheBeyond"],"potions_floor_usage":[7,11,16,24,39,50],"damage_taken":[{"damage":0,"enemies":"Cultist","floor":1,"turns":5},{"damage":14,"enemies":"Small Slimes","floor":2,"turns":6},{"damage":14,"enemies":"Jaw Worm","floor":3,"turns":5},{"damage":3,"enemies":"Looter","floor":4,"turns":5},{"damage":24,"enemies":"Gremlin Nob","floor":7,"turns":4},{"damage":1,"enemies":"3 Louse","floor":11,"turns":3},{"damage":2,"enemies":"Red Slaver","floor":13,"turns":3},{"damage":6,"enemies":"Lots of Slimes","floor":14,"turns":4},{"damage":13,"enemies":"Hexaghost","floor":16,"turns":8},{"damage":0,"enemies":"Spheric Guardian","floor":18,"turns":4},{"damage":17,"enemies":"Shell Parasite","floor":21,"turns":4},{"damage":19,"enemies":"Book of Stabbing","floor":24,"turns":5},{"damage":15,"enemies":"Snecko","floor":25,"turns":4},{"damage":4,"enemies":"Cultist and Chosen","floor":28,"turns":4},{"damage":13,"enemies":"Snake Plant","floor":29,"turns":4},{"damage":5,"enemies":"Snecko","floor":30,"turns":3},{"damage":37,"enemies":"Automaton","floor":33,"turns":8},{"damage":1,"enemies":"Orb Walker","floor":35,"turns":3},{"damage":11,"enemies":"3 Darklings","floor":36,"turns":4},{"damage":23,"enemies":"4 Shapes","floor":39,"turns":8},{"damage":0,"enemies":"Giant Head","floor":40,"turns":4},{"damage":7,"enemies":"Transient","floor":45,"turns":6},{"damage":15,"enemies":"2 Orb Walkers","floor":47,"turns":4},{"damage":43,"enemies":"Nemesis","floor":48,"turns":7},{"damage":60,"enemies":"Time Eater","floor":50,"turns":6}],"seed_played":"522230349284064832","potions_obtained":[{"floor":2,"key":"SteroidPotion"},{"floor":7,"key":"Poison Potion"},{"floor":14,"key":"Strength Potion"},{"floor":21,"key":"Weak Potion"},{"floor":28,"key":"SpeedPotion"},{"floor":33,"key":"LiquidBronze"},{"floor":39,"key":"CultistPotion"},{"floor":40,"key":"FairyPotion"}],"is_trial":false,"path_per_floor":["M","M","M","M","$","R","E","?","T","R","M","?","M","M","R","B",null,"M","?","?","M","$","R","E","M","T","R","M","M","M","$","R","B",null,"M","M","?","$","M","E","?","R","T","R","M","?","?","E","R","B"],"character_chosen":"THE_SILENT","items_purchased":["Infinite Blades","Accuracy"],"campfire_rested":5,"item_purchase_floors":[5,22],"current_hp_per_floor":[59,45,31,28,28,28,4,26,26,38,37,26,24,18,30,17,54,54,54,54,37,37,52,33,18,18,52,48,35,30,30,66,29,57,56,45,45,45,22,22,22,59,59,66,59,59,44,1,38,0,0],"gold":188,"neow_bonus":"RANDOM_COLORLESS_2","is_daily":false,"chose_seed":false,"campfire_upgraded":3,"win_rate":0.0,"timestamp":1609912793,"path_taken":["M","M","M","M","$","R","E","?","T","R","M","?","?","M","R","BOSS","M","?","?","M","$","R","E","M","T","R","?","?","M","?","R","BOSS","M","M","?","$","?","E","?","R","T","R","M","?","?","E","R","BOSS"],"items_purchased_type":["Card","Card"],"build_version":"2020-12-22","purchased_purges":4,"victory":false,"max_hp_per_floor":[66,66,66,66,66,66,66,66,66,66,66,66,66,66,66,66,66,66,66,66,66,66,66,66,66,66,66,66,66,66,66,66,66,66,66,66,66,66,66,66,66,66,66,66,66,66,66,66,66,66,66],"card_choices":[{"not_picked":["Transmutation","Magnetism"],"picked":"Apotheosis","floor":0},{"not_picked":["Leg Sweep","Prepared"],"picked":"Cloak And Dagger","floor":1},{"not_picked":["PiercingWail","Unload"],"picked":"Flying Knee","floor":2},{"not_picked":["Outmaneuver","Riddle With Holes"],"picked":"Deadly Poison","floor":3},{"not_picked":["Backflip","Heel Hook"],"picked":"Deadly Poison","floor":4},{"not_picked":["Distraction","Glass Knife"],"picked":"Deflect","floor":7},{"not_picked":["Cloak And Dagger","Outmaneuver"],"picked":"Dagger Spray","floor":11},{"not_picked":["Backstab","Dagger Throw"],"picked":"Acrobatics","floor":13},{"not_picked":["Deadly Poison","Eviscerate"],"picked":"Blade Dance","floor":14},{"not_picked":["Unload","Storm of Steel"],"picked":"Doppelganger","floor":16},{"not_picked":["Deflect","PiercingWail"],"picked":"Prepared","floor":18},{"not_picked":["Backstab","Crippling Poison"],"picked":"Escape Plan","floor":21},{"not_picked":["Catalyst","Quick Slash"],"picked":"Acrobatics+1","floor":24},{"not_picked":["Cloak And Dagger","Underhanded Strike"],"picked":"Infinite Blades+1","floor":25},{"not_picked":["Dagger Spray+1","Bouncing Flask"],"picked":"Reflex","floor":28},{"not_picked":["Quick Slash+1","Underhanded Strike"],"picked":"Terror","floor":29},{"not_picked":["Backflip","Dagger Throw"],"picked":"Bullet Time","floor":30},{"not_picked":["Phantasmal Killer","Venomology"],"picked":"After Image","floor":33},{"not_picked":["Bane"],"picked":"SKIP","floor":35},{"not_picked":[],"picked":"PiercingWail+1","floor":36},{"not_picked":["Deflect"],"picked":"SKIP","floor":39},{"not_picked":["Bane+1"],"picked":"SKIP","floor":40},{"not_picked":["Riddle With Holes"],"picked":"SKIP","floor":45},{"not_picked":[],"picked":"Escape Plan+1","floor":47},{"not_picked":["Finisher"],"picked":"SKIP","floor":48}],"player_experience":718398,"relics_obtained":[{"floor":7,"key":"Eternal Feather"},{"floor":9,"key":"Akabeko"},{"floor":24,"key":"Bottled Lightning"},{"floor":26,"key":"Gremlin Horn"},{"floor":40,"key":"InkBottle"},{"floor":47,"key":"Pocketwatch"},{"floor":48,"key":"MawBank"}],"event_choices":[{"damage_healed":22,"gold_gain":0,"player_choice":"Banana","damage_taken":0,"max_hp_gain":0,"max_hp_loss":0,"event_name":"Big Fish","floor":8,"gold_loss":0},{"damage_healed":0,"gold_gain":75,"player_choice":"Gather Gold","damage_taken":11,"max_hp_gain":0,"max_hp_loss":0,"event_name":"World of Goop","floor":12,"gold_loss":0},{"damage_healed":0,"gold_gain":0,"player_choice":"Opened","damage_taken":0,"relics_obtained":["Nunchaku"],"max_hp_gain":0,"max_hp_loss":0,"event_name":"The Mausoleum","floor":19,"gold_loss":0,"cards_obtained":["Writhe"]},{"cards_removed":["Writhe"],"damage_healed":0,"gold_gain":0,"player_choice":"Purged","damage_taken":0,"max_hp_gain":0,"max_hp_loss":0,"event_name":"Purifier","floor":20,"gold_loss":0},{"damage_healed":0,"gold_gain":0,"player_choice":"1 cards matched","damage_taken":0,"max_hp_gain":0,"max_hp_loss":0,"event_name":"Match and Keep!","floor":37,"gold_loss":0,"cards_obtained":["Injury"]},{"damage_healed":0,"gold_gain":0,"player_choice":"Paid","damage_taken":0,"relics_obtained":["Red Mask"],"max_hp_gain":0,"max_hp_loss":0,"event_name":"Tomb of Lord Red Mask","floor":41,"gold_loss":61},{"cards_removed":["Deadly Poison"],"damage_healed":0,"gold_gain":0,"player_choice":"Removed Skill","damage_taken":0,"max_hp_gain":0,"max_hp_loss":0,"event_name":"Falling","floor":46,"gold_loss":0},{"damage_healed":0,"gold_gain":0,"player_choice":"Fight","damage_taken":0,"max_hp_gain":0,"max_hp_loss":0,"event_name":"Mysterious Sphere","floor":47,"gold_loss":0}],"is_beta":false,"boss_relics":[{"not_picked":["Tiny House","Runic Dome"],"picked":"Fusion Hammer"},{"not_picked":["Coffee Dripper","Pandora\u0027s Box"],"picked":"Busted Crown"}],"items_purged_floors":[5,22,31,38],"is_endless":false,"potions_floor_spawned":[2,7,14,21,28,33,39,40,47,48],"killed_by":"Time Eater","ascension_level":20}}