{"host":"68ypu360vyldwzrz","time":1609963889,"event":{"mods":["Act Like it!","BaseMod","Better Third Choice","Better Vampires","BetterRewards","CapriCore","Downfall","Friendly Minions","GifTheSpireLib","Hermit","Hubris","Jorbs\u0027s Wanderer Trilogy","Luminous","Marisa????????","Minty Spire (QoL Compilation)","Quick Restart","Relic Stats","Remilia??????","Shade Mod","Shop Mod","StSLib","Td1madao Mod","The Administrix","The Alterego","The Cursed","The Hierophant","The Immortal","The Necromancer","The Senshi","The Servant 0.9.4","TheVacant","Wandering Minibosses"],"gold_per_floor":[99,49,69,69,89,89,89,89,99,99,119,0,0,14,28,129,129,129,142,161,181,198,198,198,215,241,241,260,260,110,126,137,232,232,232,243,295,310,310,335,335,12,27,12,12,23,23,23,41,41,41],"floor_reached":50,"playtime":4563,"items_purged":[],"score":918,"play_id":"02efc9fe-dab4-475b-a989-a3ad37fbc460","local_time":"20210106141129","is_ascension_mode":false,"campfire_choices":[{"data":"Enlightenment","floor":1.0,"key":"SMITH"},{"data":"Summon_Undead_Army","floor":6.0,"key":"SMITH"},{"data":"Summon_Lich","floor":10.0,"key":"SMITH"},{"floor":13.0,"key":"REST"},{"floor":18.0,"key":"RECALL"},{"floor":23.0,"key":"REST"},{"floor":30,"key":"REST"},{"floor":35,"key":"REST"},{"floor":47,"key":"REST"}],"circlet_count":0,"master_deck":["Strike_W","Strike_W","Strike_W","Strike_W","Defend_W","Defend_W","Defend_W","Negative_Energy_Arrows","Bone_Wall","Enlightenment+1","Negative_Energy_Mist","Summon_Undead_Army+1","Negative_Energy_Shield","Summon_Lich+1","Finger_Of_Death","Skeleton_Dragon","expansioncontent:LastStand","Bone_Armor","Summon_Lich","Uncharnel","Shade_Step","Toxic_Smoke_Screen","Summon_Lich","Summon_Death_Knight","Summon_Vampire_Lady","Negative_Energy_Javelin","Bone_Shift+1","Life_Tap","Siphon_Strength","Bone_Prison","Toxic_Smoke_Screen","Blood_Is_Power","Corrupt","Summon_Vampire_Lady+1","Life_Drain","Negative_Energy_Shield+1","Negative_Energy_Shield","Spectral_Walk+1","Negative_Energy_Burst","Summon_Lich","Negative_Energy_Javelin+1","Summon_Death_Knight","Bone_Armor+1","expansioncontent:DarkVoid","Blood_Is_Power"],"relics":["Vampire_Amulet","Bronze Scales","Fusion Hammer","Anchor","downfall:HeartBlessingRed","downfall:HeartBlessingBlue","Runic Pyramid","CatCart","Darkstone Periapt","hubris:TenFootPole","Shuriken"],"acts_visited":["Exordium","TheCity","TheBeyond"],"potions_floor_usage":[28,31,33,33,40,40,40],"damage_taken":[{"damage":0.0,"enemies":"downfall:FleeingMerchant","floor":2.0,"turns":4.0},{"damage":6.0,"enemies":"2 Louse","floor":3.0,"turns":3.0},{"damage":4.0,"enemies":"Cultist","floor":5.0,"turns":4.0},{"damage":8.0,"enemies":"Small Slimes","floor":9.0,"turns":2.0},{"damage":13.0,"enemies":"Red Slaver","floor":11.0,"turns":3.0},{"damage":2.0,"enemies":"downfall:FleeingMerchant","floor":12.0,"turns":4.0},{"damage":5.0,"enemies":"Large Slime","floor":14.0,"turns":4.0},{"damage":5.0,"enemies":"Lots of Slimes","floor":15.0,"turns":2.0},{"damage":5.0,"enemies":"downfall:Silent","floor":16.0,"turns":7.0},{"damage":13.0,"enemies":"Spheric Guardian","floor":19.0,"turns":4.0},{"damage":3.0,"enemies":"Snecko","floor":20.0,"turns":4.0},{"damage":16.0,"enemies":"Centurion and Healer","floor":21.0,"turns":7.0},{"damage":14.0,"enemies":"Chosen and Byrds","floor":22.0,"turns":5.0},{"damage":16.0,"enemies":"Snecko","floor":25.0,"turns":5.0},{"damage":14,"enemies":"Centurion and Healer","floor":28,"turns":7},{"damage":0,"enemies":"Snake Plant","floor":31,"turns":4},{"damage":41,"enemies":"Cultist and Chosen","floor":32,"turns":7},{"damage":22,"enemies":"downfall:Ironclad","floor":33,"turns":9},{"damage":14,"enemies":"3 Shapes","floor":36,"turns":4},{"damage":11,"enemies":"Orin","floor":37,"turns":11},{"damage":15,"enemies":"Orb Walker","floor":38,"turns":4},{"damage":100,"enemies":"Giant Head","floor":40,"turns":10},{"damage":0,"enemies":"downfall:FleeingMerchant","floor":42,"turns":4},{"damage":7,"enemies":"4 Shapes","floor":43,"turns":3},{"damage":10,"enemies":"downfall:FleeingMerchant","floor":44,"turns":4},{"damage":49,"enemies":"Spire Growth","floor":46,"turns":7},{"damage":15,"enemies":"Maw","floor":49,"turns":9},{"damage":139,"enemies":"downfall:Defect","floor":50,"turns":10}],"seed_played":"4315269394458436507","potions_obtained":[{"floor":3.0,"key":"hexamod:EctoCoolerPotion"},{"floor":9.0,"key":"Guardian:BlockOnCardUsePotion"},{"floor":11.0,"key":"Swift Potion"},{"floor":15.0,"key":"SkillPotion"},{"floor":20.0,"key":"Swift Potion"},{"floor":21.0,"key":"Strength Potion"},{"floor":22.0,"key":"Strength Potion"},{"floor":27.0,"key":"LiquidMemories"},{"floor":27.0,"key":"Regen Potion"},{"floor":27.0,"key":"Swift Potion"},{"floor":28,"key":"Block Potion"},{"floor":33,"key":"CultistPotion"},{"floor":36,"key":"AttackPotion"},{"floor":37,"key":"Regen Potion"},{"floor":49,"key":"Explosive Potion"}],"is_trial":false,"path_per_floor":["R","$","M","?","M","R","T","?","M","R","M","$","R","M","M","B",null,"R","M","M","M","M","R","T","M","T","?","M","?","R","M","M","B",null,"R","M","?","M","?","E","T","$","M","$","?","M","R","?","M","B"],"character_chosen":"NECROMANCER","items_purchased":["Summon_Undead_Army","Shade_Step","Toxic_Smoke_Screen","Shuriken","Summon_Lich"],"campfire_rested":5,"item_purchase_floors":[2,12,12,42,42],"current_hp_per_floor":[75,75,73,73,71,71,71,71,67,67,56,54,75,74,75,72,75,75,64,63,60,59,75,75,66,66,66,65,65,85,85,54,61,85,85,78,85,78,78,30,30,42,43,51,51,13,38,38,31,0,0],"gold":41,"neow_bonus":"RANDOM_COLORLESS","is_daily":false,"chose_seed":false,"campfire_upgraded":3,"win_rate":0.0,"timestamp":1609963889,"path_taken":["R","$","M","?","?","R","T","?","?","R","M","$","R","M","M","BOSS","R","M","M","M","M","R","T","M","?","?","?","?","R","?","M","BOSS","R","M","?","M","?","E","T","$","?","$","?","?","R","?","M","BOSS"],"items_purchased_type":["Card","Card","Card","Relic","Card"],"build_version":"2020-12-22","purchased_purges":0,"victory":false,"max_hp_per_floor":[75,75,75,75,75,75,75,75,75,75,75,75,75,75,75,75,75,75,75,75,75,75,75,75,75,75,75,75,75,85,85,85,85,85,85,85,85,85,85,85,85,85,85,85,85,85,85,85,85,85,85],"relic_stats":{"Darkstone Periapt":0,"counters":[28,151],"Shuriken":[3],"Bronze Scales":[307],"obtain_stats":[{"Darkstone Periapt":40,"Anchor":26,"downfall:HeartBlessingRed":30,"downfall:HeartBlessingBlue":30,"Shuriken":42,"Bronze Scales":7,"Vampire_Amulet":0,"Fusion Hammer":17,"hubris:TenFootPole":41,"CatCart":37,"Runic Pyramid":34},{"Darkstone Periapt":22,"Anchor":14,"downfall:HeartBlessingRed":15,"downfall:HeartBlessingBlue":15,"Shuriken":23,"Bronze Scales":3,"Vampire_Amulet":0,"Fusion Hammer":9,"hubris:TenFootPole":22,"CatCart":20,"Runic Pyramid":18},{"Darkstone Periapt":114,"Anchor":58,"downfall:HeartBlessingRed":65,"downfall:HeartBlessingBlue":65,"Shuriken":118,"Bronze Scales":11,"Vampire_Amulet":0,"Fusion Hammer":33,"hubris:TenFootPole":114,"CatCart":100,"Runic Pyramid":85}]},"card_choices":[{"not_picked":["Dark Shackles","Jack Of All Trades"],"picked":"Enlightenment","floor":0.0},{"not_picked":["Negative_Energy_Javelin","Pandemic"],"picked":"Negative_Energy_Mist","floor":2.0},{"not_picked":["Bone_Armory","Blood_Curse"],"picked":"Negative_Energy_Shield","floor":3.0},{"not_picked":["Finger_Of_Death","Death_March_Dance"],"picked":"Summon_Lich","floor":5.0},{"not_picked":["Chill_Blood","Acid_Javelin"],"picked":"Bone_Armor","floor":9.0},{"not_picked":["Chill_Blood","Finger_Of_Death"],"picked":"Summon_Lich","floor":11.0},{"not_picked":["Finger_Of_Death","Negative_Energy_Javelin"],"picked":"Uncharnel","floor":12.0},{"not_picked":["Deaths_Shadow","Life_Tap"],"picked":"Summon_Lich","floor":14.0},{"not_picked":["Vampiric_Strike","Bone_Shift"],"picked":"Summon_Death_Knight","floor":15.0},{"not_picked":["Requiem","Negative_Energy_Bomb"],"picked":"Summon_Vampire_Lady","floor":16.0},{"not_picked":["Epidemic","Corrupt"],"picked":"Negative_Energy_Javelin","floor":19.0},{"not_picked":["Death_Coil","Blood_Whip"],"picked":"Bone_Shift+1","floor":20.0},{"not_picked":["Necrotic_Claws","Corrupt"],"picked":"Life_Tap","floor":21.0},{"not_picked":["Finger_Of_Death+1","Bone_Armor+1"],"picked":"Siphon_Strength","floor":22.0},{"not_picked":["Negative_Energy_Sphere","Vampiric_Strike"],"picked":"Bone_Prison","floor":25.0},{"not_picked":["Violent_Necrosis","Finger_Of_Death"],"picked":"Toxic_Smoke_Screen","floor":28},{"not_picked":["Blood_for_Blood","Death_Coil"],"picked":"Blood_Is_Power","floor":31},{"not_picked":["Death_March_Dance","Bone_Armory+1"],"picked":"Corrupt","floor":32},{"not_picked":["Negative_Energy_Bomb","Summon_Death_Knight"],"picked":"Summon_Vampire_Lady","floor":33},{"not_picked":["Consume_Illness+1","Chill_Blood"],"picked":"Life_Drain","floor":36},{"not_picked":["Vampiric_Strike","Scare+1"],"picked":"Negative_Energy_Shield+1","floor":37},{"not_picked":["Bone_Shift+1","Epidemic"],"picked":"Negative_Energy_Shield","floor":38},{"not_picked":["Death_Coil+1","Blood_Shield"],"picked":"Spectral_Walk+1","floor":40},{"not_picked":["Blood_Whip+1","Violent_Necrosis+1"],"picked":"Negative_Energy_Burst","floor":42},{"not_picked":["Death_Coil+1","Violent_Necrosis"],"picked":"Negative_Energy_Javelin+1","floor":43},{"not_picked":["Negative_Energy_Sphere","Finger_Of_Death"],"picked":"Summon_Death_Knight","floor":44},{"not_picked":["Death_March_Dance","Epidemic"],"picked":"Bone_Armor+1","floor":46},{"not_picked":["expansioncontent:DonusPower","expansioncontent:Hexaburn"],"picked":"expansioncontent:DarkVoid","floor":48},{"not_picked":["Negative_Energy_Shield+1","Flesh_Made_Foul"],"picked":"Blood_Is_Power","floor":49}],"player_experience":365647,"relics_obtained":[{"floor":7.0,"key":"Bronze Scales"},{"floor":26.0,"key":"Anchor"},{"floor":37,"key":"CatCart"},{"floor":40,"key":"Darkstone Periapt"},{"floor":41,"key":"hubris:TenFootPole"}],"event_choices":[{"cards_removed":["Defend_W"],"damage_healed":0.0,"max_hp_gain":0.0,"max_hp_loss":0.0,"gold_gain":0.0,"event_name":"Bonfire Elementals","player_choice":"Offered Basic","floor":4.0,"gold_loss":0.0,"damage_taken":0.0},{"damage_healed":0.0,"max_hp_gain":0.0,"max_hp_loss":0.0,"gold_gain":0.0,"event_name":"Lab","player_choice":"Got Potions","floor":27.0,"gold_loss":0.0,"damage_taken":0.0},{"damage_healed":0,"gold_gain":0,"player_choice":"Ignored","damage_taken":0,"max_hp_gain":0,"max_hp_loss":0,"event_name":"Purifier","floor":29,"gold_loss":0},{"damage_healed":0,"gold_gain":0,"player_choice":"Fight","damage_taken":0,"max_hp_gain":0,"max_hp_loss":0,"event_name":"OrinTheCat","floor":37,"gold_loss":0},{"damage_healed":0,"gold_gain":0,"player_choice":"Ignored","damage_taken":0,"max_hp_gain":0,"max_hp_loss":0,"event_name":"Purifier","floor":39,"gold_loss":0},{"damage_healed":0,"gold_gain":0,"player_choice":"Forge","damage_taken":0,"max_hp_gain":0,"max_hp_loss":0,"event_name":"Accursed Blacksmith","floor":45,"gold_loss":0,"cards_upgraded":["Summon_Vampire_Lady"]}],"is_beta":false,"boss_relics":[{"not_picked":["Astrolabe","Runic Dome"],"picked":"Fusion Hammer"},{"not_picked":["Sozu","Velvet Choker"],"picked":"Runic Pyramid"}],"items_purged_floors":[],"is_endless":false,"potions_floor_spawned":[3,9,11,15,20,21,22,28,33,36,37,38,49],"killed_by":"downfall:Defect","ascension_level":0}}