{"host":"qswkx8hggytna0kc","time":1609907399,"event":{"mods":["ATMod(∞¢Ë™Mod)","Aspiration","BaseMod","BetterRewards","Colored Map","Colored Powertips","Dota2Spire","Downfall","Highlight Path","Hubris","Infinite Spire","Marisa£®ÏF”Í°°ƒß¿Ì…≥£©","Mimic Mod","Minty Spire (QoL Compilation)","MostiFishMod","Quick Restart","READ ME - Guardian Mod","Rare Cards Sparkle","Remilia£®¿Ÿ√◊¿Ú—«£©","Replay The Spire","SIMod","Spicy Shops","StSLib","SuperFastMode","The Administrix","The Animator","The Construct","The Cursed","The Hierophant","The Servant 0.9.4"],"gold_per_floor":[99,99,192,192,49,83,83,183,212,222,242,242,242,254,268,363,363,363,382,394,404,504,594,594,594,608,608,608,608,624,636,636,636,636,636],"floor_reached":33,"playtime":1402,"items_purged":["Slimebound:Strike_Slimebound","Slimebound:SplotGuerilla"],"score":309,"play_id":"4c301d2e-95ba-4955-a42d-201b488165fa","local_time":"20210106122959","is_ascension_mode":false,"campfire_choices":[{"data":"AT_FamilyPortrait","floor":1,"key":"SMITH"},{"data":"Slimebound:CorrosiveSpit","floor":13,"key":"SMITH"},{"data":"Slimebound:DivideAndConquer","floor":18,"key":"PURGE"},{"floor":25,"key":"RECALL"},{"data":"Slimebound:CheckThePlaybook","floor":29,"key":"SMITH"}],"circlet_count":0,"master_deck":["Slimebound:Defend_Slimebound","Slimebound:Defend_Slimebound","Slimebound:CorrosiveSpit+1","AT_FamilyPortrait+1","Slimebound:Nibble","Slimebound:SlimeBrawl","Slimebound:Repurpose","Slimebound:SamplingLick","Slimebound:WasteNot","Slimebound:Nibble","Slimebound:RejuvenatingLick+1","Slimebound:Equalize","Slimebound:SplitBruiser","Slimebound:TongueLash","Slimebound:LeechEnergy","Slimebound:Prepare","Slimebound:MegaLick","Slimebound:Dissolve","Slimebound:CheckThePlaybook+1","Slimebound:Nibble+1","Slimebound:GoopSpray","Slimebound:SplitLeeching+1","Slimebound:Schlurp+1","Slimebound:DuplicatedForm","Slimebound:Overexert","Slimebound:SlimeBrawl","Slimebound:SlimeSlap","Slimebound:SplitLeeching","Slimebound:SplitAcid","infinitespire:Collect"],"relics":["Slimebound:AbsorbEndCombat","AT_ATBox","DaveBox","FeatherPendant","downfall:HeartsMalice","Replay:PocketPolymizer","infinitespire:FocusingShard","Replay:Kaleidoscope","aspiration:FutureDiary","downfall:CloakOfManyFaces","CultistMask","FaceOfCleric","NlothsMask","GremlinMask","SsserpentHead","MetatronsCube"],"acts_visited":["Exordium","TheCity"],"potions_floor_usage":[],"damage_taken":[{"damage":0,"enemies":"Small Slimes","floor":2,"turns":1},{"damage":0,"enemies":"Cultist","floor":4,"turns":1},{"damage":0,"enemies":"downfall:FleeingMerchant","floor":5,"turns":1},{"damage":6,"enemies":"Replay:BlueRogue","floor":6,"turns":4},{"damage":22,"enemies":"downfall:Heads","floor":8,"turns":4},{"damage":0,"enemies":"Gremlin Nob","floor":9,"turns":1},{"damage":1,"enemies":"2 Louse","floor":10,"turns":2},{"damage":8,"enemies":"Lots of Slimes","floor":11,"turns":2},{"damage":0,"enemies":"Blue Slaver","floor":14,"turns":1},{"damage":0,"enemies":"2 Fungi Beasts","floor":15,"turns":2},{"damage":14,"enemies":"downfall:Defect","floor":16,"turns":4},{"damage":15,"enemies":"Spheric Guardian","floor":19,"turns":1},{"damage":0,"enemies":"Chosen","floor":20,"turns":2},{"damage":0,"enemies":"Centurion and Healer","floor":21,"turns":2},{"damage":8,"enemies":"downfall:FaceTrader","floor":22,"turns":3},{"damage":20,"enemies":"Snake Plant","floor":23,"turns":2},{"damage":32,"enemies":"Shelled Parasite and Fungi","floor":26,"turns":3},{"damage":2,"enemies":"Sentry and Sphere","floor":30,"turns":3},{"damage":11,"enemies":"Snecko","floor":31,"turns":2},{"damage":5,"enemies":"Cultist and Chosen","floor":33,"turns":2}],"seed_played":"-2526173876346011598","potions_obtained":[{"floor":6,"key":"GamblersBrew"},{"floor":9,"key":"Strength Potion"},{"floor":10,"key":"SkillPotion"},{"floor":21,"key":"Energy Potion"}],"is_trial":false,"path_per_floor":["R","M","?","M","$","E","T","?","E","M","M","?","R","M","M","B",null,"R_BF","M","M","M","?","M","T","R","M","PTL","PTL","R","M","M","AVR","M"],"character_chosen":"SLIMEBOUND","items_purchased":["Slimebound:Nibble"],"campfire_rested":0,"item_purchase_floors":[5],"current_hp_per_floor":[60,60,36,36,36,42,42,48,56,60,60,60,60,60,60,57,60,60,45,57,60,60,44,44,44,21,21,21,21,40,58,58,65,65,65],"gold":636,"neow_bonus":"THREE_ENEMY_KILL","is_daily":false,"chose_seed":false,"campfire_upgraded":3,"win_rate":0.0,"timestamp":1609907399,"path_taken":["R","M","?","?","?","E","T","?","E","M","M","?","R","M","M","BOSS","R_BF","M","M","M","?","?","T","R","M","PTL","PTL","R","M","M","AVR","M"],"items_purchased_type":["Card"],"build_version":"2020-12-22","purchased_purges":2,"victory":false,"max_hp_per_floor":[60,60,60,60,60,60,60,60,60,60,60,60,60,60,60,60,60,60,60,60,60,60,61,61,61,62,62,62,62,63,64,64,65,65,65],"card_choices":[{"not_picked":["Slimebound:SamplingLick","Slimebound:FormOfPuddle"],"picked":"Slimebound:Nibble","floor":2},{"not_picked":["Slimebound:DivideAndConquer","Slimebound:ComboTackle"],"picked":"Slimebound:SlimeBrawl","floor":3},{"not_picked":["Slimebound:SlimeSpikes","Slimebound:SelfFormingGoo"],"picked":"Slimebound:Repurpose","floor":3},{"not_picked":["Slimebound:ComboTackle","Slimebound:LeechEnergy"],"picked":"Slimebound:SamplingLick","floor":3},{"not_picked":["Slimebound:ServeAndProtect","Slimebound:LevelUp"],"picked":"Slimebound:HungryTackle","floor":4},{"not_picked":["Slimebound:SplitMire","Slimebound:SpikyOuterGoop"],"picked":"Slimebound:WasteNot","floor":5},{"not_picked":["Slimebound:PrepareCrush","Slimebound:FinishingTackle"],"picked":"Slimebound:RejuvenatingLick","floor":6},{"not_picked":["Slimebound:Schlurp","Slimebound:LeechLife"],"picked":"Slimebound:SplitBruiser","floor":8},{"not_picked":["Slimebound:GoopTackle","Slimebound:Equalize"],"picked":"Slimebound:TongueLash","floor":9},{"not_picked":["Slimebound:ComboTackle","Slimebound:ServeAndProtect","Slimebound:BestDefense"],"picked":"SKIP","floor":10},{"not_picked":["Slimebound:Replication","Slimebound:ComboTackle"],"picked":"Slimebound:LeechEnergy","floor":11},{"not_picked":["Slimebound:LeechLife","Slimebound:ServeAndProtect"],"picked":"Slimebound:MegaLick","floor":14},{"not_picked":["Slimebound:RejuvenatingLick","Slimebound:HungryTackle"],"picked":"Slimebound:Dissolve","floor":15},{"not_picked":["Slimebound:SlimeSlap","Slimebound:MassRepurpose"],"picked":"Slimebound:CheckThePlaybook","floor":16},{"not_picked":["Slimebound:ComboTackle+1","Slimebound:DisruptingSlam+1"],"picked":"Slimebound:Nibble+1","floor":19},{"not_picked":["Slimebound:FinishingTackle","Slimebound:AcidTongue+1"],"picked":"Slimebound:GoopSpray","floor":20},{"not_picked":["Slimebound:SplitBruiser","Slimebound:FinishingTackle"],"picked":"Slimebound:SplitLeeching+1","floor":21},{"not_picked":["Slimebound:ProtectTheBoss+1","Slimebound:LeechEnergy"],"picked":"Slimebound:Schlurp+1","floor":22},{"not_picked":["Slimebound:LeechEnergy","Slimebound:LeechingTouch+1"],"picked":"Slimebound:DuplicatedForm","floor":23},{"not_picked":["Slimebound:DisruptingSlam+1","Slimebound:BestDefense"],"picked":"Slimebound:SlimeBrawl","floor":26},{"not_picked":["Slimebound:FinishingTackle","Slimebound:LeechEnergy+1"],"picked":"Slimebound:SplitLeeching","floor":30},{"not_picked":["Slimebound:ComboTackle","Slimebound:GrowthPunch"],"picked":"Slimebound:SplitAcid","floor":31}],"player_experience":586270,"relics_obtained":[{"floor":6,"key":"Replay:PocketPolymizer"},{"floor":7,"key":"infinitespire:FocusingShard"},{"floor":9,"key":"Replay:Kaleidoscope"},{"floor":22,"key":"downfall:CloakOfManyFaces"}],"event_choices":[],"is_beta":false,"boss_relics":[{"not_picked":["downfall:Hecktoplasm","BloodWine"],"picked":"aspiration:FutureDiary"}],"items_purged_floors":[5,32],"is_endless":false,"potions_floor_spawned":[6,9,10,11,14,21,22,26,30,33],"killed_by":"Cultist and Chosen","ascension_level":0}}