{"host":"iml8x8es9od4zowg","time":1609925351,"event":{"mods":["2.2 Compatiblity","Arknights The Spire","Astrologer","BaseMod","Marisa£¨Ùöéë¡¡Øª×âÞÞ£©","Minty Spire (QoL Compilation)","StSLib","Td1madao Mod","The Jungle","¡¼?Úª?ø«¡½REMEMod"],"gold_per_floor":[111,286,286,299,35,35,61,76,129,129,140,155,188,37,37,133,133,148,120,52,52,72,72,72,72],"floor_reached":24,"playtime":1642,"items_purged":["Doubt","astrologer:Strike"],"score":231,"play_id":"8aacf757-fa60-460c-85fe-0fa018be3bf1","local_time":"20210106182911","is_ascension_mode":false,"campfire_choices":[{"data":"Apotheosis","floor":6,"key":"SMITH"},{"data":"astrologer:CosmicExpanse","floor":15,"key":"SMITH"},{"floor":23,"key":"RECALL"}],"circlet_count":0,"master_deck":["astrologer:Strike","astrologer:Strike","astrologer:Strike","astrologer:Defend","astrologer:Defend","astrologer:Defend","astrologer:Defend+1","astrologer:NorthStar","astrologer:TheFool","Good Instincts","astrologer:SolarFlare","astrologer:MeteorShower","Apotheosis+1","astrologer:SolarFlare+1","astrologer:CosmicExpanse+1","astrologer:SolarFlare","astrologer:Stardust","astrologer:SpaceDust","astrologer:Fate","astrologer:FadingStar","astrologer:TheMoon","astrologer:Confirmation+1","astrologer:Prismatic"],"relics":["astrologer:SkyMirror","REME_ComplimentaryCards","NeowsBlessing","Matryoshka","Meat on the Bone","Blood Vial","Nunchaku","War Paint","Membership Card","SlaversCollar"],"acts_visited":["Exordium","TheCity"],"potions_floor_usage":[16,16,19,24],"damage_taken":[{"damage":0,"enemies":"Small Slimes","floor":1,"turns":1},{"damage":0,"enemies":"Jaw Worm","floor":4,"turns":1},{"damage":0,"enemies":"Gremlin Nob","floor":7,"turns":1},{"damage":0,"enemies":"Cultist","floor":8,"turns":4},{"damage":0,"enemies":"3 Louse","floor":11,"turns":3},{"damage":4,"enemies":"2 Fungi Beasts","floor":12,"turns":4},{"damage":20,"enemies":"3 Sentries","floor":13,"turns":7},{"damage":43,"enemies":"Hexaghost","floor":16,"turns":15},{"damage":20,"enemies":"Spheric Guardian","floor":18,"turns":6},{"damage":20,"enemies":"2 Thieves","floor":19,"turns":5},{"damage":15,"enemies":"Snake Plant","floor":22,"turns":5},{"damage":49,"enemies":"Book of Stabbing","floor":24,"turns":7}],"seed_played":"-1492657872494492850","potions_obtained":[{"floor":1,"key":"LiquidMemories"},{"floor":4,"key":"Block Potion"},{"floor":11,"key":"Ancient Potion"},{"floor":16,"key":"Fire Potion"},{"floor":22,"key":"AttackPotion"}],"is_trial":false,"path_per_floor":["M","?","T","M","$","R","E","M","T","?","M","M","E","$","R","B",null,"M","M","$","?","M","R","E"],"character_chosen":"ASTROLOGER","items_purchased":["Apotheosis","Membership Card","astrologer:Confirmation"],"campfire_rested":0,"item_purchase_floors":[5,14,20],"current_hp_per_floor":[70,70,70,70,70,70,70,70,70,63,65,63,45,45,45,16,70,50,44,44,44,43,43,0,0],"gold":72,"neow_bonus":"THREE_ENEMY_KILL","is_daily":false,"chose_seed":false,"campfire_upgraded":2,"win_rate":0.0,"timestamp":1609925351,"path_taken":["M","?","?","M","$","R","E","M","T","?","M","M","E","$","R","BOSS","M","M","$","?","M","R","E"],"items_purchased_type":["Card","Relic","Card"],"build_version":"2020-12-22","purchased_purges":2,"victory":false,"max_hp_per_floor":[70,70,70,70,70,70,70,70,70,70,70,70,70,70,70,70,70,70,70,70,70,70,70,70,70],"card_choices":[{"not_picked":["astrologer:Confirmation","astrologer:MeteorShower"],"picked":"astrologer:SolarFlare","floor":1},{"not_picked":["astrologer:Strength","astrologer:Sunrise"],"picked":"astrologer:MeteorShower","floor":4},{"not_picked":["astrologer:WheelofFortune","astrologer:ReadTheStars"],"picked":"astrologer:SolarFlare","floor":7},{"not_picked":["astrologer:Still","astrologer:Eclipse"],"picked":"astrologer:CosmicExpanse","floor":8},{"not_picked":["astrologer:ReadTheStars","astrologer:TheHierophant"],"picked":"astrologer:SolarFlare","floor":11},{"not_picked":["astrologer:SpaceDust","astrologer:Retelling"],"picked":"astrologer:Stardust","floor":12},{"not_picked":["astrologer:HeatDeath","astrologer:Conjunction"],"picked":"astrologer:SpaceDust","floor":13},{"not_picked":["astrologer:HeatDeath","astrologer:TheWorld"],"picked":"astrologer:Fate","floor":16},{"not_picked":["astrologer:TheHierophant","astrologer:Still+1"],"picked":"astrologer:FadingStar","floor":18},{"not_picked":["astrologer:SolarFlare+1","astrologer:Radiance"],"picked":"astrologer:TheMoon","floor":19},{"not_picked":["astrologer:Conjunction","astrologer:Stardust"],"picked":"astrologer:Prismatic","floor":22}],"player_experience":524819,"relics_obtained":[{"floor":7,"key":"Matryoshka"},{"floor":9,"key":"Meat on the Bone"},{"floor":9,"key":"Blood Vial"},{"floor":13,"key":"War Paint"}],"event_choices":[{"damage_healed":0,"gold_gain":175,"player_choice":"AGREE","damage_taken":0,"max_hp_gain":0,"max_hp_loss":0,"event_name":"Liars Game","floor":2,"gold_loss":0,"cards_obtained":["Doubt"]},{"damage_healed":0,"gold_gain":0,"player_choice":"Success","damage_taken":7,"relics_obtained":["Nunchaku"],"max_hp_gain":0,"max_hp_loss":0,"event_name":"Scrap Ooze","floor":10,"gold_loss":0},{"damage_healed":0,"gold_gain":0,"player_choice":"Forge","damage_taken":0,"max_hp_gain":0,"max_hp_loss":0,"event_name":"Accursed Blacksmith","floor":21,"gold_loss":0,"cards_upgraded":["astrologer:Confirmation"]}],"is_beta":false,"boss_relics":[{"not_picked":["REME_DuelDisc","Tiny House"],"picked":"SlaversCollar"}],"items_purged_floors":[5,20],"is_endless":false,"potions_floor_spawned":[1,4,11,16,22],"killed_by":"Book of Stabbing","ascension_level":0}}