{"host":"ky7z67tg8zpdk0g7","time":1609939816,"event":{"mods":["BaseMod","Better Third Choice","CapriCore","Displayed Cursed Tome","Energized Spire","Halation","Hubris","Minty Spire (QoL Compilation)","Replay The Spire","Shop Mod","StSLib"],"gold_per_floor":[113,113,131,151,166,166,196,196,196,222,222,240,240,107,107,212,212,230,230,230,74,74,102,102,230,230,263,277,405,345,327,327,327,327],"floor_reached":33,"playtime":1379,"items_purged":["Dualcast"],"score":411,"play_id":"03bb7b0e-bd89-4070-bfe1-efa9556da653","local_time":"20210106203016","is_ascension_mode":true,"campfire_choices":[{"data":"Reprogram","floor":6.0,"key":"SMITH"},{"data":"Self Repair","floor":11.0,"key":"SMITH"},{"data":"Rebound","floor":15.0,"key":"SMITH"},{"floor":24,"key":"RECALL"},{"data":"Go for the Eyes","floor":32,"key":"SMITH"}],"circlet_count":0,"master_deck":["Self Repair+1","Strike_B","Strike_B","Strike_B","Defend_B","Defend_B","Defend_B","Defend_B","Good Instincts","Reprogram+1","Cold Snap","Self Repair+1","Gash","Rebound+1","Scrape+1","All For One","Gash+1","Rebound","BootSequence+1","Leap","FTL+1","Go for the Eyes+1"],"relics":["Cracked Core","Ancient Tea Set","Toy Ornithopter","Iron Hammer","hubris:Icosahedron","hubris:TerracottaHorce","hubris:Towel","Replay:Antivirus Software","hubris:TenFootPole","Anchor","Bronze Scales","Orichalcum","Letter Opener","Garlic"],"acts_visited":["Exordium","TheCity"],"potions_floor_usage":[18,25],"damage_taken":[{"damage":0.0,"enemies":"Small Slimes","floor":1.0,"turns":3.0},{"damage":0.0,"enemies":"Cultist","floor":3.0,"turns":3.0},{"damage":0.0,"enemies":"2 Louse","floor":4.0,"turns":2.0},{"damage":7.0,"enemies":"Blue Slaver","floor":5.0,"turns":4.0},{"damage":17.0,"enemies":"Lagavulin","floor":7.0,"turns":10.0},{"damage":12.0,"enemies":"3 Sentries","floor":10.0,"turns":11.0},{"damage":0.0,"enemies":"3 Louse","floor":12.0,"turns":3.0},{"damage":35.0,"enemies":"Slime Boss","floor":16.0,"turns":12.0},{"damage":20,"enemies":"Chosen","floor":18,"turns":6},{"damage":37,"enemies":"Gremlin Leader","floor":23,"turns":8},{"damage":2,"enemies":"Replay:Snechameleon","floor":25,"turns":4},{"damage":40,"enemies":"Book of Stabbing","floor":27,"turns":5},{"damage":5,"enemies":"Shell Parasite","floor":28,"turns":5},{"damage":20,"enemies":"Slavers","floor":29,"turns":7},{"damage":0,"enemies":"Book of Stabbing","floor":31,"turns":4},{"damage":81,"enemies":"Automaton","floor":33,"turns":6}],"seed_played":"9210285427064699392","potions_obtained":[{"floor":4.0,"key":"Energy Potion"},{"floor":7.0,"key":"DistilledChaos"},{"floor":10.0,"key":"Strength Potion"},{"floor":16.0,"key":"Elixir"},{"floor":23,"key":"AttackPotion"},{"floor":25,"key":"Regen Potion"}],"is_trial":false,"path_per_floor":["M","?","M","M","M","R","E","?","T","E","R","M","?","$","R","B",null,"M","?","?","$","T","E","R","E","T","E","M","E","?","E","R","B"],"character_chosen":"DEFECT","items_purchased":["Scrape+1","Replay:Antivirus Software"],"campfire_rested":0,"item_purchase_floors":[14,21],"current_hp_per_floor":[75,75,75,75,75,75,75,68,68,75,75,75,75,75,75,60,71,75,75,61,61,61,63,63,80,80,60,75,75,75,80,80,0,0],"gold":327,"neow_bonus":"RANDOM_COLORLESS","is_daily":false,"chose_seed":false,"campfire_upgraded":4,"win_rate":0.0,"timestamp":1609939816,"path_taken":["M","?","?","M","?","R","E","?","T","E","R","M","?","?","R","BOSS","M","?","?","$","?","E","R","E","T","E","M","E","?","E","R","BOSS"],"items_purchased_type":["Card","Relic"],"build_version":"2020-12-22","purchased_purges":1,"victory":false,"max_hp_per_floor":[75,75,75,75,75,75,75,75,75,75,75,75,75,75,75,75,75,75,75,80,80,80,80,80,80,80,80,80,80,80,80,80,80,80],"card_choices":[{"not_picked":["hubris:Ssssneak","Swift Strike"],"picked":"Good Instincts","floor":0.0},{"not_picked":["Hologram","ReplaySolidLightProjector"],"picked":"Reprogram","floor":1.0},{"not_picked":["ReplaySort","Hologram"],"picked":"Self Repair","floor":3.0},{"not_picked":["Stack","Rebound","Crystallizer"],"picked":"SKIP","floor":4.0},{"not_picked":["Reinforced Body","Streamline","hubris:Ukulele"],"picked":"SKIP","floor":5.0},{"not_picked":["Loop","Glacier","Panic Button"],"picked":"SKIP","floor":7.0},{"not_picked":["Static Discharge","Cold Snap"],"picked":"Gash","floor":10.0},{"not_picked":["Compile Driver","Panic Button"],"picked":"Rebound","floor":12.0},{"not_picked":["Mirror Shield","Buffer"],"picked":"All For One","floor":16.0},{"not_picked":["Sweeping Beam","Double Energy"],"picked":"Gash+1","floor":18},{"not_picked":["Leap","Mirror Shield"],"picked":"Rebound","floor":23},{"not_picked":["Hello World","BasicCrystalCard"],"picked":"BootSequence+1","floor":25},{"not_picked":["Double Energy","Consume"],"picked":"Leap","floor":27},{"not_picked":["Conserve Battery+1","Capacitor"],"picked":"FTL+1","floor":28},{"not_picked":["Consume","ReplaySort","FIFO Queue"],"picked":"SKIP","floor":29},{"not_picked":["Steam","Rip and Tear"],"picked":"Go for the Eyes","floor":31}],"player_experience":68093,"relics_obtained":[{"floor":7.0,"key":"Ancient Tea Set"},{"floor":9.0,"key":"Toy Ornithopter"},{"floor":10.0,"key":"Iron Hammer"},{"floor":23,"key":"hubris:TenFootPole"},{"floor":25,"key":"Anchor"},{"floor":26,"key":"Bronze Scales"},{"floor":27,"key":"Orichalcum"},{"floor":29,"key":"Letter Opener"},{"floor":31,"key":"Garlic"}],"event_choices":[{"damage_healed":0.0,"max_hp_gain":0.0,"max_hp_loss":0.0,"gold_gain":0.0,"cards_transformed":["Strike_B"],"event_name":"Transmorgrifier","player_choice":"Transformed","floor":2.0,"gold_loss":0.0,"damage_taken":0.0,"cards_obtained":["Cold Snap"]},{"cards_removed":["Zap"],"damage_healed":0.0,"max_hp_gain":0.0,"max_hp_loss":0.0,"gold_gain":0.0,"event_name":"Golden Wing","player_choice":"Card Removal","floor":8.0,"gold_loss":0.0,"damage_taken":7.0},{"damage_healed":0,"gold_gain":0,"player_choice":"Shed Blood","damage_taken":19,"max_hp_gain":5,"max_hp_loss":0,"event_name":"Forgotten Altar","floor":20,"gold_loss":0}],"is_beta":false,"boss_relics":[{"not_picked":["hubris:HollowSoul","FrozenCore"],"picked":"hubris:TerracottaHorce"}],"items_purged_floors":[14],"is_endless":false,"potions_floor_spawned":[4,7,10,16,23,25,29,31],"killed_by":"Automaton","ascension_level":2}}