{"host":"kig4ty9d1aubg29s","time":1609939783,"event":{"mods":["BaseMod","Minty Spire (QoL Compilation)","READ ME - Guardian Mod","READ ME - Snecko Mod","StSLib","The Cursed","The Gatherer","The Hierophant","The Runesmith"],"gold_per_floor":[118,118,133,133,149,187,187,220,220,245,269,269,21,41,41,131,131,155,155,179,179,229,229,269,184,184,13,32,72,84,120,132,239,251,282,314,326,338,350,350],"floor_reached":39,"playtime":1590,"items_purged":["Injury"],"score":858,"play_id":"ae088b22-6ca0-4a40-bf70-51776be637f6","local_time":"20210106222943","is_ascension_mode":true,"campfire_choices":[{"floor":7,"key":"REST"},{"floor":12,"key":"REST"},{"floor":15,"key":"REST"},{"floor":23,"key":"REST"},{"floor":30,"key":"REST"},{"data":"Storm","floor":32,"key":"SMITH"}],"circlet_count":0,"master_deck":["AscendersBane","Strike_B","Strike_B","Defend_B","Defend_B","Defend_B","Zap","Self Repair","Sweeping Beam","Compile Driver","Ball Lightning","White Noise","Aggregate+1","Static Discharge","Coolheaded+1","Coolheaded+1","Hologram+1","Echo Form","Blizzard+1","Writhe","FTL+1","Stack+1","Static Discharge","Doom and Gloom","Storm+1","Darkness+1","Conserve Battery+1","Electrodynamics","Fission+1","Chaos+1","Storm+1","FTL","Sunder+1","Finesse+1"],"relics":["Cracked Core","Regal Pillow","Golden Idol","Dream Catcher","Question Card","Toxic Egg 2","Bag of Marbles","Sozu","Lantern","Bottled Tornado","Blood Vial","Kunai","Lee\u0027s Waffle","MawBank","Astrolabe"],"acts_visited":["Exordium","TheCity","TheBeyond"],"potions_floor_usage":[6,10,16,24,24],"damage_taken":[{"damage":2,"enemies":"Cultist","floor":1,"turns":4},{"damage":7,"enemies":"Jaw Worm","floor":3,"turns":4},{"damage":1,"enemies":"2 Louse","floor":5,"turns":2},{"damage":50,"enemies":"3 Sentries","floor":6,"turns":8},{"damage":32,"enemies":"Gremlin Nob","floor":8,"turns":4},{"damage":4,"enemies":"2 Fungi Beasts","floor":10,"turns":2},{"damage":11,"enemies":"Looter","floor":11,"turns":2},{"damage":28,"enemies":"Large Slime","floor":14,"turns":5},{"damage":47,"enemies":"Hexaghost","floor":16,"turns":8},{"damage":39,"enemies":"Shell Parasite","floor":18,"turns":5},{"damage":13,"enemies":"3 Byrds","floor":20,"turns":4},{"damage":26,"enemies":"Slavers","floor":24,"turns":5},{"damage":37,"enemies":"Shelled Parasite and Fungi","floor":28,"turns":4},{"damage":41,"enemies":"Book of Stabbing","floor":29,"turns":5},{"damage":20,"enemies":"Centurion and Healer","floor":31,"turns":5},{"damage":27,"enemies":"Champ","floor":33,"turns":12},{"damage":11,"enemies":"3 Shapes","floor":35,"turns":2},{"damage":10,"enemies":"3 Darklings","floor":36,"turns":2},{"damage":53,"enemies":"4 Shapes","floor":39,"turns":2}],"seed_played":"-5113787537616168845","potions_obtained":[{"floor":1,"key":"SteroidPotion"},{"floor":5,"key":"LiquidBronze"},{"floor":8,"key":"BlessingOfTheForge"},{"floor":14,"key":"SteroidPotion"},{"floor":16,"key":"AttackPotion"}],"is_trial":false,"path_per_floor":["M","?","M","?","M","E","R","E","T","M","M","R","$","M","R","B",null,"M","?","M","?","?","R","E","?","T","$","M","E","R","M","R","B",null,"M","M","?","?","M"],"character_chosen":"DEFECT","items_purchased":["Bag of Marbles","Lee\u0027s Waffle"],"campfire_rested":5,"item_purchase_floors":[13,27],"current_hp_per_floor":[62,67,60,60,59,16,52,27,27,23,12,48,48,27,63,23,59,34,34,28,28,28,64,38,38,38,78,55,23,61,57,57,39,68,59,51,51,51,0,0],"gold":350,"neow_bonus":"RANDOM_COMMON_RELIC","is_daily":false,"chose_seed":false,"campfire_upgraded":1,"win_rate":0.0,"timestamp":1609939783,"path_taken":["M","?","?","?","M","E","R","E","T","M","M","R","?","M","R","BOSS","M","?","M","?","?","R","E","?","T","?","M","E","R","M","R","BOSS","M","M","?","?","M"],"items_purchased_type":["Relic","Relic"],"build_version":"2020-12-22","purchased_purges":1,"victory":false,"max_hp_per_floor":[71,71,71,71,71,71,71,71,71,71,71,71,71,71,71,71,71,71,71,71,71,71,71,71,71,71,78,78,78,78,78,78,78,78,78,78,78,78,78,78],"card_choices":[{"not_picked":["Blizzard","Beam Cell"],"picked":"Sweeping Beam","floor":1},{"not_picked":["Scrape","Gash"],"picked":"Self Repair","floor":3},{"not_picked":["Compile Driver","Barrage"],"picked":"Sweeping Beam","floor":5},{"not_picked":["Multi-Cast","Barrage"],"picked":"Compile Driver","floor":6},{"not_picked":["Conserve Battery","Gash"],"picked":"Ball Lightning","floor":7},{"not_picked":["Meteor Strike","Compile Driver"],"picked":"White Noise","floor":8},{"not_picked":["Gash","Ball Lightning","Sweeping Beam"],"picked":"Aggregate+1","floor":10},{"not_picked":["Rip and Tear","Multi-Cast+1","Compile Driver"],"picked":"Static Discharge","floor":11},{"not_picked":["Streamline","Turbo+1","Sweeping Beam"],"picked":"Coolheaded+1","floor":12},{"not_picked":["Ball Lightning","Auto Shields+1","Hyperbeam"],"picked":"Coolheaded+1","floor":14},{"not_picked":["Turbo+1","Undo+1","Cold Snap"],"picked":"Hologram+1","floor":15},{"not_picked":["Multi-Cast+1","Biased Cognition","Machine Learning"],"picked":"Echo Form","floor":16},{"not_picked":["Sweeping Beam","Beam Cell+1","Rip and Tear"],"picked":"Blizzard+1","floor":18},{"not_picked":["Streamline","Stack+1","Redo+1"],"picked":"FTL+1","floor":20},{"not_picked":["Hologram+1","Streamline","Darkness+1"],"picked":"Stack+1","floor":23},{"not_picked":["Thunder Strike","BootSequence+1","Hello World"],"picked":"Static Discharge","floor":24},{"not_picked":["Auto Shields+1","FTL","Leap+1"],"picked":"Doom and Gloom","floor":28},{"not_picked":["Hologram+1","Steam Power+1","Ball Lightning"],"picked":"Storm","floor":29},{"not_picked":["Barrage+1","Compile Driver","BootSequence+1"],"picked":"Darkness+1","floor":30},{"not_picked":["Auto Shields+1","Ball Lightning","Genetic Algorithm+1"],"picked":"Conserve Battery+1","floor":31},{"not_picked":["Hyperbeam","Seek+1","Machine Learning"],"picked":"Electrodynamics","floor":33},{"not_picked":["Blizzard","Barrage","Rip and Tear"],"picked":"FTL","floor":35},{"not_picked":["Turbo+1","Coolheaded+1","Tempest+1"],"picked":"Sunder+1","floor":36},{"not_picked":["Forethought+1","Swift Strike","PanicButton+1"],"picked":"Finesse+1","floor":37}],"player_experience":1916148,"relics_obtained":[{"floor":6,"key":"Dream Catcher"},{"floor":8,"key":"Question Card"},{"floor":9,"key":"Toxic Egg 2"},{"floor":24,"key":"Bottled Tornado"},{"floor":26,"key":"Kunai"},{"floor":29,"key":"MawBank"}],"event_choices":[{"cards_removed":["Sweeping Beam"],"damage_healed":5,"gold_gain":0,"player_choice":"Offered Common","damage_taken":0,"max_hp_gain":0,"max_hp_loss":0,"event_name":"Bonfire Elementals","floor":2,"gold_loss":0},{"cards_removed":["Sweeping Beam"],"damage_healed":5,"gold_gain":0,"player_choice":"Offered Special","damage_taken":0,"max_hp_gain":0,"max_hp_loss":0,"event_name":"Bonfire Elementals","floor":2,"gold_loss":0},{"damage_healed":0,"gold_gain":0,"player_choice":"Take Wound","damage_taken":0,"relics_obtained":["Golden Idol"],"max_hp_gain":0,"max_hp_loss":0,"event_name":"Golden Idol","floor":4,"gold_loss":0,"cards_obtained":["Injury"]},{"damage_healed":0,"gold_gain":0,"player_choice":"Opened","damage_taken":0,"relics_obtained":["Lantern"],"max_hp_gain":0,"max_hp_loss":0,"event_name":"The Mausoleum","floor":19,"gold_loss":0,"cards_obtained":["Writhe"]},{"damage_healed":0,"gold_gain":0,"player_choice":"Ignored","damage_taken":0,"max_hp_gain":0,"max_hp_loss":0,"event_name":"Vampires","floor":21,"gold_loss":0},{"damage_healed":0,"gold_gain":50,"player_choice":"Stole From Cult","damage_taken":0,"max_hp_gain":0,"max_hp_loss":0,"event_name":"Nest","floor":22,"gold_loss":0},{"damage_healed":0,"gold_gain":0,"player_choice":"Obtained Relic","damage_taken":0,"relics_obtained":["Blood Vial"],"max_hp_gain":0,"max_hp_loss":0,"event_name":"Addict","floor":25,"gold_loss":85},{"damage_healed":0,"gold_gain":0,"player_choice":"Memory 1","damage_taken":0,"max_hp_gain":0,"max_hp_loss":0,"event_name":"SensoryStone","floor":37,"gold_loss":0},{"cards_removed":["Strike_B"],"damage_healed":0,"gold_gain":0,"player_choice":"Removed Attack","damage_taken":0,"max_hp_gain":0,"max_hp_loss":0,"event_name":"Falling","floor":38,"gold_loss":0}],"is_beta":false,"boss_relics":[{"not_picked":["FrozenCore","Empty Cage"],"picked":"Sozu"},{"not_picked":["Runic Dome","Black Star"],"picked":"Astrolabe"}],"items_purged_floors":[13],"is_endless":false,"potions_floor_spawned":[1,5,8,14,16,20,28,31,33,35],"killed_by":"4 Shapes","ascension_level":20}}