{"host":"l85rtarfuh0ld3b1","time":1609944494,"event":{"mods":["Act Like it!","BaseMod","BetterRewards","CapriCore","Chen","Decade(王小明)","Gensokyo","KinomotoSakuraMod(木之本樱)","Koishi","Marisa（F雨　魔理沙）","Minty Spire (QoL Compilation)","Nova Terra(诺娃・泰拉)","Permanent Neow","Reimu（博丽灵梦）","Remilia（蕾米莉亚）","Shop Mod","StSLib","TestMod","The Administrix","The Immortal","The Servant 0.9.4","Yakumo Yukari mod"],"gold_per_floor":[116,126,3746,3746,3746,3778,3778,3778,3778,3828,3861,3875,3907,3919,3919,3998,3998,4011,4011,4025,4025,4038,4026,4060,2420,2420,2420,2420,2430,2457,2030,2030,2109,2109,2120,2143,2162,2080,739,739,1066,1079,1079,1106,1106,624,638,437,437,437,437,437,249,283,283],"floor_reached":56,"playtime":3201,"items_purged":["Strike_MRS","Strike_MRS","Defend_MRS","Defend_MRS","Defend_MRS","Strike_MRS","Defend_MRS","Strike_MRS","UpSweep","MasterSpark","Orbital","Wraith","Sloth_TH"],"score":2942,"play_id":"2a43cb30-e974-4274-9306-5771fd60bb44","local_time":"20210106224813","is_ascension_mode":true,"campfire_choices":[{"data":"Adrenaline","floor":8,"key":"SMITH"},{"data":"ManaConvection","floor":15,"key":"SMITH"},{"floor":32,"key":"RECALL"},{"data":"Gensokyo:MorningMist","floor":40,"key":"SMITH"},{"data":"Gensokyo:HAARP","floor":45,"key":"SMITH"},{"data":"ForecastOfChange","floor":49,"key":"SMITH"},{"data":"Gensokyo:MenInBlack","floor":52,"key":"SMITH"}],"circlet_count":0,"master_deck":["AscendersBane","Panache+1","ManaConvection+1","WitchLeyline+1","Finesse+1","ButterflyHabitatTemple_purple+1","Adrenaline+1","Adrenaline+1","Adrenaline+1","Dark Embrace+1","ShootTheMoon+1","FlawlessForm+1","Moondial+1","EscapeVelocity+1","Manipulate+1","MysteriousBeam+1","ForecastOfChange+1","Flash of Steel","Gensokyo:HAARP+1","Gensokyo:MenInBlack+1","Koishi:RoseHell+1","Gensokyo:MorningMist+1","Gensokyo:CustomPotion","MagicAbsorber"],"relics":["MiniHakkero","testmod-TestBox","testmod-ObsoleteBoomerang","MerchantsRug","Membership Card","Chemical X","Medical Kit","Mastiff:ReiMu","Darkstone Periapt","ClockworkSouvenir","Singing Bowl","testmod-Charity","Matryoshka","SimpleLauncher","testmod-Nyarlathotep","Bottled Lightning","testmod-HeartOfDaVinci","BreadOfAWashokuLover","testmod-Acrobat","PrismaticShard","CeramicFish","White Beast Statue","Juzu Bracelet","Dream Catcher","Tiny Chest","Question Card","testmod-IndustrialRevolution","RomanBracelet","Regal Pillow","MealTicket","AdministrixMod:PrescriptionBottle","TypeBBloodRedTea","Pen Nib","testmod-NegativeEmotionEnhancer","testmod-BouquetWithThorns","testmod-Alchemist","StrikeDummy","AmplifyWand","HandmadeGrimoire","KSMOD_TomoyosHeart","Pantograph","KSMOD_TaoistSuit","Tea:ReiMu","Gensokyo:MosesMiracle","Gensokyo:ConquerorOfFear","Bag of Preparation","DataDisk","testmod-Laevatain","KSMOD_YukitosBentoBox","testmod-CrystalShield","RedLine:ReiMu","Red Skull","FadedRune:ReiMu","Eternal Feather","Self Forming Clay","Cables","BodyOfKamiR:ReiMu","KSMOD_TeddyBear","Bottled Tornado","HornCleat","Koishi:LettersToReimu","Pear","War Paint","Letter Opener","Sundial","Mercury Hourglass","KSMOD_RollerSkates"],"acts_visited":["Exordium","Gensokyo:Gensokyoer","Gensokyo:Gensokyoest","TheEnding"],"potions_floor_usage":[0,0,0,0,0,0,0,0,0,41,41,53,53],"damage_taken":[{"damage":0,"enemies":"Jaw Worm","floor":1,"turns":1},{"damage":0,"enemies":"2 Louse","floor":2,"turns":1},{"damage":0,"enemies":"Lagavulin","floor":6,"turns":1},{"damage":0,"enemies":"Gremlin Nob","floor":11,"turns":1},{"damage":0,"enemies":"Cultist","floor":12,"turns":2},{"damage":0,"enemies":"Lagavulin","floor":13,"turns":1},{"damage":0,"enemies":"3 Louse","floor":14,"turns":1},{"damage":0,"enemies":"Hexaghost","floor":16,"turns":2},{"damage":0,"enemies":"Gensokyo:2_Gloops","floor":18,"turns":1},{"damage":0,"enemies":"Gensokyo:AngelMirror","floor":20,"turns":1},{"damage":0,"enemies":"Gensokyo:Chomper_and_Gloop","floor":22,"turns":1},{"damage":0,"enemies":"Gensokyo:Koishi","floor":24,"turns":2},{"damage":0,"enemies":"Gensokyo:Wraith","floor":29,"turns":1},{"damage":0,"enemies":"Gensokyo:Tenshi","floor":30,"turns":1},{"damage":29,"enemies":"Gensokyo:Eiki","floor":33,"turns":4},{"damage":0,"enemies":"Gensokyo:3_Boulders","floor":35,"turns":2},{"damage":0,"enemies":"Gensokyo:AncientGuardian","floor":37,"turns":1},{"damage":0,"enemies":"Gensokyo:Kasen","floor":41,"turns":4},{"damage":4,"enemies":"Gensokyo:Dusk_and_Dawn","floor":42,"turns":2},{"damage":0,"enemies":"Gensokyo:Marisa","floor":44,"turns":3},{"damage":0,"enemies":"Gensokyo:Sharpion","floor":47,"turns":1},{"damage":0,"enemies":"Gensokyo:Yuyuko","floor":50,"turns":1},{"damage":0,"enemies":"Shield and Spear","floor":54,"turns":1},{"damage":0,"enemies":"The Heart","floor":55,"turns":3}],"seed_played":"3418787244206198980","potions_obtained":[{"floor":0,"key":"BottledSpark"},{"floor":0,"key":"testmod-TestPotion"},{"floor":0,"key":"Fruit Juice"},{"floor":0,"key":"SpeedPotion"},{"floor":0,"key":"PowerPotion"},{"floor":1,"key":"FearPotion"},{"floor":2,"key":"EssenceOfSteel"},{"floor":6,"key":"Block Potion"},{"floor":11,"key":"SkillPotion"},{"floor":12,"key":"BlessingOfTheForge"},{"floor":13,"key":"GamblersBrew"},{"floor":14,"key":"SteroidPotion"},{"floor":16,"key":"DuplicationPotion"},{"floor":18,"key":"SmokeBomb"},{"floor":20,"key":"ZuzhouPotion:ReiMu"},{"floor":24,"key":"Explosive Potion"},{"floor":29,"key":"SpeedPotion"},{"floor":30,"key":"DuplicationPotion"},{"floor":33,"key":"DistilledChaos"},{"floor":35,"key":"DuplicationPotion"},{"floor":37,"key":"Regen Potion"},{"floor":41,"key":"EssenceOfSteel"},{"floor":42,"key":"Strength Potion"},{"floor":44,"key":"Swift Potion"},{"floor":47,"key":"Weak Potion"},{"floor":54,"key":"EssenceOfSteel"}],"is_trial":false,"path_per_floor":["M","M","$","?","?","E","T","R","T","$","E","M","E","M","R","B",null,"M","T","M","?","M","$","E","COS","T","?","?","M","E","$","R","B",null,"M","T","M","?","COS","R","E","M","T","E","R","$","M","$","R","B",null,"R","$","E","B",null],"character_chosen":"MARISA","items_purchased":["MerchantsRug","Frozen Egg 2","InkBottle","Lee\u0027s Waffle","Membership Card","testmod-AssaultLearning","Akabeko","Panache+1","Meat on the Bone","Art of War","OrangePellets","testmod-DragonStarHat","Vajra","TheAbacus","ManaConvection","testmod-SpacePotion","PreservedInsect","Bag of Marbles","WitchLeyline","testmod-SpacePotion","Chemical X","testmod-ThousandKnives","Incense Burner","Medical Kit","testmod-BlackFramedGlasses","Gambling Chip","EntropicBrew","Mastiff:ReiMu","Toy Ornithopter","Orichalcum","Darkstone Periapt","ClockworkSouvenir","Singing Bowl","testmod-Charity","TungstenRod","Strawberry","Nunchaku","testmod-Register","Matryoshka","Ginger","Ancient Tea Set","Strange Spoon","SimpleLauncher","testmod-LifeArmor","testmod-Antiphasic","Finesse","testmod-Nyarlathotep","Bottled Lightning","Blood Vial","testmod-HeartOfDaVinci","testmod-IWantAll","RuthlessExorcism:ReiMu","testmod-Hope","Sling","Potion Belt","testmod-SpacePotion","TheEssenceOfRealm","testmod-OneHitWonder","Shuriken","Frozen Eye","BreadOfAWashokuLover","Ninja Scroll","Orrery","EntropicBrew","Thread and Needle","Toolbox","Happy Flower","testmod-Acrobat","Orbital","PrismaticShard","CaptainsWheel","Fruit Juice","EntropicBrew","Antimatter_spacedebris","testmod-Faith","Ring of the Snake","CeramicFish","DollysMirror","Paper Crane","Charon\u0027s Ashes","Mummified Hand","Cauldron","Lantern","Fruit Juice","Bronze Scales","TwistedFunnel","Broom","Ornamental Fan","testmod-MagicalMallet","testmod-Justice","Oddly Smooth Stone","Pan","Paper Frog","Magic Flower","White Beast Statue","Juzu Bracelet","AdministrixMod:GoldenChickadee","ScarletDevilRocket","Gremlin Horn","Parasol_purpleEX","testmod-EqualTreatment","Dream Catcher","Molten Egg 2","HandDrill","Toxic Egg 2","PaperSwan","testmod-TurbochargingSystem","CheatingSign:ReiMu","Centennial Puzzle","Koishi:TeethAndClaws","AdministrixMod:DragonsEyeCharm","Whetstone","Tiny Chest","RedBat","Question Card","Anchor","CrazyTorch:ReiMu","testmod-IndustrialRevolution","EscapeVelocity+1","Snake Skull","Omamori","RomanBracelet","Regal Pillow","MealTicket","testmod-Alchemist","Flash of Steel","testmod-Laevatain","KSMOD_YukitosBentoBox","Koishi:LettersToReimu","Pear","MagicAbsorber","War Paint","Letter Opener","Sundial","Mercury Hourglass","EntropicBrew","BottledSpark","DuplicationPotion"],"campfire_rested":0,"item_purchase_floors":[0,0,0,0,0,0,0,0,0,0,0,0,0,0,0,0,0,0,0,0,0,0,0,0,0,0,0,0,0,0,0,0,0,0,0,0,0,0,0,0,0,0,0,0,0,0,0,0,0,0,0,0,0,0,0,0,0,0,0,0,0,0,0,0,0,0,0,0,0,0,0,0,0,0,0,0,0,0,0,0,0,0,0,0,0,0,0,0,0,0,0,0,0,0,0,0,0,0,0,0,0,0,0,0,0,0,0,0,0,0,0,0,0,0,0,0,0,0,0,0,0,0,3,3,23,23,31,31,46,46,46,48,48,48,53,53,53,53],"current_hp_per_floor":[147,150,234,234,241,254,254,254,254,256,263,270,281,286,286,301,301,311,311,317,317,331,340,365,370,370,370,370,389,401,416,416,401,421,436,437,445,446,446,446,462,467,467,479,479,490,496,504,504,518,518,518,522,535,567],"gold":283,"neow_bonus":"","is_daily":false,"chose_seed":false,"campfire_upgraded":6,"win_rate":0.0,"timestamp":1609944493,"path_taken":["M","M","$","?","?","E","?","R","T","$","E","M","E","M","R","BOSS","M","?","M","?","M","$","E","COS","T","?","?","M","E","$","R","BOSS","M","?","M","?","COS","R","E","M","T","E","R","$","M","?","R","BOSS","R","$","E","BOSS"],"items_purchased_type":["Relic","Relic","Relic","Relic","Relic","Relic","Relic","Card","Relic","Relic","Relic","Relic","Relic","Relic","Card","Potion","Relic","Relic","Card","Potion","Relic","Relic","Relic","Relic","Relic","Relic","Potion","Relic","Relic","Relic","Relic","Relic","Relic","Relic","Relic","Relic","Relic","Relic","Relic","Relic","Relic","Relic","Relic","Relic","Relic","Card","Relic","Relic","Relic","Relic","Relic","Relic","Relic","Relic","Relic","Potion","Relic","Relic","Relic","Relic","Relic","Relic","Relic","Potion","Relic","Relic","Relic","Relic","Card","Relic","Relic","Potion","Potion","Relic","Relic","Relic","Relic","Relic","Relic","Relic","Relic","Relic","Relic","Potion","Relic","Relic","Relic","Relic","Relic","Relic","Relic","Relic","Relic","Relic","Relic","Relic","Relic","Relic","Relic","Relic","Relic","Relic","Relic","Relic","Relic","Relic","Relic","Relic","Relic","Relic","Relic","Relic","Relic","Relic","Relic","Relic","Relic","Relic","Card","Relic","Relic","Relic","Relic","Relic","Relic","Card","Relic","Relic","Relic","Relic","Card","Relic","Relic","Relic","Relic","Potion","Potion","Potion"],"build_version":"2020-12-22","purchased_purges":13,"victory":true,"max_hp_per_floor":[147,150,234,234,241,254,254,254,254,256,263,270,281,286,286,301,301,311,311,317,317,331,340,365,370,370,370,370,389,401,416,416,428,428,437,438,445,446,446,446,462,469,469,479,479,490,496,504,504,518,518,518,522,535,567],"card_choices":[{"not_picked":["StarlightTyphoon","IllusionStar","GasGiant"],"picked":"Singing Bowl","floor":0},{"not_picked":["DC","ShootTheMoon","MagicChant"],"picked":"Singing Bowl","floor":0},{"not_picked":["PowerUp","ChargeUpSpray","NonDirectionalLaser"],"picked":"Singing Bowl","floor":0},{"not_picked":["DC","ChargingUp","EnergyRecoil"],"picked":"Singing Bowl","floor":0},{"not_picked":["MachineGunSpark","EventHorizon+1","NonDirectionalLaser"],"picked":"Singing Bowl","floor":0},{"not_picked":["DC","MagicChant"],"picked":"ShootTheMoon","floor":0},{"not_picked":["PowerUp","ChargeUpSpray","NonDirectionalLaser"],"picked":"Singing Bowl","floor":0},{"not_picked":["DC","ChargingUp","EnergyRecoil"],"picked":"Singing Bowl","floor":0},{"not_picked":["ScarletGensokyo","Koishi:Vanish","Koishi:FormlessExistence+1"],"picked":"Singing Bowl","floor":0},{"not_picked":["WitchOfGreed+1","DenO_Sword+1","FormRideJack+1"],"picked":"MysteriousBeam+1","floor":1},{"not_picked":["UnarmedAttack3+1","Heavy Blade+1","GasGiant+1","Choke+1"],"picked":"Singing Bowl","floor":2},{"not_picked":["KamenRideDenO","DimensionStaggered_purple","NovaMod:JetAssault","CrushJoints"],"picked":"Singing Bowl","floor":6},{"not_picked":["NovaMod:MultilayerArmor","Rewind","Slice","FormRideDogga"],"picked":"Singing Bowl","floor":11},{"not_picked":["Flex","NovaMod:WaitingGame","Chen:Assault","Misdirection"],"picked":"Singing Bowl","floor":12},{"not_picked":["AdministrixMod:SipOfSparks","Koishi:EmbersOfLove","Blade_Mach","Mirror_FormAndEmptin_purple"],"picked":"Singing Bowl","floor":13},{"not_picked":["Boundary_ObjectiveBoundary_purple","Escape Plan","MokouMod:Afterburner","ClowCardTheShot"],"picked":"Singing Bowl","floor":14},{"not_picked":["MokouMod:EnchantingBambooForest","Koishi:TerrifyingSpectre","Magnetism"],"picked":"ForecastOfChange","floor":16},{"not_picked":["ClowCardTheCloud","NovaMod:WaitingGame","Chen:Catseye","Chen:CatPunch"],"picked":"Singing Bowl","floor":18},{"not_picked":["AsteroidBelt","Chen:EvasiveFireShift","Nirvana+1","MountainWay:ReiMu"],"picked":"Singing Bowl","floor":20},{"not_picked":["Calculated Gamble","Chen:Adaptability","AdministrixMod:FuneraryRites","Koishi:UnseenTerror"],"picked":"Singing Bowl","floor":22},{"not_picked":["FTL","Chen:Sidestep","AdministrixMod:SipOfSparks","Umbrella_purple"],"picked":"Singing Bowl","floor":24},{"not_picked":["Occultation","Carnage","Replace+1","AdministrixMod:BishamonBlessing"],"picked":"Singing Bowl","floor":29},{"not_picked":["NovaMod:WaitingGame","DoubleEdge","AdministrixMod:CenturiesAscent","MokouMod:ExplosiveFlame"],"picked":"Singing Bowl","floor":30},{"not_picked":["SoulSculpture","Chen:PhoenixEgg","Solidify"],"picked":"Koishi:RoseHell","floor":33},{"not_picked":["NovaMod:RadiationShooting+1","Conserve Battery","RedRainbow","BombardNight"],"picked":"Singing Bowl","floor":35},{"not_picked":["NovaMod:SwiftChop","MokouMod:FujiyamaVolcano","NovaMod:SmartServos"],"picked":"Gensokyo:MorningMist","floor":37},{"not_picked":["AirStrike:ReiMu","Kiva_Frozen+1","WonderfulDomain:ReiMu","AdministrixMod:FalseDeath"],"picked":"Singing Bowl","floor":41},{"not_picked":["ScarletDream","NovaMod:NuclearFactory+","Evaluate","CharismaGuard+1"],"picked":"Singing Bowl","floor":42},{"not_picked":["Kiva_Swallow","Amulet:ReiMu","Discovery","Chen:Frivolous"],"picked":"Singing Bowl","floor":44},{"not_picked":["Beam Cell","NovaMod:NuclearFactory+","Conquer:ReiMu+1","Koishi:FleetingPhantom"],"picked":"Singing Bowl","floor":47},{"not_picked":["Koishi:RuptureMind","Sweeping Beam+1","NovaMod:SecondaryDamage","Rebound"],"picked":"Singing Bowl","floor":54}],"player_experience":604855,"relics_obtained":[{"floor":6,"key":"Koishi:BloodstainedWhiteRose"},{"floor":7,"key":"AdministrixMod:PrescriptionBottle"},{"floor":7,"key":"TypeBBloodRedTea"},{"floor":9,"key":"Pen Nib"},{"floor":11,"key":"testmod-InfectionSource"},{"floor":19,"key":"testmod-BouquetWithThorns"},{"floor":24,"key":"StrikeDummy"},{"floor":26,"key":"Tea:ReiMu"},{"floor":29,"key":"Gensokyo:ConquerorOfFear"},{"floor":30,"key":"DataDisk"},{"floor":33,"key":"Gensokyo:MosesMiracle"},{"floor":36,"key":"Red Skull"},{"floor":41,"key":"KSMOD_TeddyBear"},{"floor":43,"key":"Bottled Tornado"},{"floor":44,"key":"HornCleat"},{"floor":54,"key":"KSMOD_RollerSkates"}],"event_choices":[{"damage_healed":0,"gold_gain":0,"player_choice":"Grow","damage_taken":0,"max_hp_gain":0,"max_hp_loss":0,"event_name":"Living Wall","floor":4,"gold_loss":0,"cards_upgraded":["ButterflyHabitatTemple_purple"]},{"damage_healed":0,"gold_gain":0,"player_choice":"Swap Relic","damage_taken":0,"relics_obtained":["Lee\u0027s Waffle"],"max_hp_gain":0,"max_hp_loss":0,"event_name":"给自己的盒子","floor":5,"relics_lost":["Lee\u0027s Waffle"],"gold_loss":0}],"is_beta":false,"boss_relics":[{"not_picked":["Ectoplasm","Sozu"],"picked":"testmod-NegativeEmotionEnhancer"},{"not_picked":["Fusion Hammer","MysterySword"],"picked":"RedLine:ReiMu"}],"items_purged_floors":[0,0,0,0,0,0,0,0,0,0,3,31,46],"is_endless":false,"potions_floor_spawned":[1,2,6,11,12,13,14,16,18,20,22,24,29,30,33,35,37,41,42,44,47,54],"ascension_level":18}}