{"host":"1a3cjta80tad0aqj","time":1609938738,"event":{"mods":["2.2 Compatiblity","AchievementEnabler","BaseMod","Colored Map","DeckTracker","KOR Keyword Fix","Keyboard Shortcuts","Minty Spire (QoL Compilation)","Permanent Neow","Quick Restart","Random Character Button","StSLib","SuperFastMode","everything is the same but u backflip on backflip"],"gold_per_floor":[117,117,130,55,130,130,157,170,219,219,236,254,267,281,281,380,380,393,111,123,123,139,139,168,93,118,150,150,183,183,202,202,202,202],"floor_reached":33,"playtime":1879,"items_purged":["Defend_B","Defend_B"],"score":307,"play_id":"35eb3de3-5a03-4b09-8b78-0bd035547a5f","local_time":"20210106221218","is_ascension_mode":false,"campfire_choices":[{"data":"Sunder","floor":6.0,"key":"SMITH"},{"floor":10.0,"key":"REST"},{"floor":15.0,"key":"REST"},{"data":"Reinforced Body","floor":23,"key":"SMITH"},{"floor":32,"key":"REST"}],"circlet_count":0,"master_deck":["Strike_B+1","Strike_B+1","Strike_B+1","Strike_B+1","Defend_B+1","Zap","Dualcast","Sunder+1","Compile Driver","Fusion","Skim","Steam","Rebound","Reinforced Body+1","Chill+1","Melter","Turbo","Sunder+1","Buffer","Leap"],"relics":["Black Star","Lantern","FossilizedHelix","Orichalcum","Philosopher\u0027s Stone","HandDrill","CaptainsWheel","Pen Nib","Potion Belt","Eternal Feather","Molten Egg 2","Blue Candle","InkBottle"],"acts_visited":["Exordium","TheCity"],"potions_floor_usage":[22,24,24],"damage_taken":[{"damage":5.0,"enemies":"Jaw Worm","floor":1.0,"turns":5.0},{"damage":5.0,"enemies":"Small Slimes","floor":3.0,"turns":4.0},{"damage":35.0,"enemies":"3 Sentries","floor":7.0,"turns":8.0},{"damage":0.0,"enemies":"2 Louse","floor":8.0,"turns":2.0},{"damage":0.0,"enemies":"2 Fungi Beasts","floor":11.0,"turns":1.0},{"damage":0.0,"enemies":"Blue Slaver","floor":12.0,"turns":2.0},{"damage":0.0,"enemies":"Large Slime","floor":13.0,"turns":4.0},{"damage":1.0,"enemies":"3 Louse","floor":14.0,"turns":4.0},{"damage":44.0,"enemies":"The Guardian","floor":16.0,"turns":12.0},{"damage":0.0,"enemies":"2 Thieves","floor":18.0,"turns":3.0},{"damage":19,"enemies":"3 Byrds","floor":20,"turns":5},{"damage":1,"enemies":"3 Cultists","floor":22,"turns":5},{"damage":8,"enemies":"Slavers","floor":24,"turns":5},{"damage":7,"enemies":"Gremlin Leader","floor":27,"turns":3},{"damage":16,"enemies":"Slavers","floor":29,"turns":7},{"damage":18,"enemies":"Shelled Parasite and Fungi","floor":31,"turns":3},{"damage":42,"enemies":"Automaton","floor":33,"turns":5}],"seed_played":"8010900525862990249","potions_obtained":[{"floor":1.0,"key":"SkillPotion"},{"floor":11.0,"key":"PotionOfCapacity"},{"floor":13.0,"key":"Ancient Potion"},{"floor":16.0,"key":"AttackPotion"},{"floor":18.0,"key":"PowerPotion"},{"floor":20,"key":"AttackPotion"},{"floor":22,"key":"SkillPotion"},{"floor":27,"key":"SmokeBomb"}],"is_trial":false,"path_per_floor":["M","$","M","$","?","R","E","M","T","R","M","M","M","M","R","B",null,"M","$","M","$","M","R","E","?","T","E","?","E","?","M","R","B"],"character_chosen":"DEFECT","items_purchased":["HandDrill","Melter"],"campfire_rested":3,"item_purchase_floors":[19,19],"current_hp_per_floor":[70,70,65,65,54,54,19,19,19,41,41,41,41,40,62,18,75,75,75,56,56,55,55,47,47,47,40,40,24,24,6,40,0,0],"gold":202,"neow_bonus":"BOSS_RELIC","is_daily":false,"chose_seed":true,"campfire_upgraded":2,"win_rate":0.0,"timestamp":1609938738,"path_taken":["M","$","M","$","?","R","E","M","T","R","M","M","M","M","R","BOSS","M","$","M","$","M","R","E","?","T","E","?","E","?","M","R","BOSS"],"items_purchased_type":["Relic","Card"],"build_version":"2020-12-22","purchased_purges":2,"victory":false,"max_hp_per_floor":[75,75,75,75,75,75,75,75,75,75,75,75,75,75,75,75,75,75,75,75,75,75,75,75,75,75,75,75,75,75,75,75,75,75],"card_choices":[{"not_picked":["Steam Power","Go for the Eyes"],"picked":"Sunder","floor":1.0},{"not_picked":["Gash","Rebound"],"picked":"Compile Driver","floor":3.0},{"not_picked":["Double Energy","BootSequence"],"picked":"Fusion","floor":7.0},{"not_picked":["Redo","Fusion"],"picked":"Skim","floor":8.0},{"not_picked":["Self Repair","Scrape"],"picked":"Steam","floor":11.0},{"not_picked":["Coolheaded","Steam"],"picked":"Rebound","floor":12.0},{"not_picked":["Cold Snap","Sweeping Beam"],"picked":"Reinforced Body","floor":13.0},{"not_picked":["Gash","Reprogram","Compile Driver"],"picked":"SKIP","floor":14.0},{"not_picked":["Compile Driver","Hello World"],"picked":"Chill+1","floor":18.0},{"not_picked":["Ball Lightning","Chaos","Recycle"],"picked":"SKIP","floor":20},{"not_picked":["Compile Driver","Conserve Battery"],"picked":"Turbo","floor":22},{"not_picked":["Coolheaded","Beam Cell+1"],"picked":"Sunder+1","floor":24},{"not_picked":["Doom and Gloom+1","Skim","Cold Snap+1"],"picked":"SKIP","floor":27},{"not_picked":["Rebound+1","Go for the Eyes+1","Buffer"],"picked":"SKIP","floor":29},{"not_picked":["Coolheaded","Compile Driver+1"],"picked":"Leap","floor":31}],"player_experience":146624,"relics_obtained":[{"floor":7.0,"key":"Lantern"},{"floor":7.0,"key":"FossilizedHelix"},{"floor":9.0,"key":"Orichalcum"},{"floor":24,"key":"CaptainsWheel"},{"floor":24,"key":"Pen Nib"},{"floor":26,"key":"Potion Belt"},{"floor":27,"key":"Eternal Feather"},{"floor":27,"key":"Molten Egg 2"},{"floor":29,"key":"Blue Candle"},{"floor":29,"key":"InkBottle"}],"event_choices":[{"damage_healed":0.0,"max_hp_gain":0.0,"max_hp_loss":0.0,"gold_gain":75.0,"event_name":"World of Goop","player_choice":"Gather Gold","floor":5.0,"gold_loss":0.0,"damage_taken":11.0},{"cards_removed":["Defend_B"],"damage_healed":0,"gold_gain":0,"player_choice":"Gave Gold","damage_taken":0,"max_hp_gain":0,"max_hp_loss":0,"event_name":"Beggar","floor":25,"gold_loss":75},{"damage_healed":0,"gold_gain":0,"player_choice":"Read","damage_taken":0,"max_hp_gain":0,"max_hp_loss":0,"event_name":"The Library","floor":28,"gold_loss":0,"cards_obtained":["Buffer"]},{"damage_healed":0,"gold_gain":0,"player_choice":"Simplicity","damage_taken":0,"max_hp_gain":0,"max_hp_loss":0,"event_name":"Back to Basics","floor":30,"gold_loss":0,"cards_upgraded":["Strike_B","Strike_B","Strike_B","Strike_B","Defend_B"]}],"is_beta":false,"boss_relics":[{"not_picked":["Fusion Hammer","Sozu"],"picked":"Philosopher\u0027s Stone"}],"items_purged_floors":[4,19],"is_endless":false,"potions_floor_spawned":[1,11,13,16,18,20,22,27],"killed_by":"Automaton","ascension_level":0}}