{"host":"2d8l43s0fl0kdlnt","time":1609924803,"event":{"mods":["2.2 Compatiblity","BaseMod","Colored Powertips","Custom Start","Halation","Minty Spire (QoL Compilation)","Rare Cards Sparkle","SIMod","StSLib","UnlockEverythingMod"],"gold_per_floor":[113,61,81,100,118,148,148,148,148,148,148,36,36,59,59,188,188,211,211,227,245,245,286,286,317,317,350,450,474,474,499,499,630,630,648,671,671,696,386,386,429,429,456,487,555,555,569,587,587,587],"floor_reached":51,"playtime":5181,"items_purged":["ISayNo"],"score":1273,"play_id":"d3ebd77c-4dd3-48fa-b635-a56a8ad064d7","local_time":"20210106032003","is_ascension_mode":true,"campfire_choices":[{"data":"RunningOfTheLeaves","floor":7.0,"key":"SMITH"},{"data":"BigDeal","floor":10.0,"key":"SMITH"},{"floor":13.0,"key":"REST"},{"data":"Winterwrapup","floor":15.0,"key":"SMITH"},{"data":"BeautySensation","floor":24.0,"key":"SMITH"},{"data":"Generousity","floor":30.0,"key":"SMITH"},{"data":"Generousity","floor":32.0,"key":"SMITH"},{"data":"PinkiePromise","floor":40,"key":"SMITH"},{"data":"LadiesDemeanor","floor":42,"key":"SMITH"},{"data":"1","floor":49,"key":"LIFT"}],"circlet_count":0,"master_deck":["PartyCana+1","PartyCana+1","ISayNo+1","ISayNo+1","ISayNo+1","ISayNo+1","ISayNo+1","Stare+1","Stare+1","LoveMe+1","Stare+1","Stare+1","Stare+1","ReinventMyself+1","Flutterguy+1","Flutterguy+1","Flutterguy+1","Flutterguy+1","BigDeal+1","ISayNo+1","RunningOfTheLeaves+1","Magic+1","Honesty","Generousity+1","Winterwrapup+1","BeautySensation+1","J.A.X.+1","PartyTime+1","Generousity+1","InspirationRecovery+1","GemstoneDetection+1","Winterwrapup+1","Winterwrapup+1","BeautySensation+1","Dear_Princess+1","PinkiePromise+1","Winterwrapup+1","LadiesDemeanor+1","Magic+1","Shame","Return_To_Past+1","TenInstruments+1"],"relics":["The_element_of_harmony","Mummified Hand","TwilightTruncheon","Blood Vial","Bag of Preparation","Golden Idol","Cursed Key","halation:PinkSoulGem","Toxic Egg 2","Hyacinth","PreservedInsect","Sozu","halation:EternalFortune","Medical Kit","Whetstone","War Paint","Oddly Smooth Stone","Girya"],"acts_visited":["Exordium","TheCity","TheBeyond"],"potions_floor_usage":[38],"damage_taken":[{"damage":0.0,"enemies":"Jaw Worm","floor":1.0,"turns":6.0},{"damage":0.0,"enemies":"Small Slimes","floor":3.0,"turns":2.0},{"damage":0.0,"enemies":"2 Louse","floor":4.0,"turns":2.0},{"damage":2.0,"enemies":"2 Fungi Beasts","floor":5.0,"turns":2.0},{"damage":15.0,"enemies":"Lagavulin","floor":6.0,"turns":11.0},{"damage":0.0,"enemies":"Looter","floor":14.0,"turns":3.0},{"damage":22.0,"enemies":"Hexaghost","floor":16.0,"turns":16.0},{"damage":0.0,"enemies":"Chosen","floor":18.0,"turns":4.0},{"damage":6.0,"enemies":"3 Byrds","floor":20.0,"turns":4.0},{"damage":13.0,"enemies":"Shelled Parasite and Fungi","floor":21.0,"turns":5.0},{"damage":1.0,"enemies":"Gremlin Leader","floor":23.0,"turns":9.0},{"damage":30.0,"enemies":"Slavers","floor":25.0,"turns":5.0},{"damage":18.0,"enemies":"Book of Stabbing","floor":27.0,"turns":12.0},{"damage":0.0,"enemies":"Snake Plant","floor":29.0,"turns":3.0},{"damage":31.0,"enemies":"3 Cultists","floor":31.0,"turns":5.0},{"damage":18.0,"enemies":"Champ","floor":33.0,"turns":20.0},{"damage":0.0,"enemies":"Orb Walker","floor":35.0,"turns":2.0},{"damage":5.0,"enemies":"3 Shapes","floor":36.0,"turns":6.0},{"damage":46,"enemies":"Writhing Mass","floor":38,"turns":7},{"damage":3,"enemies":"Reptomancer","floor":41,"turns":2},{"damage":8,"enemies":"Giant Head","floor":44,"turns":6},{"damage":0,"enemies":"2 Orb Walkers","floor":45,"turns":2},{"damage":27,"enemies":"Spire Growth","floor":47,"turns":7},{"damage":3,"enemies":"Sphere and 2 Shapes","floor":48,"turns":4},{"damage":75,"enemies":"Time Eater","floor":50,"turns":12}],"seed_played":"-5758648878977515141","potions_obtained":[{"floor":1.0,"key":"SneckoOil"},{"floor":5.0,"key":"AttackPotion"},{"floor":6.0,"key":"Explosive Potion"},{"floor":14.0,"key":"Energy Potion"},{"floor":29.0,"key":"Fruit Juice"},{"floor":31.0,"key":"SteroidPotion"}],"is_trial":true,"path_per_floor":["M","$","M","M","M","E","R","?","T","R","?","$","R","M","R","B",null,"M","?","M","M","?","E","R","E","T","E","?","M","R","M","R","B",null,"M","M","?","M","$","R","E","R","T","E","?","?","M","M","R","B",null],"character_chosen":"TWI_CLASS","items_purchased":["ISayNo","Honesty","Generousity","Medical Kit","LadiesDemeanor"],"campfire_rested":1,"item_purchase_floors":[2,12,12,39,39],"current_hp_per_floor":[74,74,74,74,72,57,57,41,41,41,21,21,45,47,47,27,68,70,70,66,55,55,76,76,69,69,82,82,82,82,56,56,75,84,86,87,90,85,85,85,84,84,84,93,93,93,93,96,96,60],"gold":587,"neow_bonus":"","is_daily":false,"chose_seed":false,"campfire_upgraded":8,"win_rate":0.0,"timestamp":1609924803,"path_taken":["M","$","M","M","M","E","R","?","T","R","?","$","R","M","R","BOSS","M","?","M","M","?","E","R","E","T","E","?","M","R","M","R","BOSS","M","M","?","M","$","R","E","R","T","E","?","?","M","?","R","BOSS"],"items_purchased_type":["Card","Card","Card","Relic","Card"],"build_version":"2020-12-22","purchased_purges":1,"victory":true,"max_hp_per_floor":[82,82,82,82,82,82,82,82,82,82,82,82,82,82,82,82,82,82,82,82,82,82,82,82,82,82,82,82,82,82,87,87,87,87,87,87,90,93,93,93,93,93,93,93,93,93,93,96,96,96],"card_choices":[{"not_picked":["Boundary"],"picked":"BigDeal","floor":1.0},{"not_picked":["RushToSky","Lasso"],"picked":"SKIP","floor":1.0},{"not_picked":["Yay","Whining"],"picked":"SKIP","floor":3.0},{"not_picked":["Magic_Beam","Anxiousness"],"picked":"SKIP","floor":3.0},{"not_picked":["BehindTheScene","PartyTime"],"picked":"SKIP","floor":4.0},{"not_picked":["ISayNo","CowboySkills"],"picked":"SKIP","floor":4.0},{"not_picked":["Return_To_Past"],"picked":"ISayNo","floor":5.0},{"not_picked":["BehindTheScene"],"picked":"ISayNo","floor":5.0},{"not_picked":["PartyAlone"],"picked":"RunningOfTheLeaves","floor":6.0},{"not_picked":["KillingWithKindness"],"picked":"Magic","floor":6.0},{"not_picked":["Magictrain"],"picked":"Winterwrapup","floor":14.0},{"not_picked":["Whining","FriendOfNature"],"picked":"SKIP","floor":14.0},{"not_picked":["Whining","FriendOfNature"],"picked":"SKIP","floor":14.0},{"not_picked":["Overwhelming"],"picked":"BeautySensation","floor":16.0},{"not_picked":["FriendOfNature+1","RunningOfTheLeaves"],"picked":"SKIP","floor":18.0},{"not_picked":["RushToSky","Charge"],"picked":"SKIP","floor":18.0},{"not_picked":["TasteRainbow"],"picked":"PartyTime","floor":20.0},{"not_picked":["Laughter+1","ThunderCloud"],"picked":"SKIP","floor":20.0},{"not_picked":["Mischief"],"picked":"Generousity","floor":21.0},{"not_picked":["PartyTime","KillingWithKindness+1"],"picked":"SKIP","floor":21.0},{"not_picked":["RashStunts+1"],"picked":"InspirationRecovery+1","floor":23.0},{"not_picked":["Boundary+1"],"picked":"GemstoneDetection+1","floor":23.0},{"not_picked":["Whining+1"],"picked":"Winterwrapup+1","floor":25.0},{"not_picked":["FarmExpert+1","Harmanyblast"],"picked":"SKIP","floor":25.0},{"not_picked":["Charge"],"picked":"Winterwrapup+1","floor":27.0},{"not_picked":["ISayNo","AppleFever+1"],"picked":"SKIP","floor":27.0},{"not_picked":["Honesty+1","BigDeal+1"],"picked":"SKIP","floor":29.0},{"not_picked":["Magic_Beam+1","CheerUp+1"],"picked":"SKIP","floor":29.0},{"not_picked":["Honesty+1","BigDeal+1"],"picked":"SKIP","floor":29.0},{"not_picked":["Magic_Beam+1","CheerUp+1"],"picked":"SKIP","floor":29.0},{"not_picked":["Laughter+1","ThrowingApples"],"picked":"SKIP","floor":31.0},{"not_picked":["TwentyPercentcooler","Lasso+1"],"picked":"SKIP","floor":31.0},{"not_picked":["PartyCana"],"picked":"BeautySensation+1","floor":33.0},{"not_picked":["Whining+1"],"picked":"Dear_Princess+1","floor":35.0},{"not_picked":["KillingWithKindness+1","ISayNo+1"],"picked":"SKIP","floor":35.0},{"not_picked":["ThunderCloud+1"],"picked":"PinkiePromise","floor":36.0},{"not_picked":["BehindTheScene+1","Lasso"],"picked":"SKIP","floor":36.0},{"not_picked":["RunningOfTheLeaves+1"],"picked":"Winterwrapup+1","floor":38},{"not_picked":["Mischief+1","Batlization"],"picked":"SKIP","floor":38},{"not_picked":["FollowTherRainbow+1"],"picked":"Magic+1","floor":41},{"not_picked":["Laughter+1","Overwhelming"],"picked":"SKIP","floor":41},{"not_picked":["BigDeal+1","FriendOfNature+1"],"picked":"SKIP","floor":44},{"not_picked":["ServeMeal+1","Anxiousness+1"],"picked":"SKIP","floor":44},{"not_picked":["Celebrities+1"],"picked":"Return_To_Past+1","floor":47},{"not_picked":["Dear_Princess+1","CowboySkills"],"picked":"SKIP","floor":47},{"not_picked":["HideCarefully+1"],"picked":"TenInstruments+1","floor":48},{"not_picked":["PartyTime+1","BigDeal+1"],"picked":"SKIP","floor":48}],"player_experience":110547,"relics_obtained":[{"floor":6.0,"key":"Blood Vial"},{"floor":9.0,"key":"Bag of Preparation"},{"floor":23.0,"key":"Toxic Egg 2"},{"floor":25.0,"key":"Hyacinth"},{"floor":27.0,"key":"PreservedInsect"},{"floor":38,"key":"halation:EternalFortune"},{"floor":41,"key":"Whetstone"},{"floor":43,"key":"War Paint"},{"floor":44,"key":"Oddly Smooth Stone"},{"floor":45,"key":"Girya"},{"floor":48,"key":"halation:EternalFortune"}],"event_choices":[{"damage_healed":0.0,"max_hp_gain":0.0,"max_hp_loss":0.0,"gold_gain":0.0,"event_name":"Shining Light","player_choice":"Entered Light","floor":8.0,"gold_loss":0.0,"damage_taken":16.0,"cards_upgraded":["ISayNo","Magic"]},{"damage_healed":0.0,"max_hp_gain":0.0,"max_hp_loss":0.0,"gold_gain":0.0,"event_name":"Golden Idol","player_choice":"Take Damage","floor":11.0,"gold_loss":0.0,"damage_taken":20.0,"relics_obtained":["Golden Idol"]},{"damage_healed":0.0,"max_hp_gain":0.0,"max_hp_loss":0.0,"gold_gain":0.0,"event_name":"Drug Dealer","player_choice":"Obtain J.A.X.","floor":19.0,"gold_loss":0.0,"damage_taken":0.0,"cards_obtained":["J.A.X."]},{"damage_healed":0.0,"max_hp_gain":0.0,"max_hp_loss":0.0,"gold_gain":100.0,"event_name":"Golden Shrine","player_choice":"Pray","floor":28.0,"gold_loss":0.0,"damage_taken":0.0},{"damage_healed":0,"gold_gain":0,"player_choice":"Fight","damage_taken":0,"max_hp_gain":0,"max_hp_loss":0,"event_name":"Mysterious Sphere","floor":45,"gold_loss":0},{"cards_removed":["ISayNo"],"damage_healed":0,"gold_gain":0,"player_choice":"Removed Attack","damage_taken":0,"max_hp_gain":0,"max_hp_loss":0,"event_name":"Falling","floor":46,"gold_loss":0}],"is_beta":false,"boss_relics":[{"not_picked":["halation:PlatinumPhoenix","halation:Risk"],"picked":"Cursed Key"},{"not_picked":["SacredBark","Fusion Hammer"],"picked":"Sozu"}],"items_purged_floors":[39],"is_endless":false,"potions_floor_spawned":[1,5,6,14,18,29,31,38,41,44,45],"ascension_level":10}}