{"host":"w4b7hmige5bnqipq","time":1609920156,"event":{"mods":["2.2 Compatiblity","BaseMod","Colored Map","DeckTracker","Keyboard Shortcuts","Minty Spire (QoL Compilation)","Permanent Neow","Rare Cards Sparkle","SuperFastMode","everything is the same but u backflip on backflip","slay the spire mod where everything is the same but ironclad has a cowboy hat"],"gold_per_floor":[111,111,111,125,125,125,139,139,139,159,176,211,228,261,261,261,261],"floor_reached":16,"playtime":384,"items_purged":[],"score":224,"play_id":"e068a0c0-97ab-4afa-995d-3b1ee2a92e18","local_time":"20210106170236","is_ascension_mode":true,"campfire_choices":[{"data":"Neutralize","floor":6.0,"key":"SMITH"},{"data":"Blade Dance","floor":8.0,"key":"SMITH"},{"data":"Accuracy","floor":15.0,"key":"SMITH"}],"circlet_count":0,"master_deck":["AscendersBane","Strike_G+1","Strike_G","Strike_G","Strike_G","Defend_G","Defend_G+1","Defend_G","Defend_G","Survivor","Neutralize+1","Blade Dance+1","Accuracy+1","Well Laid Plans","Adrenaline","Tactician","Reflex"],"relics":["Ring of the Snake","Matryoshka","Omamori","Paper Crane"],"acts_visited":["Exordium"],"potions_floor_usage":[16],"damage_taken":[{"damage":1.0,"enemies":"Small Slimes","floor":1.0,"turns":4.0},{"damage":0.0,"enemies":"2 Louse","floor":4.0,"turns":4.0},{"damage":1.0,"enemies":"Jaw Worm","floor":7.0,"turns":4.0},{"damage":0.0,"enemies":"Looter","floor":10.0,"turns":3.0},{"damage":3.0,"enemies":"Blue Slaver","floor":11.0,"turns":3.0},{"damage":4.0,"enemies":"Lagavulin","floor":12.0,"turns":6.0},{"damage":0.0,"enemies":"Gremlin Gang","floor":13.0,"turns":5.0},{"damage":11.0,"enemies":"3 Sentries","floor":14.0,"turns":7.0},{"damage":22,"enemies":"Slime Boss","floor":16,"turns":3}],"seed_played":"7405543717799867833","potions_obtained":[{"floor":7.0,"key":"Fire Potion"},{"floor":10.0,"key":"Energy Potion"},{"floor":13.0,"key":"Strength Potion"}],"is_trial":false,"path_per_floor":["M","?","?","M","?","R","M","R","T","M","M","E","M","E","R","B"],"character_chosen":"THE_SILENT","items_purchased":[],"campfire_rested":0,"item_purchase_floors":[],"current_hp_per_floor":[58,40,40,40,40,40,39,39,39,39,36,32,32,21,21,0,0],"gold":261,"neow_bonus":"REMOVE_TWO","is_daily":false,"chose_seed":false,"campfire_upgraded":3,"win_rate":0.0,"timestamp":1609920156,"path_taken":["M","?","?","M","?","R","M","R","T","M","M","E","M","E","R","BOSS"],"items_purchased_type":[],"build_version":"2020-12-22","purchased_purges":0,"victory":false,"max_hp_per_floor":[60,60,60,60,60,60,60,60,60,60,60,60,60,60,60,60,60],"card_choices":[{"not_picked":["Flying Knee","PiercingWail","Outmaneuver"],"picked":"SKIP","floor":1.0},{"not_picked":["Slice","Predator","Setup"],"picked":"SKIP","floor":4.0},{"not_picked":["Quick Slash","Dodge and Roll"],"picked":"Blade Dance","floor":7.0},{"not_picked":["Infinite Blades","Flying Knee"],"picked":"Accuracy","floor":10.0},{"not_picked":["Dagger Throw","Blade Dance"],"picked":"Well Laid Plans","floor":11.0},{"not_picked":["Poisoned Stab","Riddle With Holes"],"picked":"Adrenaline","floor":12.0},{"not_picked":["Bouncing Flask","Blur"],"picked":"Tactician","floor":13.0},{"not_picked":["Quick Slash","Skewer"],"picked":"Reflex","floor":14.0}],"player_experience":473663,"relics_obtained":[{"floor":9.0,"key":"Matryoshka"},{"floor":12.0,"key":"Omamori"},{"floor":14.0,"key":"Paper Crane"}],"event_choices":[{"damage_healed":0.0,"max_hp_gain":0.0,"max_hp_loss":0.0,"gold_gain":0.0,"event_name":"Shining Light","player_choice":"Entered Light","floor":2.0,"gold_loss":0.0,"damage_taken":18.0,"cards_upgraded":["Defend_G","Strike_G"]},{"damage_healed":0.0,"max_hp_gain":0.0,"max_hp_loss":0.0,"gold_gain":0.0,"event_name":"Scrap Ooze","player_choice":"Fled","floor":3.0,"gold_loss":0.0,"damage_taken":0.0},{"damage_healed":0.0,"max_hp_gain":0.0,"max_hp_loss":0.0,"gold_gain":0.0,"event_name":"Liars Game","player_choice":"Ignored","floor":5.0,"gold_loss":0.0,"damage_taken":0.0}],"is_beta":false,"boss_relics":[],"items_purged_floors":[],"is_endless":false,"potions_floor_spawned":[7,10,13],"killed_by":"Slime Boss","ascension_level":20}}