{"host":"f5ezd1v29dtbwkzo","time":1609918997,"event":{"mods":["2.2 Compatiblity","BaseMod","Hermit","Hubris","Infinite Spire","Minty Spire (QoL Compilation)","Rare Cards Sparkle","Replay The Spire","StSLib"],"gold_per_floor":[112,112,132,145,216,550,550,567,638,651,651,665,694,694,694,790,790,808,781,781,798,816,816,816,816,832,850,850,860,874,874,874,885,885,982,982,992,1096,345,355,355],"floor_reached":40,"playtime":1824,"items_purged":["Regret","Defend_R"],"score":427,"play_id":"6afcb52b-aadb-4a2d-b512-3d7b84bb1f53","local_time":"20210106104317","is_ascension_mode":false,"campfire_choices":[{"data":"Flame Barrier","floor":7,"key":"SMITH"},{"data":"Body Slam","floor":11,"key":"SMITH"},{"data":"Demon Form","floor":15,"key":"SMITH"},{"data":"Heavy Blade","floor":25,"key":"SMITH"},{"data":"Seeing Red","floor":32,"key":"SMITH"},{"floor":34,"key":"REST"}],"circlet_count":0,"master_deck":["Strike_R","Strike_R","Strike_R","Strike_R","Defend_R","Defend_R","Defend_R","Bash","Flame Barrier+1","Metallicize","Body Slam+1","ReplayTheSpireMod:Stacked","Battle Trance","Seeing Red+1","Demon Form+1","Berserk","infinitespire:FutureSight","Fire Breathing","Heavy Blade+1","Twin Strike+1","Pommel Strike+1","Barricade+1","Feed+1","Sickly","Looming Evil","Run Through+1","Ghostly Armor+1","Finesse+1"],"relics":["Burning Blood","infinitespire:CheckeredPen","Meat on the Bone","Old Coin","Iron Hammer","Incense Burner","hubris:Towel","Ring of Chaos","OrangePellets","Golden Egg","Replay:Ancient Bell","Bag of Preparation","Matryoshka","Du-Vu Doll","Singing Bowl","Replay:Bandana","infinitespire:WardingShard","Boot","Medical Kit"],"acts_visited":["Exordium","TheCity","TheBeyond"],"potions_floor_usage":[16,19,29,29,35,35,40],"damage_taken":[{"damage":1,"enemies":"Cultist","floor":1,"turns":4},{"damage":6,"enemies":"Jaw Worm","floor":3,"turns":3},{"damage":4,"enemies":"2 Louse","floor":4,"turns":3},{"damage":57,"enemies":"Gremlin Nob","floor":6,"turns":6},{"damage":2,"enemies":"Looter","floor":8,"turns":4},{"damage":3,"enemies":"Exordium Thugs","floor":10,"turns":5},{"damage":4,"enemies":"2 Fungi Beasts","floor":12,"turns":2},{"damage":11,"enemies":"3 Sentries","floor":13,"turns":7},{"damage":22,"enemies":"Slime Boss","floor":16,"turns":11},{"damage":18,"enemies":"3 Byrds","floor":18,"turns":5},{"damage":9,"enemies":"2 Thieves","floor":19,"turns":5},{"damage":13,"enemies":"Snake Plant","floor":21,"turns":6},{"damage":42,"enemies":"Shelled Parasite and Fungi","floor":22,"turns":8},{"damage":17,"enemies":"Snecko","floor":26,"turns":5},{"damage":13,"enemies":"Snake Plant","floor":27,"turns":4},{"damage":10,"enemies":"Centurion and Healer","floor":29,"turns":6},{"damage":4,"enemies":"3 Cultists","floor":30,"turns":5},{"damage":17,"enemies":"Sentry and Sphere","floor":33,"turns":4},{"damage":22,"enemies":"Collector","floor":35,"turns":7},{"damage":53,"enemies":"3 Darklings","floor":37,"turns":5},{"damage":186,"enemies":"Mind Bloom Boss Battle","floor":40,"turns":5}],"seed_played":"218841950758918500","potions_obtained":[{"floor":3,"key":"GamblersBrew"},{"floor":6,"key":"ElixirPotion"},{"floor":13,"key":"Elixir"},{"floor":16,"key":"Explosive Potion"},{"floor":21,"key":"Toxic Potion"},{"floor":26,"key":"Swift Potion"},{"floor":27,"key":"Energy Potion"},{"floor":30,"key":"ColorlessPotion"},{"floor":37,"key":"Languid Potion"},{"floor":38,"key":"ColorlessPotion"},{"floor":38,"key":"Fire Potion"},{"floor":38,"key":"Doom Potion"}],"is_trial":false,"path_per_floor":["M","?","M","M","T","E","R","M","T","M","R","M","E","?","R","B",null,"M","M","AVR","M","M","PTL","PTL","R","M","M","T","M","M","?","R","M","R","B",null,"M","?","$","?"],"character_chosen":"IRONCLAD","items_purchased":["infinitespire:WardingShard","Boot","Medical Kit","Ghostly Armor","Finesse"],"campfire_rested":1,"item_purchase_floors":[39,39,39,39,39],"current_hp_per_floor":[80,80,80,80,80,41,41,57,57,60,60,62,57,57,57,53,80,68,65,65,58,34,34,34,34,35,40,40,48,50,50,50,51,75,59,80,52,20,20,0,0],"gold":355,"neow_bonus":"RANDOM_EVENT","is_daily":false,"chose_seed":false,"campfire_upgraded":5,"win_rate":0.0,"timestamp":1609918997,"path_taken":["M","?","M","M","?","E","R","M","T","?","R","M","E","?","R","BOSS","M","M","AVR","M","M","PTL","PTL","R","M","M","T","M","M","?","R","M","R","BOSS","M","?","$","?"],"items_purchased_type":["Relic","Relic","Relic","Card","Card"],"build_version":"2020-12-22","purchased_purges":2,"victory":false,"max_hp_per_floor":[80,80,80,80,80,80,80,80,80,80,80,80,80,80,80,80,80,80,80,80,80,80,80,80,80,80,80,80,80,80,80,80,80,80,80,80,87,89,89,89,89],"card_choices":[{"not_picked":["Wild Strike","Armaments"],"picked":"Metallicize","floor":1},{"not_picked":["Pommel Strike","ReplayTheSpireMod:Corrosion Curse"],"picked":"Body Slam","floor":3},{"not_picked":["Heavy Blade","Wild Strike","Whirlwind"],"picked":"SKIP","floor":4},{"not_picked":["Warcry","Pommel Strike"],"picked":"ReplayTheSpireMod:Stacked","floor":6},{"not_picked":["Life Link","Pummel"],"picked":"Battle Trance","floor":8},{"not_picked":["Dark Embrace","Pummel","Perfected Strike"],"picked":"SKIP","floor":10},{"not_picked":["Dark Embrace","Pummel","Perfected Strike"],"picked":"SKIP","floor":10},{"not_picked":["Sword Boomerang","Headbutt"],"picked":"Seeing Red","floor":12},{"not_picked":["hubris:SharpeningStone","Clash"],"picked":"Demon Form","floor":13},{"not_picked":["Bludgeon","Offering"],"picked":"Berserk","floor":16},{"not_picked":["Twin Strike","Cleave","Pommel Strike"],"picked":"SKIP","floor":18},{"not_picked":["Demon Form","Sever Soul","Heavy Blade"],"picked":"SKIP","floor":19},{"not_picked":["Dark Embrace+1","Anger"],"picked":"Fire Breathing","floor":21},{"not_picked":["ReplayTheSpireMod:Stacked","Body Slam"],"picked":"Heavy Blade","floor":22},{"not_picked":["Warcry","True Grit+1"],"picked":"Twin Strike+1","floor":26},{"not_picked":["Wild Strike","Feel No Pain","ReplayTheSpireMod:Strike From Hell"],"picked":"SKIP","floor":27},{"not_picked":["Bloodletting","Shrug It Off"],"picked":"Pommel Strike+1","floor":29},{"not_picked":["Shockwave","Anger","Shrug It Off"],"picked":"SKIP","floor":30},{"not_picked":["Anger","True Grit"],"picked":"Barricade","floor":33},{"not_picked":["Hemogenesis","Replay:Many Hands"],"picked":"Feed","floor":35},{"not_picked":["Normality","hubris:Lust"],"picked":"Sickly","floor":36},{"not_picked":["CurseOfTheBell","ReplayTheSpireMod:Faulty Equipment"],"picked":"ReplayTheSpireMod:Doomed","floor":36},{"not_picked":["infinitespire:Pacifist","ReplayTheSpireMod:Splinters"],"picked":"Looming Evil","floor":36},{"not_picked":["Blood for Blood","Perfected Strike"],"picked":"Run Through+1","floor":37},{"not_picked":["Infernal Blade+1","Sentinel","Pommel Strike"],"picked":"Singing Bowl","floor":38}],"player_experience":351192,"relics_obtained":[{"floor":5,"key":"Meat on the Bone"},{"floor":6,"key":"Old Coin"},{"floor":9,"key":"Iron Hammer"},{"floor":13,"key":"Incense Burner"},{"floor":28,"key":"Golden Egg"},{"floor":38,"key":"Singing Bowl"},{"floor":38,"key":"Replay:Bandana"}],"event_choices":[{"damage_healed":0,"gold_gain":0,"player_choice":"Box","damage_taken":0,"relics_obtained":["infinitespire:CheckeredPen"],"max_hp_gain":0,"max_hp_loss":0,"event_name":"Big Fish","floor":2,"gold_loss":0,"cards_obtained":["Regret"]},{"cards_removed":["Strike_R"],"damage_healed":0,"gold_gain":0,"player_choice":"Card Removal","damage_taken":0,"max_hp_gain":0,"max_hp_loss":0,"event_name":"Wheel of Change","floor":31,"gold_loss":0},{"damage_healed":0,"gold_gain":0,"player_choice":"Fight","damage_taken":0,"max_hp_gain":0,"max_hp_loss":0,"event_name":"MindBloom","floor":40,"gold_loss":0}],"is_beta":false,"boss_relics":[{"not_picked":["hubris:TerracottaHorce","Velvet Choker"],"picked":"Ring of Chaos"},{"not_picked":["hubris:RunicObelisk","Empty Cage"],"picked":"Replay:Ancient Bell"},{"not_picked":["Bag of Marbles","Smiling Mask"],"picked":"Bag of Preparation"},{"not_picked":["hubris:Reverence","Replay:Accelerometer"],"picked":"Matryoshka"},{"not_picked":["hubris:GlazedTorus","hubris:CuriousFeather"],"picked":"Du-Vu Doll"}],"items_purged_floors":[20,39],"is_endless":false,"potions_floor_spawned":[3,6,13,16,21,26,27,30,37],"killed_by":"Mind Bloom Boss Battle","ascension_level":0}}