{"host":"ws1rigs6jhqnf67d","time":1609947090,"event":{"mods":["BaseMod","Friendly Minions","KinomotoSakuraMod(ƒæ÷Æ±æ”£)","Kiyohime£®«Âºß£©","Lobotomy","LobotomyExtend","Marisa£®ÏF”Í°°ƒß¿Ì…≥£©","Minty Spire (QoL Compilation)","Remilia£®¿Ÿ√◊¿Ú—«£©","StSLib","The Bug Knight","Youmu£®ªÍ∆«—˝√Œ£©","[IsaacMod]“‘»ˆº‚À˛"],"gold_per_floor":[114,137,153,162,186,186,238,238,319,319,355,382,404,454,454,587,587,606,627,627,657,186,229,229,268,344,374,374,421,445,445,454,587,596,596,659,684,707,731,774,774,774,797,818,511,511,188,221,221,221,221],"floor_reached":52,"playtime":2295,"items_purged":["Injury"],"score":1122,"play_id":"4b282d5c-a1f3-477f-b73a-b38dde546772","local_time":"20210106233130","is_ascension_mode":true,"campfire_choices":[{"data":"6A","floor":6,"key":"SMITH"},{"data":"SatelliteIllusion","floor":8,"key":"SMITH"},{"data":"UpSweep","floor":10,"key":"SMITH"},{"data":"JA","floor":15,"key":"SMITH"},{"floor":24,"key":"REST"},{"floor":28,"key":"REST"},{"floor":32,"key":"REST"},{"floor":41,"key":"REST"},{"floor":49,"key":"REST"}],"circlet_count":0,"master_deck":["Strike_MRS","Strike_MRS","Strike_MRS","Strike_MRS","Defend_MRS","Defend_MRS","Defend_MRS","Defend_MRS","MasterSpark","UpSweep+1","6A+1","SatelliteIllusion+1","GalacticHalo","DarkMatter","JA+1","MillisecondPulsars","NonDirectionalLaser","Acceleration","MachineGunSpark","DoubleSpark","EnergyRecoil+1","UltimateShortwave","CollectingQuirk","Master of Strategy"],"relics":["MiniHakkero","HushsDoor","CeramicFish","BookOfRevelations","Bronze Scales","Golden Idol","LetterFromLob","Art of War","BreadOfAWashokuLover","Dream Catcher","Bag of Marbles","Busted Crown","Bottled Lightning","Juzu Bracelet","HandmadeGrimoire","Ancient Tea Set","BelialBook","Toy Ornithopter","RampagingMagicTools","InspiredRelic","Leech","Meat on the Bone","Regal Pillow","Membership Card","HollowMod:PaleOreRelic","InkBottle","Oddly Smooth Stone","PreservedInsect"],"acts_visited":["Exordium","TheCity","TheBeyond"],"potions_floor_usage":[7,11,16,20,27,29,33,40,50,50],"damage_taken":[{"damage":0,"enemies":"Cultist","floor":1,"turns":3},{"damage":2,"enemies":"Jaw Worm","floor":3,"turns":3},{"damage":7,"enemies":"Small Slimes","floor":5,"turns":3},{"damage":4,"enemies":"3 Sentries","floor":7,"turns":7},{"damage":14,"enemies":"Lagavulin","floor":11,"turns":5},{"damage":13,"enemies":"Exordium Wildlife","floor":12,"turns":5},{"damage":0,"enemies":"Large Slime","floor":13,"turns":5},{"damage":4,"enemies":"3 Sentries","floor":14,"turns":7},{"damage":25,"enemies":"Hexaghost","floor":16,"turns":11},{"damage":14,"enemies":"Chosen","floor":18,"turns":3},{"damage":20,"enemies":"Shell Parasite","floor":19,"turns":4},{"damage":0,"enemies":"Centurion and Healer","floor":20,"turns":1},{"damage":0,"enemies":"Sentry and Sphere","floor":21,"turns":5},{"damage":32,"enemies":"Gremlin Leader","floor":23,"turns":7},{"damage":26,"enemies":"Book of Stabbing","floor":25,"turns":4},{"damage":22,"enemies":"Shelled Parasite and Fungi","floor":27,"turns":1},{"damage":0,"enemies":"Slavers","floor":29,"turns":1},{"damage":17,"enemies":"Snecko","floor":30,"turns":4},{"damage":14,"enemies":"Champ","floor":33,"turns":11},{"damage":40,"enemies":"2 Orb Walkers","floor":36,"turns":4},{"damage":33,"enemies":"3 Shapes","floor":37,"turns":4},{"damage":0,"enemies":"3 Darklings","floor":38,"turns":2},{"damage":1,"enemies":"4 Shapes","floor":39,"turns":3},{"damage":13,"enemies":"Giant Head","floor":40,"turns":6},{"damage":0,"enemies":"Spire Growth","floor":44,"turns":3},{"damage":0,"enemies":"Reptomancer","floor":48,"turns":2},{"damage":48,"enemies":"Awakened One","floor":50,"turns":8}],"seed_played":"5858141297364843844","potions_obtained":[{"floor":1,"key":"Energy Potion"},{"floor":7,"key":"PowerPotion"},{"floor":12,"key":"Weak Potion"},{"floor":14,"key":"FairyPotion"},{"floor":18,"key":"ShroomBrew"},{"floor":25,"key":"BlessingOfTheForge"},{"floor":27,"key":"Strength Potion"},{"floor":30,"key":"SteroidPotion"},{"floor":37,"key":"SmokeBomb"},{"floor":39,"key":"AttackPotion"}],"is_trial":false,"path_per_floor":["M","T","M","?","M","R","E","R","T","R","E","M","M","E","R","B",null,"M","M","M","M","$","E","R","E","T","M","R","E","M","?","R","B",null,"M","?","M","M","M","E","R","?","T","M","$","?","$","E","R","B",null,null],"character_chosen":"MARISA","items_purchased":["Bottled Lightning","Juzu Bracelet","CollectingQuirk","Membership Card","HollowMod:PaleOreRelic","ChaosCard","InkBottle","Oddly Smooth Stone","ColorlessPotion","Fire Potion","Master of Strategy"],"campfire_rested":5,"item_purchase_floors":[22,22,34,45,45,45,47,47,47,47,47],"current_hp_per_floor":[75,75,73,73,66,66,62,62,62,62,48,35,36,37,37,12,75,61,41,42,42,42,10,32,6,6,12,34,34,17,17,39,30,72,72,32,2,4,6,4,25,25,25,40,40,40,40,41,68,35,35],"gold":221,"neow_bonus":"RANDOM_COMMON_RELIC","is_daily":false,"chose_seed":false,"campfire_upgraded":4,"win_rate":0.0,"timestamp":1609947090,"path_taken":["M","?","M","?","M","R","E","R","T","R","E","M","M","E","R","BOSS","M","M","?","M","$","E","R","E","T","M","R","E","M","?","R","BOSS","M","?","M","M","M","E","R","?","T","M","$","?","$","E","R","BOSS"],"items_purchased_type":["Relic","Relic","Card","Relic","Relic","Card","Relic","Relic","Potion","Potion","Card"],"build_version":"2020-12-22","purchased_purges":1,"victory":true,"max_hp_per_floor":[75,75,75,75,75,75,75,75,75,75,75,75,75,75,75,75,75,75,75,75,75,75,75,75,75,75,75,75,75,75,75,75,75,72,72,72,72,72,72,72,72,68,68,68,68,68,68,68,68,68,68],"card_choices":[{"not_picked":["MilkyWay","WitchLeyline","6A"],"picked":"SKIP","floor":1},{"not_picked":["DC","LuminesStrike","PowerUp"],"picked":"SKIP","floor":3},{"not_picked":["GalacticHalo","ManaConvection"],"picked":"6A","floor":5},{"not_picked":["MysteriousBeam","GasGiant"],"picked":"SatelliteIllusion","floor":7},{"not_picked":["GravityBeat","MilkyWay","StarlightTyphoon"],"picked":"SKIP","floor":11},{"not_picked":["LuminesStrike","SporeBomb"],"picked":"GalacticHalo","floor":12},{"not_picked":["EnergyRecoil","SuperPerseids"],"picked":"DarkMatter","floor":13},{"not_picked":["OrrerysSun","MachineGunSpark"],"picked":"JA","floor":14},{"not_picked":["BlazingStar","SuperNova"],"picked":"MillisecondPulsars","floor":16},{"not_picked":["MysteriousBeam"],"picked":"SKIP","floor":18},{"not_picked":["GrandCross"],"picked":"SKIP","floor":19},{"not_picked":[],"picked":"NonDirectionalLaser","floor":21},{"not_picked":[],"picked":"Acceleration","floor":23},{"not_picked":["ShootingEcho"],"picked":"SKIP","floor":25},{"not_picked":[],"picked":"MachineGunSpark","floor":27},{"not_picked":[],"picked":"DoubleSpark","floor":29},{"not_picked":["LuminesStrike"],"picked":"SKIP","floor":30},{"not_picked":[],"picked":"EnergyRecoil+1","floor":32},{"not_picked":[],"picked":"UltimateShortwave","floor":33},{"not_picked":["AsteroidBelt"],"picked":"SKIP","floor":37},{"not_picked":["AsteroidBelt+1"],"picked":"SKIP","floor":38},{"not_picked":["UnstableBomb+1"],"picked":"SKIP","floor":39},{"not_picked":["Orbital"],"picked":"SKIP","floor":40},{"not_picked":["DarkSpark"],"picked":"SKIP","floor":44},{"not_picked":["DragonMeteor"],"picked":"SKIP","floor":48}],"player_experience":788582,"relics_obtained":[{"floor":2,"key":"Bronze Scales"},{"floor":5,"key":"LetterFromLob"},{"floor":7,"key":"Art of War"},{"floor":9,"key":"BreadOfAWashokuLover"},{"floor":11,"key":"Dream Catcher"},{"floor":14,"key":"Bag of Marbles"},{"floor":23,"key":"HandmadeGrimoire"},{"floor":25,"key":"Ancient Tea Set"},{"floor":26,"key":"BelialBook"},{"floor":29,"key":"Toy Ornithopter"},{"floor":36,"key":"Leech"},{"floor":40,"key":"Meat on the Bone"},{"floor":43,"key":"Regal Pillow"},{"floor":48,"key":"PreservedInsect"}],"event_choices":[{"damage_healed":0,"gold_gain":0,"player_choice":"Take Wound","damage_taken":0,"relics_obtained":["Golden Idol"],"max_hp_gain":0,"max_hp_loss":0,"event_name":"Golden Idol","floor":4,"gold_loss":0,"cards_obtained":["Injury"]},{"damage_healed":0,"gold_gain":0,"player_choice":"Fight","damage_taken":0,"max_hp_gain":0,"max_hp_loss":0,"event_name":"Mysterious Sphere","floor":36,"gold_loss":0},{"damage_healed":0,"gold_gain":0,"player_choice":"Max HP","damage_taken":0,"max_hp_gain":0,"max_hp_loss":4,"event_name":"Winding Halls","floor":42,"gold_loss":0}],"is_beta":false,"boss_relics":[{"not_picked":["Runic Dome","Astrolabe"],"picked":"Busted Crown"},{"not_picked":[]},{"not_picked":["Runic Pyramid","Philosopher\u0027s Stone"],"picked":"RampagingMagicTools"},{"not_picked":[]}],"items_purged_floors":[22],"is_endless":false,"potions_floor_spawned":[1,7,12,14,18,20,25,27,30,37,39],"ascension_level":2}}