{"host":"dnd25fcf5l5puhl9","time":1609951947,"event":{"mods":["AchievementEnabler","Act Like it!","BaseMod","BetterRewards","Colored Map","Colored Powertips","Downfall","Infinite Spire","Marisa????????","Minty Spire (QoL Compilation)","Replay The Spire","StSLib","SuperFastMode"],"gold_per_floor":[128,163,11,11,11,72,72,133,157,202,253,286,286,339,339,487,587,633,662,662,622,669,727,727,727,751,751,809,855,855,855,917,959,959,1103,1103,1138,1169,1227,1262,774,774,834,934,934,961,1002,1002,1002,1047,1047,1183,1183,1231,1231,1253,1253,1262,1274,1288,1288,1288,1288,1343,1353,1387,729,729,845,845,871,880,880,880,880,904,904,913,913,913,913,913,939,951,951,1136,1136,1152,1310,1310,1010,1010,1074,1074,598,598,627,627,685,685,739,739,896,896,909,918,944,969,978,1091,1091,1091,1169,1276,1297,1309,349,349,349,349,349,553,553,575,575,642,690,789,789,384,470,488,554,554,408,408,408,437,437,437,618,618,720,720,929,929,938,1055,1055,1080,1089,1206,1337,1421,1584,1620,1620,1965,1965,1965,1491,1550,1940],"floor_reached":164,"playtime":11257,"items_purged":["Defend_MRS","Defend_MRS","Hallucinations","Strike_MRS","sneckomod:Bewildered"],"score":4495,"play_id":"f76f2439-1aa8-48c7-9769-79ccc2c6a438","local_time":"20210106145227","is_ascension_mode":false,"campfire_choices":[{"floor":13.0,"key":"REST"},{"data":"OortCloud","floor":15.0,"key":"SMITH"},{"data":"SprinkleStarSeal","floor":15.0,"key":"SMITH"},{"data":"TreasureHunter","floor":24.0,"key":"SMITH"},{"data":"PulseMagic","floor":24.0,"key":"SMITH"},{"data":"MasterSpark","floor":27.0,"key":"SMITH"},{"data":"MasterSpark","floor":27.0,"key":"SMITH"},{"floor":34.0,"key":"REST"},{"data":"EventHorizon","floor":42.0,"key":"SMITH"},{"data":"Acceleration","floor":42.0,"key":"SMITH"},{"data":"UpSweep","floor":51.0,"key":"SMITH"},{"data":"Pot Of Greed","floor":51.0,"key":"SMITH"},{"data":"CollectingQuirk","floor":61.0,"key":"SMITH"},{"data":"Pot Of Greed","floor":61.0,"key":"SMITH"},{"data":"Pot Of Greed","floor":68.0,"key":"SMITH"},{"data":"WitchOfGreed","floor":68.0,"key":"SMITH"},{"data":"MillisecondPulsars","floor":77.0,"key":"SMITH"},{"data":"infinitespire:NeuralNetwork","floor":77.0,"key":"SMITH"},{"data":"infinitespire:Starlight","floor":80.0,"key":"SMITH"},{"data":"WitchOfGreed","floor":80.0,"key":"SMITH"},{"floor":85.0,"key":"DIG"},{"data":"CollectingQuirk","floor":94,"key":"SMITH"},{"data":"ReplayTheSpireMod:Haul","floor":94,"key":"SMITH"},{"data":"Robbery","floor":98,"key":"SMITH"},{"data":"MagicAbsorber","floor":98,"key":"SMITH"},{"data":"OrrerysSun","floor":100,"key":"SMITH"},{"data":"DeepEcoloBomb","floor":100,"key":"SMITH"},{"data":"Regret","floor":116,"key":"PURGE"},{"floor":121,"key":"DIG"},{"data":"infinitespire:FutureSight","floor":129,"key":"SMITH"},{"data":"Strike_MRS","floor":129,"key":"SMITH"},{"data":"Pot Of Greed","floor":134,"key":"SMITH"},{"data":"Strike_MRS","floor":134,"key":"SMITH"},{"floor":140,"key":"RECALL"},{"data":"Pot Of Greed+1","floor":149,"key":"PURGE"},{"floor":157,"key":"DIG"},{"data":"expansioncontent:TimeRipple","floor":160,"key":"SMITH"},{"data":"Strike_MRS","floor":160,"key":"SMITH"}],"circlet_count":0,"master_deck":["Strike_MRS","Strike_MRS+6","Defend_MRS","Defend_MRS","MasterSpark+1","UpSweep+1","WitchOfGreed+1","SprinkleStarSeal+1","Robbery+1","PulseMagic+1","AsteroidBelt+1","OortCloud+1","EventHorizon+1","TreasureHunter+1","OortCloud+1","MagicAbsorber+1","DeepEcoloBomb+1","OrrerysSun+1","Acceleration+1","Pot Of Greed+1","PropBag+1","CollectingQuirk+1","Pot Of Greed+1","WitchOfGreed+1","MillisecondPulsars+1","infinitespire:Starlight+1","infinitespire:NeuralNetwork+1","CollectingQuirk+1","ReplayTheSpireMod:Haul+1","infinitespire:FutureSight+1","EnergyRecoil+1","Clumsy","Pot Of Greed+1","expansioncontent:TimeRipple+1"],"relics":["Calipers","Lee\u0027s Waffle","Simple Rune","ReplayTheSpireMod:TigerMarble","ReplayFunnel","Replay:Arrowhead","Replay:Wanted Poster","Bronze Scales","Gremlin Horn","Strawberry","ReplayTheSpireMod:Shallot","Happy Flower","Replay:Towering Pillar of Hats","Philosopher\u0027s Stone","AmplifyWand","Oddly Smooth Stone","Bag of Marbles","Vajra","Anchor","Grinning Jar","MagicBroom","SlaversCollar","HandmadeGrimoire","Bottled Flame","infinitespire:EmpoweringShard","Regal Pillow","Replay:WaspNest","infinitespire:Satchel","Bottled Tornado","Omamori","Medical Kit","Question Card","Cursed Key","MutagenicStrength","Replay:Wax Seal","Gremlin Food","ReplayTheSpireMod:Ring of Challenge","Nunchaku","Meat on the Bone","Black Star","Ginger","Bird Faced Urn","Centennial Puzzle","Replay:Bandana","Replay:Multitool","Bag of Preparation","Art of War","Replay:Mystery Machine","Replay:Lucky Slots","Quantum Egg","War Paint","CeramicFish","Blood Vial","Pocketwatch","infinitespire:Lucky Rock","Whetstone","Boot","Garlic","MawBank","Incense Burner","Pocketwatch","Counterbalance","SimpleLauncher","infinitespire:Broken Mirror","m_SpellCore","Lantern","Unceasing Top","Red Mask","Singing Bowl","Toxic Egg 2","infinitespire:Lychee Nut","Mirror","Juzu Bracelet","Snack Pack","Gambling Chip","infinitespire:Beetle Shell","PreservedInsect","Dream Catcher","BreadOfAWashokuLover","infinitespire:CheckeredPen","infinitespire:Midas Blood","Pen Nib","Tiny Chest","Orichalcum","InkBottle","Blue Doll","Ancient Tea Set","infinitespire:Beetle Shell","Replay:Accelerometer","Replay:Baseball"],"acts_visited":["Exordium","TheCity","TheBeyond","Exordium","TheCity","TheBeyond","Exordium","TheCity","TheBeyond","TheEnding"],"potions_floor_usage":[163],"damage_taken":[{"damage":1.0,"enemies":"Cultist","floor":1.0,"turns":4.0},{"damage":0.0,"enemies":"Small Slimes","floor":2.0,"turns":3.0},{"damage":10.0,"enemies":"Lagavulin","floor":6.0,"turns":6.0},{"damage":16.0,"enemies":"infinitespire:Voidling","floor":8.0,"turns":4.0},{"damage":10.0,"enemies":"2 Fungi Beasts","floor":10.0,"turns":5.0},{"damage":19.0,"enemies":"Lots of Slimes","floor":11.0,"turns":4.0},{"damage":0.0,"enemies":"Large Slime","floor":12.0,"turns":4.0},{"damage":10.0,"enemies":"Gremlin Nob","floor":14.0,"turns":5.0},{"damage":0.0,"enemies":"Fading Forest","floor":16.0,"turns":11.0},{"damage":2.0,"enemies":"Chosen","floor":18.0,"turns":5.0},{"damage":0.0,"enemies":"Shell Parasite","floor":19.0,"turns":6.0},{"damage":2.0,"enemies":"Chosen and Byrds","floor":22.0,"turns":9.0},{"damage":7.0,"enemies":"Gremlin Leader","floor":23.0,"turns":11.0},{"damage":26.0,"enemies":"Nightmare","floor":28.0,"turns":12.0},{"damage":0.0,"enemies":"Snecko","floor":29.0,"turns":5.0},{"damage":21.0,"enemies":"Gremlin Leader","floor":32.0,"turns":7.0},{"damage":0.0,"enemies":"Cultist and Chosen","floor":33.0,"turns":8.0},{"damage":5.0,"enemies":"Champ","floor":35.0,"turns":13.0},{"damage":7.0,"enemies":"Orb Walker","floor":37.0,"turns":2.0},{"damage":0.0,"enemies":"3 Shapes","floor":38.0,"turns":4.0},{"damage":4.0,"enemies":"Transient","floor":39.0,"turns":5.0},{"damage":0.0,"enemies":"3 Darklings","floor":40.0,"turns":7.0},{"damage":0.0,"enemies":"Spire Growth","floor":43.0,"turns":5.0},{"damage":0.0,"enemies":"R_Hoarder","floor":44.0,"turns":9.0},{"damage":0.0,"enemies":"Writhing Mass","floor":46.0,"turns":3.0},{"damage":0.0,"enemies":"Maw","floor":47.0,"turns":7.0},{"damage":0.0,"enemies":"3 Darklings","floor":50.0,"turns":4.0},{"damage":3.0,"enemies":"Replay:Hell Engine","floor":52.0,"turns":11.0},{"damage":0.0,"enemies":"Jaw Worm","floor":54.0,"turns":2.0},{"damage":0.0,"enemies":"2 Louse","floor":56.0,"turns":1.0},{"damage":0.0,"enemies":"Small Slimes","floor":58.0,"turns":1.0},{"damage":0.0,"enemies":"Exordium Thugs","floor":59.0,"turns":1.0},{"damage":0.0,"enemies":"3 Louse","floor":60.0,"turns":1.0},{"damage":0.0,"enemies":"Nightmare","floor":64.0,"turns":7.0},{"damage":0.0,"enemies":"Gremlin Gang","floor":65.0,"turns":1.0},{"damage":0.0,"enemies":"Lagavulin","floor":66.0,"turns":3.0},{"damage":0.0,"enemies":"Hexaghost","floor":69.0,"turns":1.0},{"damage":0.0,"enemies":"3 Byrds","floor":71.0,"turns":1.0},{"damage":0.0,"enemies":"Chosen","floor":72.0,"turns":1.0},{"damage":0.0,"enemies":"Nightmare","floor":76.0,"turns":1.0},{"damage":0.0,"enemies":"Snecko","floor":78.0,"turns":1.0},{"damage":0.0,"enemies":"Slavers","floor":83.0,"turns":1.0},{"damage":0.0,"enemies":"Shelled Parasite and Fungi","floor":84.0,"turns":1.0},{"damage":8.0,"enemies":"Champ","floor":86.0,"turns":2.0},{"damage":0.0,"enemies":"3 Shapes","floor":88.0,"turns":1.0},{"damage":0.0,"enemies":"infinitespire:Three Voidlings","floor":89.0,"turns":1.0},{"damage":109.0,"enemies":"Nightmare_Alpha","floor":89.0,"turns":4.0},{"damage":0,"enemies":"R_Hoarder","floor":93,"turns":2},{"damage":0,"enemies":"Orb Walker","floor":97,"turns":1},{"damage":0,"enemies":"Nightmare","floor":99,"turns":1},{"damage":0,"enemies":"Maw","floor":101,"turns":1},{"damage":0,"enemies":"Donu and Deca","floor":103,"turns":1},{"damage":0,"enemies":"2 Louse","floor":105,"turns":1},{"damage":0,"enemies":"Small Slimes","floor":107,"turns":1},{"damage":0,"enemies":"Cultist","floor":108,"turns":1},{"damage":74,"enemies":"3 Sentries","floor":110,"turns":1},{"damage":5,"enemies":"Gremlin Nob","floor":113,"turns":2},{"damage":0,"enemies":"Slime Boss","floor":122,"turns":3},{"damage":0,"enemies":"Shell Parasite","floor":124,"turns":1},{"damage":0,"enemies":"Spheric Guardian","floor":126,"turns":1},{"damage":0,"enemies":"Masked Bandits","floor":127,"turns":1},{"damage":0,"enemies":"3 Cultists","floor":128,"turns":2},{"damage":0,"enemies":"Cultist and Chosen","floor":131,"turns":1},{"damage":0,"enemies":"Nightmare_Alpha","floor":133,"turns":6},{"damage":0,"enemies":"Snecko","floor":138,"turns":1},{"damage":0,"enemies":"Champ","floor":141,"turns":4},{"damage":0,"enemies":"Orb Walker","floor":143,"turns":1},{"damage":0,"enemies":"R_Hoarder","floor":148,"turns":3},{"damage":0,"enemies":"3 Shapes","floor":150,"turns":1},{"damage":0,"enemies":"Maw","floor":152,"turns":1},{"damage":8,"enemies":"Nightmare_Alpha","floor":153,"turns":5},{"damage":0,"enemies":"3 Darklings","floor":154,"turns":1},{"damage":0,"enemies":"R_Hoarder","floor":155,"turns":3},{"damage":0,"enemies":"Writhing Mass","floor":156,"turns":1},{"damage":0,"enemies":"infinitespire:LordOfFortification","floor":158,"turns":5},{"damage":0,"enemies":"Shield and Spear","floor":162,"turns":1},{"damage":12,"enemies":"The Heart","floor":163,"turns":5}],"seed_played":"2388602746322804326","potions_obtained":[{"floor":1.0,"key":"Adrenaline Potion"},{"floor":2.0,"key":"AttackPotion"},{"floor":6.0,"key":"Elixir"},{"floor":6.0,"key":"FairyPotion"},{"floor":8.0,"key":"Explosive Potion"},{"floor":10.0,"key":"Fire Potion"},{"floor":10.0,"key":"champ:CounterPotion"},{"floor":16.0,"key":"StarNLove"},{"floor":28.0,"key":"SpeedPotion"},{"floor":33.0,"key":"Fire Potion"},{"floor":38.0,"key":"DistilledChaos"},{"floor":46.0,"key":"infinitespire:BlackPotion"},{"floor":52.0,"key":"Guardian:BlockOnCardUsePotion"},{"floor":63.0,"key":"CultistPotion"},{"floor":89,"key":"SteroidPotion"},{"floor":89,"key":"Weak Potion"},{"floor":93,"key":"Flashbang"}],"is_trial":false,"path_per_floor":["M","M","$","?","$","E","?","M","T","M","M","M","R","E","R","B",null,"M","M","$","?","M","E","R","?","T","R","NM","M","PTL","PTL","E","M","R","B",null,"M","M","M","M","$","R","M","E","T","M","M","?","AVR","M","R","B",null,"M","?","M","AVR","M","M","M","R","T","?","NM","M","E","$","R","B",null,"M","M","?","?","?","NM","R","M","T","R","?","?","E","M","R_BF","B",null,"M","?","?","$","AVR","E","R","$","T","M","R","NM","R","M","R_BF","B",null,"M","AVR","M","M","?","E","PTL","PTL","E","R","T","R","$","?","R","?","R","B",null,"M","?","M","?","M","R","$","M","T","NM","R","$","PTL","PTL","M","AVR","R","B",null,"M","AVR","?","?","?","E","R","M","T","M","NM","M","E","M","R_BF","B",null,"R","$","E","B",null],"character_chosen":"MARISA","items_purchased":["WitchOfGreed","Lee\u0027s Waffle","Simple Rune","ReplayTheSpireMod:TigerMarble","AmplifyWand","Oddly Smooth Stone","Omamori","Medical Kit","Question Card","Bird Faced Urn","Art of War","Replay:Mystery Machine","Replay:Lucky Slots","Counterbalance","SimpleLauncher","infinitespire:Broken Mirror","Singing Bowl","Juzu Bracelet","Ancient Tea Set","infinitespire:Beetle Shell"],"campfire_rested":2,"item_purchase_floors":[0,0,0,3,41,41,67,67,67,91,95,95,95,117,117,117,130,135,161,161],"current_hp_per_floor":[81,81,81,81,81,71,71,55,55,45,26,26,50,40,40,50,82,80,80,80,80,78,71,71,71,78,78,52,52,52,52,31,31,57,52,89,82,82,78,78,78,78,78,82,82,82,82,82,82,82,82,79,89,89,89,89,89,89,89,89,89,89,89,89,89,89,89,89,89,89,89,89,66,66,66,66,66,66,66,66,49,49,49,49,49,53,94,94,32,32,32,32,55,55,55,55,57,57,61,61,65,65,73,99,99,99,99,99,99,37,37,37,61,37,37,37,37,37,37,30,30,63,99,99,99,99,99,99,99,99,101,101,77,77,77,77,77,79,79,79,81,81,83,83,65,65,59,91,91,93,93,95,95,99,101,103,103,105,105,105,105,107,106],"gold":1940,"neow_bonus":"","is_daily":false,"chose_seed":false,"campfire_upgraded":30,"win_rate":0.0,"timestamp":1609951947,"path_taken":["M","?","$","?","?","E","?","M","T","M","?","M","R","E","R","BOSS","M","M","?","?","?","E","R","?","T","R","NM","M","PTL","PTL","E","M","R","BOSS","M","M","M","M","$","R","M","E","T","M","M","?","AVR","M","R","BOSS","M","?","?","AVR","M","M","M","R","T","?","NM","M","E","$","R","BOSS","M","?","?","?","?","NM","R","?","T","R","?","?","E","M","R_BF","BOSS","M","?","?","?","AVR","E","R","$","T","M","R","NM","R","M","R_BF","BOSS","M","AVR","M","M","?","E","PTL","PTL","E","R","T","R","$","?","R","?","R","BOSS","M","?","M","?","M","R","$","M","T","NM","R","?","PTL","PTL","M","AVR","R","BOSS","M","AVR","?","?","?","E","R","M","T","M","NM","M","E","M","R_BF","BOSS","R","$","E","BOSS"],"items_purchased_type":["Card","Relic","Relic","Relic","Relic","Relic","Relic","Relic","Relic","Relic","Relic","Relic","Relic","Relic","Relic","Relic","Relic","Relic","Relic","Relic"],"build_version":"2020-12-22","purchased_purges":5,"victory":true,"max_hp_per_floor":[82,82,82,82,82,82,82,82,82,82,82,82,82,82,82,82,82,82,82,82,82,82,82,82,82,89,89,89,89,89,89,89,89,89,89,89,89,89,89,89,89,89,89,89,89,89,89,89,89,89,89,89,89,89,89,89,89,89,89,89,89,89,89,89,89,89,89,89,89,89,89,89,89,89,89,89,89,89,89,89,94,94,94,94,94,94,94,94,99,99,99,99,99,99,99,99,99,99,99,99,99,99,99,99,99,99,99,99,99,99,99,99,99,99,99,99,99,99,99,99,99,99,99,99,99,99,99,99,99,99,101,101,77,77,77,77,77,79,79,79,81,81,83,83,85,85,89,91,91,93,93,95,97,99,101,103,103,105,105,105,105,107,109],"card_choices":[{"not_picked":["Acceleration","MagicAbsorber"],"picked":"SprinkleStarSeal","floor":1.0},{"not_picked":["GravityBeat","ShootingEcho"],"picked":"Robbery","floor":2.0},{"not_picked":["GalacticHalo","NonDirectionalLaser"],"picked":"PulseMagic","floor":6.0},{"not_picked":["WitchOfGreed","GravityBeat","MachineGunSpark"],"picked":"SKIP","floor":8.0},{"not_picked":["EnergyFlow","MilkyWay"],"picked":"AsteroidBelt","floor":10.0},{"not_picked":["AsteroidBelt","SporeBomb","MeteoricShower"],"picked":"SKIP","floor":11.0},{"not_picked":["WitchOfGreed","IllusionStar"],"picked":"OortCloud","floor":12.0},{"not_picked":["SprinkleStarSeal","DoubleSpark"],"picked":"EventHorizon","floor":14.0},{"not_picked":["EscapeVelocity","MaximisePower"],"picked":"TreasureHunter","floor":16.0},{"not_picked":["ChargeUpSpray","PowerUp"],"picked":"OortCloud","floor":18.0},{"not_picked":["PowerUp","IllusionStar+1"],"picked":"MagicAbsorber","floor":19.0},{"not_picked":["NonDirectionalLaser","MysteriousBeam+1","BlazeAway"],"picked":"SKIP","floor":22.0},{"not_picked":["PowerUp","LuminesStrike","MaximisePower"],"picked":"SKIP","floor":23.0},{"not_picked":["6A","MachineGunSpark+1","GrandCross+1"],"picked":"SKIP","floor":28.0},{"not_picked":["6A","MachineGunSpark+1","GrandCross+1"],"picked":"SKIP","floor":28.0},{"not_picked":["DoubleSpark","ChargingUp","IllusionStar"],"picked":"SKIP","floor":29.0},{"not_picked":["EarthLightRay+1","DC","StarDustReverie"],"picked":"SKIP","floor":32.0},{"not_picked":["GasGiant","UnstableBomb"],"picked":"DeepEcoloBomb","floor":33.0},{"not_picked":["MagicAbsorber","GrandCross+1","MagicChant+1"],"picked":"SKIP","floor":37.0},{"not_picked":["ShootingEcho","MeteoricShower+1","LuminesStrike+1"],"picked":"SKIP","floor":38.0},{"not_picked":["PowerUp","MysteriousBeam"],"picked":"OrrerysSun","floor":39.0},{"not_picked":["MagicAbsorber+1","DoubleSpark+1"],"picked":"Acceleration","floor":40.0},{"not_picked":["EventHorizon+1","LuminesStrike","RefractionSpark"],"picked":"SKIP","floor":43.0},{"not_picked":["PowerUp+1","IllusionStar+1","ChargingUp+1"],"picked":"SKIP","floor":44.0},{"not_picked":["MilkyWay+1","MeteoricShower","MachineGunSpark+1"],"picked":"SKIP","floor":46.0},{"not_picked":["LuminesStrike","DC","ShootingEcho"],"picked":"SKIP","floor":47.0},{"not_picked":["MaximisePower","DC"],"picked":"PropBag+1","floor":50.0},{"not_picked":["MaximisePower","SuperNova"],"picked":"CollectingQuirk","floor":52.0},{"not_picked":["MachineGunSpark","GrandCross","GalacticHalo"],"picked":"SKIP","floor":54.0},{"not_picked":["OneTimeOff","NonDirectionalLaser","MachineGunSpark"],"picked":"SKIP","floor":56.0},{"not_picked":["GalacticHalo","GrandCross"],"picked":"WitchOfGreed","floor":58.0},{"not_picked":["LuminesStrike","DC","TreasureHunter"],"picked":"SKIP","floor":59.0},{"not_picked":["GravityBeat","MachineGunSpark","PowerUp"],"picked":"SKIP","floor":60.0},{"not_picked":["IllusionStar","StarBarrage","BlazingStar"],"picked":"SKIP","floor":64.0},{"not_picked":["SporeBomb","6A","PowerUp"],"picked":"SKIP","floor":65.0},{"not_picked":["6A","SuperPerseids","WitchOfGreed"],"picked":"SKIP","floor":66.0},{"not_picked":["ManaRampage","EscapeVelocity","BlazingStar"],"picked":"MillisecondPulsars","floor":69.0},{"not_picked":["SporeBomb","IllusionStar+1","GasGiant","AsteroidBelt"],"picked":"SKIP","floor":71.0},{"not_picked":["DC","ShootingEcho","BinaryStars","MilkyWay"],"picked":"SKIP","floor":72.0},{"not_picked":["infinitespire:Menacing","ReplayTheSpireMod:Echoes of Time"],"picked":"infinitespire:Starlight","floor":73.0},{"not_picked":["infinitespire:SealOfDarkness+","infinitespire:Execution"],"picked":"infinitespire:NeuralNetwork","floor":76.0},{"not_picked":["DeepEcoloBomb","UnstableBomb","MysteriousBeam","NonDirectionalLaser"],"picked":"SKIP","floor":76.0},{"not_picked":["PropBag","SporeBomb","MeteoricShower","BinaryStars"],"picked":"SKIP","floor":78.0},{"not_picked":["MysteriousBeam+1","JA","GrandCross"],"picked":"CollectingQuirk","floor":83.0},{"not_picked":["EventHorizon","Singularity","GravityBeat+1","FairyDestructionRay+1"],"picked":"SKIP","floor":84.0},{"not_picked":["OpenUniverse+1","MachineGunSpark+1","MilkyWay","SporeBomb"],"picked":"SKIP","floor":88.0},{"not_picked":["ReplayTheSpireMod:??????????????????????","infinitespire:SealOfDarkness+"],"picked":"ReplayTheSpireMod:Haul","floor":89},{"not_picked":["6A","BlazingStar","AsteroidBelt","PulseMagic"],"picked":"SKIP","floor":93},{"not_picked":["MysteriousBeam","DragonMeteor","MagicChant","ShootingEcho"],"picked":"SKIP","floor":97},{"not_picked":["IllusionStar+1","MysteriousBeam+1","NonDirectionalLaser","DoubleSpark"],"picked":"SKIP","floor":99},{"not_picked":["GalacticHalo+1","NonDirectionalLaser+1","ShootingEcho+1","DarkSpark+1"],"picked":"SKIP","floor":101},{"not_picked":["LuminesStrike","Orbital","AsteroidBelt","GrandCross"],"picked":"SKIP","floor":105},{"not_picked":["infinitespire:Punishment","ReplayTheSpireMod:Chaos Vortex"],"picked":"infinitespire:FutureSight","floor":106},{"not_picked":["StarBarrage","MysteriousBeam","AsteroidBelt","ShootTheMoon"],"picked":"SKIP","floor":107},{"not_picked":["UnstableBomb","DragonMeteor","GasGiant","SuperNova"],"picked":"SKIP","floor":108},{"not_picked":["AlicesGift","WitchLeyline","GasGiant","RefractionSpark"],"picked":"SKIP","floor":110},{"not_picked":["EscapeVelocity","IllusionStar","UnstableBomb","WitchOfGreed"],"picked":"SKIP","floor":113},{"not_picked":["AsteroidBelt","NonDirectionalLaser+1","Acceleration","WitchOfGreed+1"],"picked":"SKIP","floor":124},{"not_picked":["DragonMeteor+1","MilkyWay","GalacticHalo+1","AsteroidBelt"],"picked":"SKIP","floor":126},{"not_picked":["SporeBomb","6A","OortCloud"],"picked":"EnergyRecoil+1","floor":127},{"not_picked":["UnstableBomb+1","Acceleration","ShootTheMoon","ShootingEcho+1"],"picked":"SKIP","floor":128},{"not_picked":["AlicesGift","MysteriousBeam","WitchOfGreed+1","Acceleration"],"picked":"Singing Bowl","floor":131},{"not_picked":["infinitespire:Execution","ReplayTheSpireMod:Haul","Replay:Fractal Strike"],"picked":"Singing Bowl","floor":133},{"not_picked":["EarthLightRay+1","MysteriousBeam","BlazeAway+1","Acceleration+1"],"picked":"SKIP","floor":133},{"not_picked":["PowerUp+1","WitchLeyline","OrrerysSun","StarBarrage+1"],"picked":"Singing Bowl","floor":138},{"not_picked":["MaximisePower+1","StarDustReverie+1","SatelliteIllusion","CollectingQuirk"],"picked":"Singing Bowl","floor":141},{"not_picked":["Orbital+1","IllusionStar+1","PowerUp+1","UnstableBomb"],"picked":"Singing Bowl","floor":143},{"not_picked":["WitchOfGreed+1","ManaConvection+1","GalacticHalo+1","DC+1"],"picked":"Singing Bowl","floor":145},{"not_picked":["Replay:SS_hec_4","expansioncontent:FaceSlap","Dark Shackles+1","expansioncontent:Chronoboost"],"picked":"Singing Bowl","floor":147},{"not_picked":["expansioncontent:ChargeUp+1","Replay:SS_hec_1","Discovery+1","expansioncontent:PrepareCrush+1"],"picked":"Singing Bowl","floor":147},{"not_picked":["Replay:Parry","expansioncontent:Collect","Sadistic Nature"],"picked":"expansioncontent:TimeRipple","floor":147},{"not_picked":["NonDirectionalLaser","RefractionSpark+1","PulseMagic+1","6A+1"],"picked":"Singing Bowl","floor":148},{"not_picked":["GalacticHalo+1","MeteoricShower+1","GravityBeat+1","PulseMagic+1"],"picked":"Singing Bowl","floor":150},{"not_picked":["IllusionStar+1","StarDustReverie+1","PowerUp+1","WitchLeyline"],"picked":"Singing Bowl","floor":152},{"not_picked":["AbsoluteMagnitude","GravityBeat","MagicAbsorber+1","AsteroidBelt+1"],"picked":"Singing Bowl","floor":153},{"not_picked":["PowerUp+1","6A+1","WitchOfGreed","Acceleration+1"],"picked":"Singing Bowl","floor":154},{"not_picked":["SprinkleStarSeal+1","CollectingQuirk","MilkyWay+1","LuminesStrike"],"picked":"Singing Bowl","floor":155},{"not_picked":["ShootTheMoon","MachineGunSpark","AsteroidBelt+1","WitchOfGreed"],"picked":"Singing Bowl","floor":156},{"not_picked":["StarDustReverie+1","CasketOfStar","EscapeVelocity","TreasureHunter"],"picked":"Singing Bowl","floor":158},{"not_picked":["Singularity","WitchLeyline","EnergyRecoil+1","IllusionStar+1"],"picked":"Singing Bowl","floor":162},{"not_picked":["UltimateShortwave+1","BinaryStars+1","SatelliteIllusion","BigCrunch+1"],"picked":"Singing Bowl","floor":163}],"player_experience":508541,"relics_obtained":[{"floor":6.0,"key":"ReplayFunnel"},{"floor":14.0,"key":"Replay:Arrowhead"},{"floor":23.0,"key":"Bronze Scales"},{"floor":23.0,"key":"Gremlin Horn"},{"floor":26.0,"key":"Strawberry"},{"floor":28.0,"key":"ReplayTheSpireMod:Shallot"},{"floor":32.0,"key":"Happy Flower"},{"floor":35.0,"key":"Replay:Towering Pillar of Hats"},{"floor":44.0,"key":"Bag of Marbles"},{"floor":44.0,"key":"Vajra"},{"floor":45.0,"key":"Anchor"},{"floor":52.0,"key":"MagicBroom"},{"floor":55.0,"key":"HandmadeGrimoire"},{"floor":62.0,"key":"infinitespire:EmpoweringShard"},{"floor":64.0,"key":"Regal Pillow"},{"floor":64.0,"key":"Replay:WaspNest"},{"floor":66.0,"key":"infinitespire:Satchel"},{"floor":66.0,"key":"Bottled Tornado"},{"floor":76.0,"key":"Replay:Wax Seal"},{"floor":79.0,"key":"Gremlin Food"},{"floor":82.0,"key":"ReplayTheSpireMod:Ring of Challenge"},{"floor":83.0,"key":"Nunchaku"},{"floor":85.0,"key":"Meat on the Bone"},{"floor":89,"key":"Ginger"},{"floor":93,"key":"Replay:Bandana"},{"floor":93,"key":"Replay:Multitool"},{"floor":93,"key":"Bag of Preparation"},{"floor":96,"key":"Quantum Egg"},{"floor":99,"key":"War Paint"},{"floor":99,"key":"CeramicFish"},{"floor":99,"key":"Blood Vial"},{"floor":110,"key":"Whetstone"},{"floor":110,"key":"Boot"},{"floor":113,"key":"Garlic"},{"floor":113,"key":"MawBank"},{"floor":113,"key":"Incense Burner"},{"floor":115,"key":"Pocketwatch"},{"floor":121,"key":"Lantern"},{"floor":122,"key":"Unceasing Top"},{"floor":127,"key":"Red Mask"},{"floor":132,"key":"Toxic Egg 2"},{"floor":133,"key":"infinitespire:Lychee Nut"},{"floor":133,"key":"Mirror"},{"floor":141,"key":"Gambling Chip"},{"floor":148,"key":"PreservedInsect"},{"floor":148,"key":"Dream Catcher"},{"floor":148,"key":"BreadOfAWashokuLover"},{"floor":151,"key":"infinitespire:CheckeredPen"},{"floor":153,"key":"infinitespire:Midas Blood"},{"floor":153,"key":"Pen Nib"},{"floor":155,"key":"Tiny Chest"},{"floor":155,"key":"Orichalcum"},{"floor":155,"key":"InkBottle"},{"floor":157,"key":"Blue Doll"},{"floor":162,"key":"Replay:Accelerometer"},{"floor":162,"key":"Replay:Baseball"}],"event_choices":[{"cards_removed":["Strike_MRS"],"damage_healed":0.0,"max_hp_gain":0.0,"max_hp_loss":0.0,"gold_gain":0.0,"event_name":"Bonfire Elementals","player_choice":"Offered Basic","floor":4.0,"gold_loss":0.0,"damage_taken":0.0},{"damage_healed":0.0,"max_hp_gain":0.0,"max_hp_loss":0.0,"gold_gain":0.0,"event_name":"Match and Keep!","player_choice":"1 cards matched","floor":7.0,"gold_loss":0.0,"damage_taken":0.0,"cards_obtained":["MasterSpark"]},{"damage_healed":0.0,"max_hp_gain":0.0,"max_hp_loss":0.0,"gold_gain":0.0,"event_name":"Designer","player_choice":"Upgrade","floor":21.0,"gold_loss":40.0,"damage_taken":0.0,"cards_upgraded":["OortCloud"]},{"damage_healed":0.0,"max_hp_gain":0.0,"max_hp_loss":0.0,"gold_gain":0.0,"event_name":"Beggar","player_choice":"Ignored","floor":25.0,"gold_loss":0.0,"damage_taken":0.0},{"damage_healed":0.0,"max_hp_gain":0.0,"max_hp_loss":0.0,"gold_gain":0.0,"event_name":"Match and Keep!","player_choice":"0 cards matched","floor":48.0,"gold_loss":0.0,"damage_taken":0.0,"cards_obtained":[]},{"damage_healed":0.0,"max_hp_gain":0.0,"max_hp_loss":0.0,"gold_gain":0.0,"event_name":"Wheel of Change","player_choice":"Relic","floor":55.0,"gold_loss":0.0,"damage_taken":0.0},{"damage_healed":0.0,"max_hp_gain":0.0,"max_hp_loss":0.0,"gold_gain":0.0,"event_name":"Lab","player_choice":"Got Potions","floor":63.0,"gold_loss":0.0,"damage_taken":0.0},{"damage_healed":0.0,"max_hp_gain":0.0,"max_hp_loss":0.0,"gold_gain":0.0,"event_name":"Vampires","player_choice":"Ignored","floor":74.0,"gold_loss":0.0,"damage_taken":0.0},{"damage_healed":0.0,"max_hp_gain":0.0,"max_hp_loss":0.0,"gold_gain":0.0,"event_name":"Drug Dealer","player_choice":"Inject Mutagens","floor":75.0,"gold_loss":0.0,"damage_taken":0.0,"relics_obtained":["MutagenicStrength"]},{"damage_healed":0.0,"max_hp_gain":5.0,"max_hp_loss":0.0,"gold_gain":0.0,"event_name":"Forgotten Altar","player_choice":"Shed Blood","floor":81.0,"gold_loss":0.0,"damage_taken":22.0},{"damage_healed":0,"gold_gain":0,"player_choice":"Shed Blood","damage_taken":24,"max_hp_gain":5,"max_hp_loss":0,"event_name":"Forgotten Altar","floor":89,"gold_loss":0},{"damage_healed":0,"gold_gain":0,"player_choice":"Ignored","damage_taken":0,"max_hp_gain":0,"max_hp_loss":0,"event_name":"The Moai Head","floor":90,"gold_loss":0},{"damage_healed":0,"gold_gain":0,"player_choice":"Box","damage_taken":0,"relics_obtained":["infinitespire:Lucky Rock"],"max_hp_gain":0,"max_hp_loss":0,"event_name":"Big Fish","floor":109,"gold_loss":0,"cards_obtained":["Regret"]},{"damage_healed":0,"gold_gain":0,"player_choice":"Ignored","damage_taken":0,"max_hp_gain":0,"max_hp_loss":0,"event_name":"Liars Game","floor":119,"gold_loss":0},{"cards_removed":["MasterSpark"],"damage_healed":0,"gold_gain":0,"player_choice":"Card Removal","damage_taken":7,"max_hp_gain":0,"max_hp_loss":0,"event_name":"Golden Wing","floor":120,"gold_loss":0},{"damage_healed":0,"gold_gain":0,"player_choice":"Simplicity","damage_taken":0,"max_hp_gain":0,"max_hp_loss":0,"event_name":"Back to Basics","floor":125,"gold_loss":0,"cards_upgraded":["Strike_MRS","Strike_MRS","Strike_MRS","Defend_MRS","Defend_MRS"]},{"damage_healed":0,"gold_gain":0,"player_choice":"Fought Bandits","damage_taken":0,"max_hp_gain":0,"max_hp_loss":0,"event_name":"Masked Bandits","floor":127,"gold_loss":0},{"damage_healed":0,"gold_gain":0,"player_choice":"0 cards matched","damage_taken":0,"max_hp_gain":0,"max_hp_loss":0,"event_name":"Match and Keep!","floor":146,"gold_loss":0,"cards_obtained":[]},{"damage_healed":0,"gold_gain":0,"player_choice":"Memory 3","damage_taken":10,"max_hp_gain":0,"max_hp_loss":0,"event_name":"SensoryStone","floor":147,"gold_loss":0}],"is_beta":false,"boss_relics":[{"not_picked":["Pandora\u0027s Box","Fusion Hammer"],"picked":"Replay:Wanted Poster"},{"not_picked":["Runic Dome","Astrolabe"],"picked":"Philosopher\u0027s Stone"},{"not_picked":["Painkiller Herb","Honey Jar"],"picked":"SlaversCollar"},{"not_picked":["ReplayTheSpireMod:DimensionalGlitch","Replay:Drink Me"],"picked":"Cursed Key"},{"not_picked":["Runic Dome","Empty Cage"],"picked":"Black Star"},{"not_picked":["RampagingMagicTools","Kintsugi","Calling Bell"]},{"not_picked":["Astrolabe","Fusion Hammer","Abe\u0027s Treasure"]},{"not_picked":["Replay:Bronze Core","ChewingGum","ReplayTheSpireMod:DimensionalGlitch"]},{"not_picked":["infinitespire:Cupcake","Runic Pyramid","Kintsugi"]}],"items_purged_floors":[41,67,117,130,161],"is_endless":true,"potions_floor_spawned":[6,10,16,18,29,33,40,43,46,50,59,60,69,78,84,93,97,99,103,107,110,113,122,126,138,141,148,153,158,162],"ascension_level":0}}