{"host":"68ypu360vyldwzrz","time":1609916087,"event":{"mods":["Act Like it!","BaseMod","Better Third Choice","Better Vampires","BetterRewards","CapriCore","Downfall","Friendly Minions","GifTheSpireLib","Hermit","Hubris","Jorbs\u0027s Wanderer Trilogy","Luminous","Marisa????????","Minty Spire (QoL Compilation)","Quick Restart","Relic Stats","Remilia??????","Shade Mod","Shop Mod","StSLib","Td1madao Mod","The Administrix","The Alterego","The Cursed","The Hierophant","The Immortal","The Necromancer","The Senshi","The Servant 0.9.4","TheVacant","Wandering Minibosses"],"gold_per_floor":[113,113,131,131,141,173,183,201,201,227,243,243,37,54,54,157,157,167,167,177,92,92,92,122,122,149,159,184,199,212,75,75,178,178,291,307,8,8,25,25,37,37,37,47,64,64,80,80,80,180,180],"floor_reached":50,"playtime":6204,"items_purged":[],"score":523,"play_id":"36030d94-3ca3-4962-bd3f-9e861aad042f","local_time":"20210106005447","is_ascension_mode":false,"campfire_choices":[{"floor":12.0,"key":"REST"},{"floor":15.0,"key":"REST"},{"floor":23.0,"key":"REST"},{"floor":32.0,"key":"REST"},{"floor":40.0,"key":"REST"},{"floor":49.0,"key":"REST"}],"circlet_count":0,"master_deck":["Strike_W","Strike_W","Strike_W","Strike_W","Defend_W","Defend_W","Defend_W","Defend_W","Negative_Energy_Arrows","Bone_Wall","Toxic_Smoke_Screen","Death_March_Dance","Negative_Energy_Shield","Thousand_Bone_Knives","Spectral_Armor","Negative_Energy_Javelin","Stop_Heart","Plague_Bolt","Summon_Lich","Negative_Energy_Javelin","Uncharnel","Shackles_Of_Pain","Cloudkill","Grasp_Heart","Bone_Bullets","Bone_Prison","Summon_Death_Knight+1","Vampiric_Strike","Shade_Step","Necrotic_Claws","Bone_Spikes+1","Siphon_Strength","Plague_Bolt","Spectral_Walk","Summon_Vampire_Lady+1","Blood_Whip+1","Toxic_Smoke_Screen+1","Summon_Undead_Army","Life_Tap","Spectral_Walk","Corrupt+1","Bone_Prison+1","Negative_Energy_Shield","Consume_Illness","Bone_Shift+1","Blood_Whip","Consume_Illness+1"],"relics":["Vampire_Amulet","hubris:Towel","hubris:OldNail","Bottled Flame","Lizard Tail","hubris:HollowSoul","Smiling Mask","hubris:Icosahedron","Lantern","Bronze Scales","hubris:CrystalStatue","Busted Crown","Dream Catcher","Strawberry","hubris:CuriousFeather"],"acts_visited":["Exordium","TheCity","TheBeyond"],"potions_floor_usage":[50,50],"damage_taken":[{"damage":0.0,"enemies":"Jaw Worm","floor":1.0,"turns":5.0},{"damage":3.0,"enemies":"2 Louse","floor":3.0,"turns":3.0},{"damage":1.0,"enemies":"Cultist","floor":5.0,"turns":5.0},{"damage":32.0,"enemies":"3 Sentries","floor":6.0,"turns":10.0},{"damage":11.0,"enemies":"Large Slime","floor":7.0,"turns":9.0},{"damage":5.0,"enemies":"Looter","floor":8.0,"turns":4.0},{"damage":9.0,"enemies":"Lagavulin","floor":10.0,"turns":7.0},{"damage":8.0,"enemies":"Red Slaver","floor":11.0,"turns":5.0},{"damage":10.0,"enemies":"Exordium Wildlife","floor":14.0,"turns":5.0},{"damage":31.0,"enemies":"Hexaghost","floor":16.0,"turns":10.0},{"damage":14.0,"enemies":"Spheric Guardian","floor":18.0,"turns":4.0},{"damage":8.0,"enemies":"Shell Parasite","floor":20.0,"turns":8.0},{"damage":44.0,"enemies":"Gremlin Leader","floor":24.0,"turns":7.0},{"damage":13.0,"enemies":"Chosen and Byrds","floor":27.0,"turns":5.0},{"damage":41.0,"enemies":"Slavers","floor":28.0,"turns":5.0},{"damage":19.0,"enemies":"Sentry and Sphere","floor":29.0,"turns":7.0},{"damage":9.0,"enemies":"Centurion and Healer","floor":30.0,"turns":4.0},{"damage":44.0,"enemies":"hubris:MusketHawk","floor":33.0,"turns":10.0},{"damage":27.0,"enemies":"3 Darklings","floor":35.0,"turns":5.0},{"damage":31.0,"enemies":"Orb Walker","floor":36.0,"turns":5.0},{"damage":37.0,"enemies":"Spire Growth","floor":39.0,"turns":5.0},{"damage":18.0,"enemies":"3 Darklings","floor":41.0,"turns":6.0},{"damage":2.0,"enemies":"Maw","floor":44.0,"turns":7.0},{"damage":24.0,"enemies":"Writhing Mass","floor":45.0,"turns":6.0},{"damage":12.0,"enemies":"4 Shapes","floor":47.0,"turns":5.0},{"damage":0,"enemies":"hubris:GrandSnecko","floor":50,"turns":1}],"seed_played":"1754032019442741534","potions_obtained":[{"floor":5.0,"key":"ColorlessPotion"},{"floor":7.0,"key":"ColorlessPotion"},{"floor":11.0,"key":"GamblersBrew"},{"floor":16.0,"key":"Energy Potion"},{"floor":20.0,"key":"SkillPotion"},{"floor":29.0,"key":"PowerPotion"},{"floor":33.0,"key":"Dexterity Potion"},{"floor":35.0,"key":"SpeedPotion"},{"floor":45.0,"key":"AttackPotion"},{"floor":47.0,"key":"Regen Potion"}],"is_trial":false,"path_per_floor":["M","?","M","?","M","E","M","M","T","E","M","R","$","M","R","B",null,"M","?","M","?","?","R","E","?","T","M","E","M","M","$","R","B",null,"M","M","$","?","M","R","M","NS","T","M","M","?","M","T","R","B"],"character_chosen":"NECROMANCER","items_purchased":["Summon_Lich","Negative_Energy_Javelin","Uncharnel","Shackles_Of_Pain","Plague_Bolt","Spectral_Walk","Dream Catcher","Summon_Undead_Army","Life_Tap"],"campfire_rested":6,"item_purchase_floors":[13,13,13,13,31,31,37,37,37],"current_hp_per_floor":[82,82,81,81,82,56,49,46,46,39,33,57,57,51,75,46,82,70,70,64,64,64,82,48,48,48,41,6,17,15,15,39,61,82,66,40,40,40,14,38,24,24,31,37,24,24,29,29,55,17,17],"gold":180,"neow_bonus":"TEN_PERCENT_HP_BONUS","is_daily":false,"chose_seed":false,"campfire_upgraded":0,"win_rate":0.0,"timestamp":1609916087,"path_taken":["M","?","M","?","M","E","M","?","T","E","M","R","$","M","R","BOSS","M","?","?","?","?","R","E","?","T","M","E","M","M","$","R","BOSS","M","M","?","?","M","R","M","NS","T","M","M","?","?","?","R","BOSS"],"items_purchased_type":["Card","Card","Card","Card","Card","Card","Relic","Card","Card"],"build_version":"2020-12-22","purchased_purges":0,"victory":false,"max_hp_per_floor":[82,82,82,82,82,82,82,82,82,82,82,82,82,82,82,82,82,82,82,82,82,82,82,82,82,82,82,82,82,82,82,82,82,82,82,82,82,82,82,82,82,82,89,89,89,89,89,89,89,17,17],"relic_stats":{"Lizard Tail":44,"Dream Catcher":2,"Busted Crown":40,"counters":[26,163],"Bronze Scales":[184],"Smiling Mask":0,"obtain_stats":[{"Lantern":24,"hubris:CrystalStatue":28,"hubris:HollowSoul":17,"hubris:Towel":2,"Smiling Mask":21,"Bottled Flame":9,"Lizard Tail":10,"Dream Catcher":37,"hubris:Icosahedron":22,"Busted Crown":34,"Bronze Scales":26,"Strawberry":43,"Vampire_Amulet":0,"hubris:CuriousFeather":48,"hubris:OldNail":6},{"Lantern":13,"hubris:CrystalStatue":15,"hubris:HollowSoul":10,"hubris:Towel":1,"Smiling Mask":12,"Bottled Flame":6,"Lizard Tail":7,"Dream Catcher":20,"hubris:Icosahedron":12,"Busted Crown":18,"Bronze Scales":13,"Strawberry":22,"Vampire_Amulet":0,"hubris:CuriousFeather":25,"hubris:OldNail":4},{"Lantern":82,"hubris:CrystalStatue":92,"hubris:HollowSoul":63,"hubris:Towel":5,"Smiling Mask":75,"Bottled Flame":36,"Lizard Tail":43,"Dream Catcher":123,"hubris:Icosahedron":75,"Busted Crown":113,"Bronze Scales":82,"Strawberry":134,"Vampire_Amulet":0,"hubris:CuriousFeather":152,"hubris:OldNail":23}]},"card_choices":[{"not_picked":["Blood_Is_Power","Bone_Armor"],"picked":"Toxic_Smoke_Screen","floor":1.0},{"not_picked":["Bone_Bullets","Blood_Shield"],"picked":"Death_March_Dance","floor":3.0},{"not_picked":["Scare","Death_Coil"],"picked":"Negative_Energy_Shield","floor":5.0},{"not_picked":["Necromantic_Selection","Scare"],"picked":"Thousand_Bone_Knives","floor":6.0},{"not_picked":["Necromantic_Selection","Bone_Armory"],"picked":"Spectral_Armor","floor":7.0},{"not_picked":["Death_Coil","Blood_Curse"],"picked":"Negative_Energy_Javelin","floor":8.0},{"not_picked":["Negative_Energy_Mist","Shackles_Of_Pain"],"picked":"Stop_Heart","floor":10.0},{"not_picked":["Blood_Whip","Chill_Blood"],"picked":"Plague_Bolt","floor":11.0},{"not_picked":["Finger_Of_Death","Shade_Step"],"picked":"Cloudkill","floor":14.0},{"not_picked":["Requiem","Summon_Death_Knight"],"picked":"Grasp_Heart","floor":16.0},{"not_picked":["Corrupt","Blood_Curse"],"picked":"Bone_Bullets","floor":18.0},{"not_picked":["Death_March_Dance+1","Bone_Shift"],"picked":"Summon_Death_Knight","floor":20.0},{"not_picked":["Negative_Energy_Mist","Bones_to_Steel"],"picked":"Vampiric_Strike","floor":24.0},{"not_picked":["Siphon_Strength","Strike_from_Beyond"],"picked":"Shade_Step","floor":27.0},{"not_picked":["Thousand_Bone_Knives","Blood_Whip"],"picked":"Necrotic_Claws","floor":28.0},{"not_picked":["Shackles_Of_Pain+1","Scare"],"picked":"Bone_Spikes+1","floor":29.0},{"not_picked":["Blood_Magic","Chill_Blood"],"picked":"Siphon_Strength","floor":30.0},{"not_picked":["Blood_Magic","Negative_Energy_Bomb"],"picked":"Summon_Vampire_Lady","floor":33.0},{"not_picked":[],"picked":"Blood_Whip+1","floor":35.0},{"not_picked":[],"picked":"Toxic_Smoke_Screen+1","floor":36.0},{"not_picked":[],"picked":"Corrupt+1","floor":39.0},{"not_picked":[],"picked":"Bone_Prison+1","floor":40.0},{"not_picked":[],"picked":"Negative_Energy_Shield","floor":41.0},{"not_picked":[],"picked":"Consume_Illness","floor":44.0},{"not_picked":[],"picked":"Bone_Shift+1","floor":45.0},{"not_picked":[],"picked":"Blood_Whip","floor":47.0},{"not_picked":[],"picked":"Consume_Illness+1","floor":49.0}],"player_experience":345193,"relics_obtained":[{"floor":6.0,"key":"hubris:OldNail"},{"floor":9.0,"key":"Bottled Flame"},{"floor":10.0,"key":"Lizard Tail"},{"floor":24.0,"key":"Lantern"},{"floor":26.0,"key":"Bronze Scales"},{"floor":28.0,"key":"hubris:CrystalStatue"},{"floor":43.0,"key":"Strawberry"},{"floor":48.0,"key":"hubris:CuriousFeather"}],"event_choices":[{"damage_healed":0.0,"max_hp_gain":0.0,"max_hp_loss":0.0,"gold_gain":0.0,"event_name":"NoteForYourself","player_choice":"Ignored","floor":4.0,"gold_loss":0.0,"damage_taken":0.0},{"damage_healed":0.0,"max_hp_gain":0.0,"max_hp_loss":0.0,"gold_gain":0.0,"event_name":"The Library","player_choice":"Read","floor":19.0,"gold_loss":0.0,"damage_taken":0.0,"cards_obtained":["Bone_Prison"]},{"damage_healed":0.0,"max_hp_gain":0.0,"max_hp_loss":0.0,"gold_gain":0.0,"event_name":"Addict","player_choice":"Obtained Relic","floor":21.0,"gold_loss":85.0,"damage_taken":0.0,"relics_obtained":["Smiling Mask"]},{"damage_healed":0.0,"max_hp_gain":0.0,"max_hp_loss":0.0,"gold_gain":0.0,"event_name":"Upgrade Shrine","player_choice":"Upgraded","floor":25.0,"gold_loss":0.0,"damage_taken":0.0,"cards_upgraded":["Summon_Death_Knight"]},{"damage_healed":0.0,"max_hp_gain":0.0,"max_hp_loss":0.0,"gold_gain":0.0,"event_name":"betterThird:BetterPortal","player_choice":"Random: Yellow","floor":46.0,"gold_loss":0.0,"damage_taken":0.0},{"damage_healed":0.0,"max_hp_gain":0.0,"max_hp_loss":0.0,"gold_gain":0.0,"event_name":"NoteForYourself","player_choice":"Ignored","floor":46.0,"gold_loss":0.0,"damage_taken":0.0}],"is_beta":false,"boss_relics":[{"not_picked":["Cursed Key","Snecko Eye"],"picked":"hubris:HollowSoul"},{"not_picked":["Black Star","hubris:BlackHole"],"picked":"Busted Crown"}],"items_purged_floors":[],"is_endless":false,"potions_floor_spawned":[5,7,11,16,20,29,33,35,45,47],"killed_by":"hubris:GrandSnecko","ascension_level":0}}