{"host":"usrgk25etjl0nf5i","time":1609903240,"event":{"mods":["2.2 Compatiblity","BaseMod","Downfall","Hubris","Minty Spire (QoL Compilation)","StSLib","SuperFastMode"],"gold_per_floor":[0,18,3,3,3,3,29,29,29,29,63,80,80,106,122,122,122,122],"floor_reached":16,"playtime":391,"items_purged":[],"score":148,"play_id":"c3985266-cda9-41d0-a6e7-3da3b83679c7","local_time":"20210105192040","is_ascension_mode":true,"campfire_choices":[{"floor":1,"key":"RECALL"},{"data":"Slimebound:Split","floor":6,"key":"SMITH"},{"data":"Slimebound:CorrosiveSpit","floor":9,"key":"SMITH"}],"circlet_count":0,"master_deck":["Slimebound:Strike_Slimebound","Slimebound:Strike_Slimebound","Slimebound:Strike_Slimebound","Slimebound:Tackle","Slimebound:Defend_Slimebound","Slimebound:Defend_Slimebound","Slimebound:Defend_Slimebound","Slimebound:Defend_Slimebound","Slimebound:Split+1","Slimebound:CorrosiveSpit+1","Slimebound:Recollect","Slimebound:Recollect","Regret","Parasite","Slimebound:SelfFormingGoo","Slimebound:RollThrough","Slimebound:FlameTackle","Slimebound:DisruptingSlam"],"relics":["Slimebound:AbsorbEndCombat","Ginger","hubris:Icosahedron","Pocketwatch","Nunchaku","Mango","Juzu Bracelet","Slimebound:GreedOozeRelic","hexamod:BolsterEngine"],"acts_visited":["Exordium"],"potions_floor_usage":[16,16,16],"damage_taken":[{"damage":4,"enemies":"Small Slimes","floor":2,"turns":2},{"damage":12,"enemies":"downfall:FleeingMerchant","floor":3,"turns":4},{"damage":54,"enemies":"Gremlin Nob","floor":11,"turns":4},{"damage":25,"enemies":"Jaw Worm","floor":12,"turns":3},{"damage":41,"enemies":"Lagavulin","floor":14,"turns":5},{"damage":0,"enemies":"2 Louse","floor":15,"turns":2},{"damage":16,"enemies":"downfall:Silent","floor":16,"turns":1}],"seed_played":"8057092582507326577","potions_obtained":[{"floor":12,"key":"Strength Potion"},{"floor":14,"key":"CultistPotion"},{"floor":15,"key":"LiquidBronze"}],"is_trial":false,"path_per_floor":["R","M","$","?","?","R","T","?","R","?","E","M","?","E","M","B"],"character_chosen":"SLIMEBOUND","items_purchased":[],"campfire_rested":0,"item_purchase_floors":[],"current_hp_per_floor":[54,56,60,60,27,27,27,41,41,59,19,22,22,13,15,0,0,0],"gold":122,"neow_bonus":"ONE_RARE_RELIC","is_daily":false,"chose_seed":false,"campfire_upgraded":2,"win_rate":0.0,"timestamp":1609903240,"path_taken":["R","M","$","?","?","R","T","?","R","?","E","M","?","E","M","BOSS"],"items_purchased_type":[],"build_version":"2020-12-22","purchased_purges":0,"victory":false,"max_hp_per_floor":[60,60,60,60,60,60,60,74,74,74,74,74,74,74,74,74,74,74],"card_choices":[{"not_picked":["Slimebound:ComboTackle","Slimebound:Chomp"],"picked":"Slimebound:Recollect","floor":2},{"not_picked":["Slimebound:RollThrough","Slimebound:SlimeBarrage"],"picked":"Slimebound:Recollect","floor":3},{"not_picked":["Slimebound:SplitSpecialist","Slimebound:TagTeam"],"picked":"Slimebound:SelfFormingGoo","floor":11},{"not_picked":["Slimebound:RainOfGoop","Slimebound:LeechingTouch"],"picked":"Slimebound:RollThrough","floor":12},{"not_picked":["Slimebound:FormOfPuddle","Slimebound:PressTheAttack"],"picked":"Slimebound:FlameTackle","floor":14},{"not_picked":["Slimebound:PressTheAttack","Slimebound:ComboTackle"],"picked":"Slimebound:DisruptingSlam","floor":15}],"player_experience":630629,"relics_obtained":[{"floor":7,"key":"Nunchaku"},{"floor":11,"key":"Juzu Bracelet"},{"floor":14,"key":"hexamod:BolsterEngine"}],"event_choices":[{"damage_healed":0,"gold_gain":0,"player_choice":"Success","damage_taken":33,"relics_obtained":["Pocketwatch"],"max_hp_gain":0,"max_hp_loss":0,"event_name":"Scrap Ooze","floor":5,"gold_loss":0},{"damage_healed":0,"gold_gain":0,"player_choice":"Box","damage_taken":0,"relics_obtained":["Mango"],"max_hp_gain":0,"max_hp_loss":0,"event_name":"Big Fish","floor":8,"gold_loss":0,"cards_obtained":["Regret"]},{"damage_healed":18,"gold_gain":0,"player_choice":"Healed and dodged fight","damage_taken":0,"max_hp_gain":0,"max_hp_loss":0,"event_name":"Mushrooms","floor":10,"gold_loss":0,"cards_obtained":["Parasite"]}],"is_beta":false,"boss_relics":[],"items_purged_floors":[],"is_endless":false,"potions_floor_spawned":[12,14,15],"killed_by":"downfall:Silent","ascension_level":8}}