{"host":"ypphcgdomtfqpc2w","time":1609932059,"event":{"mods":["BaseMod","Minty Spire (QoL Compilation)","StSLib"],"gold_per_floor":[117,131,142,67,82,82,99,99,99,99,138,154,168,203,203,296,296,312,331,370,370,209,249,249,249,272,288,304,339,339,374,374,470,470,491,511,535,556,575,575,613,835,835,870,890,890,955,986,986,986,986,986,986,216,254,254],"floor_reached":57,"playtime":4393,"items_purged":["Strike_R","Strike_R"],"score":2853,"play_id":"5d9eb366-d0c9-478c-b2c6-6694cd303b80","local_time":"20210106202059","is_ascension_mode":true,"campfire_choices":[{"data":"Whirlwind","floor":6.0,"key":"SMITH"},{"data":"Battle Trance","floor":15.0,"key":"SMITH"},{"data":"Shrug It Off","floor":24.0,"key":"SMITH"},{"data":"Shockwave","floor":30.0,"key":"SMITH"},{"data":"Spot Weakness","floor":32.0,"key":"SMITH"},{"data":"Second Wind","floor":40.0,"key":"SMITH"},{"floor":46.0,"key":"RECALL"},{"data":"Impervious","floor":49.0,"key":"SMITH"},{"data":"Pummel","floor":53,"key":"SMITH"}],"circlet_count":0,"master_deck":["AscendersBane","Strike_R","Strike_R","Defend_R","Defend_R","Defend_R","Bash","Feed","Whirlwind+1","Thunderclap","Second Wind+1","Pummel+1","Battle Trance+1","Inflame+1","Juggernaut+1","Pommel Strike+1","Feel No Pain+1","Reaper+1","Shrug It Off+1","Shockwave+1","Impervious+1","Pommel Strike+1","Spot Weakness+1","True Grit+1","Body Slam+1","Demon Form+1","Dark Embrace+1","Reckless Charge+1"],"relics":["Burning Blood","Omamori","Molten Egg 2","Golden Idol","Frozen Egg 2","Blood Vial","Runic Pyramid","Red Mask","Mummified Hand","Necronomicon","Smiling Mask","Du-Vu Doll","Art of War","Busted Crown","Blue Candle","Ornamental Fan","Lizard Tail","Champion Belt","Gambling Chip","Pen Nib","Strange Spoon","Akabeko"],"acts_visited":["Exordium","TheCity","TheBeyond","TheEnding"],"potions_floor_usage":[55,56],"damage_taken":[{"damage":8.0,"enemies":"2 Louse","floor":1.0,"turns":2.0},{"damage":6.0,"enemies":"Jaw Worm","floor":2.0,"turns":6.0},{"damage":10.0,"enemies":"Small Slimes","floor":3.0,"turns":3.0},{"damage":8.0,"enemies":"Exordium Wildlife","floor":5.0,"turns":4.0},{"damage":9.0,"enemies":"Exordium Thugs","floor":7.0,"turns":3.0},{"damage":0.0,"enemies":"3 Sentries","floor":11.0,"turns":5.0},{"damage":7.0,"enemies":"Looter","floor":12.0,"turns":4.0},{"damage":5.0,"enemies":"2 Fungi Beasts","floor":13.0,"turns":4.0},{"damage":6.0,"enemies":"Gremlin Nob","floor":14.0,"turns":3.0},{"damage":6.0,"enemies":"Slime Boss","floor":16.0,"turns":6.0},{"damage":5.0,"enemies":"Chosen","floor":18.0,"turns":4.0},{"damage":24.0,"enemies":"Spheric Guardian","floor":19.0,"turns":5.0},{"damage":49.0,"enemies":"Masked Bandits","floor":20.0,"turns":4.0},{"damage":69.0,"enemies":"Slavers","floor":23.0,"turns":5.0},{"damage":1.0,"enemies":"Centurion and Healer","floor":27.0,"turns":6.0},{"damage":9.0,"enemies":"Chosen and Byrds","floor":28.0,"turns":5.0},{"damage":19.0,"enemies":"Book of Stabbing","floor":29.0,"turns":4.0},{"damage":14.0,"enemies":"Gremlin Leader","floor":31.0,"turns":6.0},{"damage":69.0,"enemies":"Collector","floor":33.0,"turns":10.0},{"damage":0.0,"enemies":"3 Shapes","floor":35.0,"turns":3.0},{"damage":4.0,"enemies":"3 Darklings","floor":36.0,"turns":2.0},{"damage":0.0,"enemies":"Transient","floor":37.0,"turns":6.0},{"damage":0.0,"enemies":"Maw","floor":38.0,"turns":6.0},{"damage":8.0,"enemies":"Writhing Mass","floor":39.0,"turns":4.0},{"damage":38.0,"enemies":"Nemesis","floor":41.0,"turns":7.0},{"damage":10.0,"enemies":"Reptomancer","floor":44.0,"turns":5.0},{"damage":0.0,"enemies":"Jaw Worm Horde","floor":45.0,"turns":1.0},{"damage":22.0,"enemies":"2 Orb Walkers","floor":47.0,"turns":3.0},{"damage":23.0,"enemies":"Giant Head","floor":48.0,"turns":7.0},{"damage":53,"enemies":"Donu and Deca","floor":50,"turns":6},{"damage":80,"enemies":"Time Eater","floor":51,"turns":9},{"damage":5,"enemies":"Shield and Spear","floor":55,"turns":5},{"damage":104,"enemies":"The Heart","floor":56,"turns":9}],"seed_played":"5454936742325974294","potions_obtained":[{"floor":1.0,"key":"SteroidPotion"},{"floor":2.0,"key":"Block Potion"},{"floor":11.0,"key":"SkillPotion"},{"floor":14.0,"key":"Swift Potion"},{"floor":18.0,"key":"BloodPotion"},{"floor":20.0,"key":"Regen Potion"},{"floor":23.0,"key":"Weak Potion"},{"floor":31.0,"key":"HeartOfIron"},{"floor":36.0,"key":"Block Potion"}],"is_trial":false,"path_per_floor":["M","M","M","?","M","R","M","?","T","?","E","M","M","E","R","B",null,"M","M","?","?","$","E","R","?","T","M","M","E","R","E","R","B",null,"M","M","M","M","M","R","E","?","T","E","M","R","?","E","R","B","B",null,"R","$","E","B",null],"character_chosen":"IRONCLAD","items_purchased":["Shockwave","Gambling Chip","Dark Embrace+1","Pen Nib","Strange Spoon"],"campfire_rested":0,"item_purchase_floors":[22,54,54,54,54],"current_hp_per_floor":[69,72,71,71,72,72,72,61,61,61,70,72,76,76,76,81,90,96,89,63,63,63,52,52,31,31,92,111,114,114,117,117,95,114,120,123,123,126,127,127,129,129,129,132,132,132,116,135,135,138,133,139,139,139,141,85],"gold":254,"neow_bonus":"TRANSFORM_CARD","is_daily":false,"chose_seed":false,"campfire_upgraded":8,"win_rate":0.0,"timestamp":1609932059,"path_taken":["M","M","M","?","M","R","M","?","T","?","E","M","?","E","R","BOSS","M","M","?","?","$","E","R","?","T","M","M","E","R","E","R","BOSS","M","M","M","M","M","R","E","?","T","E","M","R","?","E","R","BOSS","BOSS","R","$","E","BOSS"],"items_purchased_type":["Card","Relic","Card","Relic","Relic"],"build_version":"2020-12-22","purchased_purges":2,"victory":true,"max_hp_per_floor":[78,81,84,84,87,87,90,90,90,81,84,87,90,90,90,93,93,96,99,102,102,102,105,105,105,105,108,111,114,114,117,117,120,120,120,123,123,126,129,129,129,129,129,132,132,132,132,135,135,138,141,141,141,141,141,141],"card_choices":[{"not_picked":["Hemokinesis","Entrench"],"picked":"Whirlwind","floor":1.0},{"not_picked":["Sword Boomerang","Cleave"],"picked":"Thunderclap","floor":2.0},{"not_picked":["Clash","Perfected Strike"],"picked":"Second Wind","floor":3.0},{"not_picked":["Twin Strike","Havoc"],"picked":"Pummel","floor":5.0},{"not_picked":["Clothesline","Metallicize"],"picked":"Battle Trance","floor":7.0},{"not_picked":["Seeing Red","Wild Strike+1"],"picked":"Inflame+1","floor":11.0},{"not_picked":["Iron Wave+1","Clothesline+1"],"picked":"Juggernaut+1","floor":12.0},{"not_picked":["Blood for Blood+1","Headbutt+1"],"picked":"Pommel Strike+1","floor":13.0},{"not_picked":["Uppercut+1","Heavy Blade+1"],"picked":"Feel No Pain+1","floor":14.0},{"not_picked":["Bludgeon+1","Exhume"],"picked":"Reaper+1","floor":16.0},{"not_picked":["Heavy Blade+1","Warcry","Flex"],"picked":"SKIP","floor":18.0},{"not_picked":["Hemokinesis+1","Flex","Heavy Blade+1"],"picked":"SKIP","floor":19.0},{"not_picked":["Anger+1","Perfected Strike+1"],"picked":"Shrug It Off","floor":20.0},{"not_picked":["Pommel Strike+1","Juggernaut+1"],"picked":"Impervious","floor":23.0},{"not_picked":["Clash+1","Clothesline+1"],"picked":"Pommel Strike+1","floor":27.0},{"not_picked":["Intimidate","Havoc"],"picked":"Spot Weakness","floor":28.0},{"not_picked":["Seeing Red+1","Body Slam+1"],"picked":"True Grit+1","floor":29.0},{"not_picked":["Clash+1","Combust+1"],"picked":"Body Slam+1","floor":31.0},{"not_picked":["Offering","Brutality+1"],"picked":"Demon Form+1","floor":33.0},{"not_picked":["Shockwave"],"picked":"SKIP","floor":35.0},{"not_picked":["Twin Strike+1"],"picked":"SKIP","floor":36.0},{"not_picked":["Carnage+1"],"picked":"SKIP","floor":37.0},{"not_picked":["Wild Strike+1"],"picked":"SKIP","floor":38.0},{"not_picked":["Dropkick+1"],"picked":"SKIP","floor":39.0},{"not_picked":["Havoc"],"picked":"SKIP","floor":41.0},{"not_picked":["Perfected Strike+1"],"picked":"SKIP","floor":44.0},{"not_picked":["Twin Strike+1"],"picked":"SKIP","floor":45.0},{"not_picked":["Carnage+1"],"picked":"SKIP","floor":48.0},{"not_picked":[],"picked":"Reckless Charge+1","floor":55}],"player_experience":1989739,"relics_obtained":[{"floor":9.0,"key":"Molten Egg 2"},{"floor":11.0,"key":"Frozen Egg 2"},{"floor":14.0,"key":"Blood Vial"},{"floor":20.0,"key":"Red Mask"},{"floor":23.0,"key":"Mummified Hand"},{"floor":25.0,"key":"Necronomicon"},{"floor":26.0,"key":"Smiling Mask"},{"floor":29.0,"key":"Du-Vu Doll"},{"floor":31.0,"key":"Art of War"},{"floor":41.0,"key":"Blue Candle"},{"floor":44.0,"key":"Ornamental Fan"},{"floor":47.0,"key":"Lizard Tail"},{"floor":48.0,"key":"Champion Belt"},{"floor":55,"key":"Akabeko"}],"event_choices":[{"cards_removed":["Strike_R"],"damage_healed":0.0,"max_hp_gain":0.0,"max_hp_loss":0.0,"gold_gain":0.0,"event_name":"The Cleric","player_choice":"Card Removal","floor":4.0,"gold_loss":75.0,"damage_taken":0.0},{"damage_healed":0.0,"max_hp_gain":0.0,"max_hp_loss":0.0,"gold_gain":0.0,"event_name":"Scrap Ooze","player_choice":"Success","floor":8.0,"gold_loss":0.0,"damage_taken":11.0,"relics_obtained":["Omamori"]},{"damage_healed":0.0,"max_hp_gain":0.0,"max_hp_loss":9.0,"gold_gain":0.0,"event_name":"Golden Idol","player_choice":"Lose Max HP","floor":10.0,"gold_loss":0.0,"damage_taken":0.0,"relics_obtained":["Golden Idol"]},{"damage_healed":0.0,"max_hp_gain":0.0,"max_hp_loss":0.0,"gold_gain":0.0,"event_name":"Masked Bandits","player_choice":"Fought Bandits","floor":20.0,"gold_loss":0.0,"damage_taken":0.0},{"damage_healed":0.0,"max_hp_gain":0.0,"max_hp_loss":0.0,"gold_gain":0.0,"event_name":"Ghosts","player_choice":"Ignored","floor":21.0,"gold_loss":0.0,"damage_taken":0.0},{"damage_healed":0.0,"max_hp_gain":0.0,"max_hp_loss":0.0,"gold_gain":0.0,"event_name":"Cursed Tome","player_choice":"Obtained Book","floor":25.0,"gold_loss":0.0,"damage_taken":21.0},{"damage_healed":0.0,"max_hp_gain":0.0,"max_hp_loss":0.0,"gold_gain":222.0,"event_name":"Tomb of Lord Red Mask","player_choice":"Wore Mask","floor":42.0,"gold_loss":0.0,"damage_taken":0.0},{"damage_healed":0.0,"max_hp_gain":0.0,"max_hp_loss":0.0,"gold_gain":0.0,"event_name":"Mysterious Sphere","player_choice":"Fight","floor":47.0,"gold_loss":0.0,"damage_taken":0.0}],"is_beta":false,"boss_relics":[{"not_picked":["Coffee Dripper","Calling Bell"],"picked":"Runic Pyramid"},{"not_picked":["Runic Dome","Snecko Eye"],"picked":"Busted Crown"}],"items_purged_floors":[22,54],"is_endless":false,"potions_floor_spawned":[1,2,11,14,18,20,23,31,35,36,39,45,47],"ascension_level":20}}