{"host":"isy2gwbfe91wqj1j","time":1609943128,"event":{"mods":["AchievementEnabler","BaseMod","Better Altar","Better Match","Better Note","Better Sensory Stone","Better Skull","Better Third Choice","BetterRewards","Minty Spire (QoL Compilation)","StSLib"],"gold_per_floor":[109,126,126,51,69,69,1,14,14,14,14,14,33,59,59,154,154,170,26,39,50,67,67,67,67],"floor_reached":24,"playtime":1197,"items_purged":["Strike_B"],"score":323,"play_id":"23362dd3-8269-42c3-8d2d-3a274be3cddf","local_time":"20210106072528","is_ascension_mode":false,"campfire_choices":[{"data":"Dualcast","floor":6,"key":"SMITH"},{"data":"Heatsinks","floor":12,"key":"SMITH"},{"data":"Coolheaded","floor":15,"key":"SMITH"},{"floor":23,"key":"REST"}],"circlet_count":0,"master_deck":["Strike_B+1","Strike_B+1","Defend_B","Defend_B","Defend_B","Defend_B","Zap","Dualcast+1","Self Repair","White Noise+1","Heatsinks+1","Conserve Battery","Coolheaded+1","Loop"],"relics":["Cracked Core","Singing Bowl","Incense Burner","Whetstone","Matryoshka","Inserter"],"acts_visited":["Exordium","TheCity"],"potions_floor_usage":[16,16,22,24],"damage_taken":[{"damage":1,"enemies":"Jaw Worm","floor":1,"turns":3},{"damage":0,"enemies":"Cultist","floor":2,"turns":3},{"damage":0,"enemies":"Small Slimes","floor":5,"turns":2},{"damage":4,"enemies":"Blue Slaver","floor":8,"turns":4},{"damage":5,"enemies":"Large Slime","floor":13,"turns":4},{"damage":8,"enemies":"Gremlin Nob","floor":14,"turns":4},{"damage":47,"enemies":"Hexaghost","floor":16,"turns":11},{"damage":31,"enemies":"Chosen","floor":18,"turns":7},{"damage":20,"enemies":"Shell Parasite","floor":20,"turns":9},{"damage":35,"enemies":"Snake Plant","floor":21,"turns":9},{"damage":13,"enemies":"Centurion and Healer","floor":22,"turns":14},{"damage":56,"enemies":"Book of Stabbing","floor":24,"turns":11}],"seed_played":"-3685623139591840464","potions_obtained":[{"floor":5,"key":"Swift Potion"},{"floor":8,"key":"Ancient Potion"},{"floor":14,"key":"Energy Potion"},{"floor":21,"key":"Dexterity Potion"},{"floor":22,"key":"BlessingOfTheForge"}],"is_trial":false,"path_per_floor":["M","M","?","?","M","R","$","M","T","$","?","R","M","E","R","B",null,"M","$","M","M","M","R","E"],"character_chosen":"DEFECT","items_purchased":["Singing Bowl","Heatsinks","Loop"],"campfire_rested":1,"item_purchase_floors":[0,7,19],"current_hp_per_floor":[76,76,76,76,79,79,79,79,79,79,72,72,76,75,75,37,83,61,61,50,24,27,54,0,0],"gold":67,"neow_bonus":"","is_daily":false,"chose_seed":false,"campfire_upgraded":3,"win_rate":0.0,"timestamp":1609943128,"path_taken":["M","M","?","?","M","R","$","?","T","$","?","R","M","E","R","BOSS","M","$","M","M","M","R","E"],"items_purchased_type":["Relic","Card","Card"],"build_version":"2020-12-22","purchased_purges":1,"victory":false,"max_hp_per_floor":[77,77,77,77,79,79,79,79,79,79,79,79,81,81,81,83,83,85,85,87,89,91,91,91,91],"card_choices":[{"not_picked":["Sweeping Beam","Rebound","Fusion"],"picked":"Singing Bowl","floor":1},{"not_picked":["Go for the Eyes","Sunder"],"picked":"Self Repair","floor":2},{"not_picked":["Darkness+1","Reprogram+1"],"picked":"White Noise+1","floor":4},{"not_picked":["Consume","Compile Driver","Chaos"],"picked":"Singing Bowl","floor":5},{"not_picked":["Turbo","Streamline"],"picked":"Conserve Battery","floor":8},{"not_picked":["Gash","Go for the Eyes","Streamline"],"picked":"Singing Bowl","floor":13},{"not_picked":["Chaos","BootSequence"],"picked":"Coolheaded","floor":14},{"not_picked":["Meteor Strike","All For One","Reboot"],"picked":"Singing Bowl","floor":16},{"not_picked":["Go for the Eyes","Conserve Battery+1","Steam"],"picked":"Singing Bowl","floor":18},{"not_picked":["Turbo","Auto Shields","Gash"],"picked":"Singing Bowl","floor":20},{"not_picked":["Go for the Eyes","Consume","Storm"],"picked":"Singing Bowl","floor":21},{"not_picked":["Double Energy+1","Rip and Tear","Rebound"],"picked":"Singing Bowl","floor":22}],"player_experience":146440,"relics_obtained":[{"floor":9,"key":"Whetstone"},{"floor":14,"key":"Matryoshka"}],"event_choices":[{"damage_healed":0,"gold_gain":0,"player_choice":"Ignored","damage_taken":126,"max_hp_gain":0,"max_hp_loss":0,"event_name":"betterThird:BetterSerpent","floor":3,"gold_loss":0},{"damage_healed":0,"gold_gain":0,"player_choice":"2","damage_taken":0,"max_hp_gain":0,"max_hp_loss":0,"event_name":"betterMatch:BetterMatch","floor":4,"gold_loss":0,"cards_obtained":["betterMatch:UncommonCard"]},{"cards_removed":["Strike_B"],"damage_healed":0,"gold_gain":0,"player_choice":"Card Removal","damage_taken":7,"max_hp_gain":0,"max_hp_loss":0,"event_name":"Golden Wing","floor":11,"gold_loss":0}],"is_beta":false,"boss_relics":[{"not_picked":["Empty Cage","Black Star"],"picked":"Inserter"}],"items_purged_floors":[19],"is_endless":false,"potions_floor_spawned":[5,8,14,21,22],"killed_by":"Book of Stabbing","ascension_level":0}}