{"host":"rlnahhu77ly0epw4","time":1609906488,"event":{"mods":["AchievementEnabler","Aspiration","Bard","BaseMod","Better Altar","Better Match","Better Note","Better Sensory Stone","Better Skull","Better Third Choice","BetterRewards","Block Reminder","Challenge The Spire","Colored Map","Colored Powertips","Conspire","DeckTracker","Downfall","Friendly Minions","Glutton Mod","Halation","Hermit","Highlight Path","Hubris","Infinite Spire","Mad Scientist","Marisa????????","Mimic Mod","Minty Spire (QoL Compilation)","Permanent Neow","Quick Restart","Random Character Button","Random Character Mod","Rare Cards Sparkle","Relic Sorter","Relic Stats","Replay The Spire","Shop Mod","StSLib","SuperFastMode","The Blackbeard","The Blue Laboratory","The Construct","The Cursed","The Disciple","The Forsaken","The Hierophant","The Jungle","The Mystic","The Poker Player","The Runesmith","The Sage","The Servant 0.9.4","Wandering Minibosses"],"gold_per_floor":[111,111,127,23,37,37,96,128,128,128,138,158,158,172,172,172,172],"floor_reached":16,"playtime":1164,"items_purged":[],"score":92,"play_id":"fdbb3a00-8eac-4f51-aa6f-1ce6f2aa2ed7","local_time":"20210105231448","is_ascension_mode":false,"campfire_choices":[{"floor":6,"key":"RECALL"},{"floor":13,"key":"REST"}],"circlet_count":0,"master_deck":["Strike_S","Strike_S","Strike_S","Strike_S","Defend_S","Defend_S","Defend_S","Defend_S","KidneyShot","Exchange","InstantArmor+1","ShatteredReality+1","TimeWarp+1","Rearm+1"],"relics":["Uniform","construct:FoamFinger","halation:Diary","theForsaken:HumbleEgg","Blood Vial","halation:BlackBeret"],"acts_visited":["Exordium"],"potions_floor_usage":[5,8],"damage_taken":[{"damage":6,"enemies":"Jaw Worm","floor":1,"turns":5},{"damage":0,"enemies":"2 Louse","floor":3,"turns":3},{"damage":0,"enemies":"Cultist","floor":5,"turns":3},{"damage":43,"enemies":"3 Sentries","floor":7,"turns":13},{"damage":0,"enemies":"Lots of Slimes","floor":8,"turns":8},{"damage":0,"enemies":"hubris:Merchant","floor":10,"turns":1},{"damage":18,"enemies":"Lots of Slimes","floor":11,"turns":7},{"damage":0,"enemies":"Blue Slaver","floor":12,"turns":5},{"damage":0,"enemies":"Exordium Wildlife","floor":14,"turns":4},{"damage":47,"enemies":"Hexaghost","floor":16,"turns":9}],"seed_played":"2886292450007569800","potions_obtained":[{"floor":1,"key":"DuplicationPotion"},{"floor":5,"key":"blueLaboratory:LouseDecoction"},{"floor":11,"key":"Weak Potion"},{"floor":14,"key":"Adrenaline Potion"}],"is_trial":false,"path_per_floor":["M","?","M","$","M","R","?","MIM","T","$","M","M","R","M","R_BF","B"],"character_chosen":"THE_SERVANT","items_purchased":["halation:Diary"],"campfire_rested":1,"item_purchase_floors":[4],"current_hp_per_floor":[59,59,59,59,59,59,16,16,16,18,2,4,23,25,44,0,0],"gold":172,"neow_bonus":"","is_daily":false,"chose_seed":false,"campfire_upgraded":0,"win_rate":0.0,"timestamp":1609906488,"path_taken":["M","?","M","$","M","R","?","?","T","?","?","M","R","M","R_BF","BOSS"],"items_purchased_type":["Relic"],"build_version":"2020-12-13","purchased_purges":0,"victory":false,"max_hp_per_floor":[65,65,65,65,65,65,65,65,65,65,65,65,65,65,65,65,65],"relic_stats":{"Blood Vial":10,"counters":[10,58],"obtain_stats":[{"Blood Vial":8,"halation:BlackBeret":9,"halation:Diary":4,"theForsaken:HumbleEgg":7,"construct:FoamFinger":2,"Uniform":0},{"Blood Vial":5,"halation:BlackBeret":5,"halation:Diary":2,"theForsaken:HumbleEgg":4,"construct:FoamFinger":1,"Uniform":0},{"Blood Vial":32,"halation:BlackBeret":32,"halation:Diary":8,"theForsaken:HumbleEgg":24,"construct:FoamFinger":5,"Uniform":0}]},"card_choices":[{"not_picked":["ReturningBlade","StarChef","ShiftingGears"],"picked":"SKIP","floor":1},{"not_picked":["ReturningBlade","Unruled","Potential"],"picked":"SKIP","floor":3},{"not_picked":["Luminosity","Barrier","Rearm"],"picked":"SKIP","floor":5},{"not_picked":["Luminosity","Hightail"],"picked":"InstantArmor","floor":7},{"not_picked":["StarChef","MoonPhase"],"picked":"ShatteredReality+1","floor":8},{"not_picked":["FlawlessForm","Potential+1","Advance"],"picked":"SKIP","floor":11},{"not_picked":["Misdirection","ShatteredReality+1"],"picked":"TimeWarp+1","floor":12},{"not_picked":["Reset","SurpressingFire"],"picked":"Rearm+1","floor":14}],"player_experience":0,"relics_obtained":[{"floor":2,"key":"construct:FoamFinger"},{"floor":7,"key":"theForsaken:HumbleEgg"},{"floor":8,"key":"Blood Vial"},{"floor":9,"key":"halation:BlackBeret"}],"event_choices":[{"damage_healed":0,"gold_gain":30,"player_choice":"Searched \u00273\u0027 times","damage_taken":0,"max_hp_gain":0,"max_hp_loss":0,"event_name":"Dead Adventurer","floor":7,"gold_loss":0}],"is_beta":false,"boss_relics":[],"items_purged_floors":[],"is_endless":false,"potions_floor_spawned":[1,5,11,14],"killed_by":"Hexaghost","ascension_level":0}}