{"host":"jn2qdns2nxijvlnt","time":1609896613,"event":{"mods":["BaseMod","Minty Spire (QoL Compilation)","Quick Restart"],"gold_per_floor":[114,15,15,90,106,137,137,170,248,263,14,14,28,62,62,181,181,196,196,7,7,31,31,74,74,121,121,121,220,220,233,233,352,352,352,352],"floor_reached":35,"playtime":2094,"items_purged":["Injury"],"score":478,"play_id":"0388262e-aa6a-44e1-8aaa-941701b71e64","local_time":"20210105203013","is_ascension_mode":true,"campfire_choices":[{"floor":15.0,"key":"REST"},{"floor":23.0,"key":"REST"},{"data":"Venomology","floor":28.0,"key":"SMITH"},{"data":"Adrenaline","floor":32.0,"key":"SMITH"}],"circlet_count":0,"master_deck":["Strike_G+1","Strike_G+1","Strike_G+1","Strike_G+1","Strike_G+1","Defend_G+1","Defend_G+1","Defend_G+1","Defend_G+1","Neutralize","Distraction+1","Dash","Finisher","Crippling Poison","Infinite Blades","Caltrops","Backflip","Venomology+1","Corpse Explosion","Deflect+1","Caltrops+1","All Out Attack+1","PiercingWail+1","Quick Slash","Catalyst+1","Adrenaline+1","Shame","Blade Dance","Venomology"],"relics":["Ring of the Snake","NeowsBlessing","Golden Idol","Dead Branch","Question Card","Thread and Needle","White Beast Statue","Membership Card","Nunchaku","Astrolabe","TwistedFunnel","Blood Vial","Art of War","War Paint","Toy Ornithopter","Velvet Choker"],"acts_visited":["Exordium","TheCity","TheBeyond"],"potions_floor_usage":[],"damage_taken":[{"damage":0.0,"enemies":"Jaw Worm","floor":1.0,"turns":1.0},{"damage":0.0,"enemies":"2 Louse","floor":5.0,"turns":1.0},{"damage":0.0,"enemies":"3 Sentries","floor":6.0,"turns":1.0},{"damage":25.0,"enemies":"Lagavulin","floor":8.0,"turns":6.0},{"damage":0.0,"enemies":"Cultist","floor":10.0,"turns":3.0},{"damage":6.0,"enemies":"Exordium Wildlife","floor":13.0,"turns":2.0},{"damage":20.0,"enemies":"Gremlin Nob","floor":14.0,"turns":4.0},{"damage":28.0,"enemies":"The Guardian","floor":16.0,"turns":12.0},{"damage":18.0,"enemies":"Spheric Guardian","floor":18.0,"turns":4.0},{"damage":0.0,"enemies":"3 Byrds","floor":22.0,"turns":1.0},{"damage":7.0,"enemies":"Gremlin Leader","floor":24.0,"turns":5.0},{"damage":0.0,"enemies":"Centurion and Healer","floor":30.0,"turns":1.0},{"damage":2.0,"enemies":"Snake Plant","floor":31.0,"turns":3.0},{"damage":44.0,"enemies":"Automaton","floor":33.0,"turns":12.0},{"damage":0,"enemies":"3 Darklings","floor":35,"turns":2}],"seed_played":"4587148565133659160","potions_obtained":[{"floor":1.0,"key":"FearPotion"},{"floor":6.0,"key":"Dexterity Potion"},{"floor":10.0,"key":"Energy Potion"},{"floor":13.0,"key":"Poison Potion"},{"floor":14.0,"key":"Weak Potion"},{"floor":16.0,"key":"PowerPotion"},{"floor":18.0,"key":"SkillPotion"},{"floor":22.0,"key":"Poison Potion"},{"floor":24.0,"key":"Ancient Potion"},{"floor":31.0,"key":"Swift Potion"},{"floor":33.0,"key":"Block Potion"}],"is_trial":false,"path_per_floor":["M","$","?","?","M","E","T","E","T","M","$","?","M","E","R","B",null,"M","?","$","?","M","R","E","?","T","?","R","?","M","M","R","B",null,"M"],"character_chosen":"THE_SILENT","items_purchased":["Dagger Throw","Deadly Poison","Membership Card","Caltrops","Energy Potion","TwistedFunnel","Blood Vial","Quick Slash","Poison Potion"],"campfire_rested":2,"item_purchase_floors":[2,2,11,11,11,20,20,20,20],"current_hp_per_floor":[70,70,70,59,59,59,59,34,34,34,34,34,28,8,29,1,70,52,52,52,52,54,70,63,63,63,63,63,63,70,70,70,35,70,70,70],"gold":352,"neow_bonus":"THREE_ENEMY_KILL","is_daily":false,"chose_seed":false,"campfire_upgraded":2,"win_rate":0.0,"timestamp":1609896613,"path_taken":["M","$","?","?","M","E","?","E","T","?","$","?","M","E","R","BOSS","M","?","$","?","M","R","E","?","T","?","R","?","M","M","R","BOSS","M"],"items_purchased_type":["Card","Card","Relic","Card","Potion","Relic","Relic","Card","Potion"],"build_version":"2020-12-22","purchased_purges":1,"victory":false,"max_hp_per_floor":[70,70,70,70,70,70,70,70,70,70,70,70,70,70,70,70,70,70,70,70,70,70,70,70,70,70,70,70,70,70,70,70,70,70,70,70],"card_choices":[{"not_picked":["Underhanded Strike","Dodge and Roll"],"picked":"Distraction","floor":1.0},{"not_picked":["Expertise","Dagger Throw"],"picked":"Dash","floor":5.0},{"not_picked":["Riddle With Holes","Acrobatics"],"picked":"Finisher","floor":6.0},{"not_picked":["Calculated Gamble","Backstab","PiercingWail"],"picked":"Crippling Poison","floor":8.0},{"not_picked":["Cloak And Dagger","Slice","Outmaneuver"],"picked":"Infinite Blades","floor":10.0},{"not_picked":["PiercingWail","Blade Dance","Dagger Spray"],"picked":"Backflip","floor":13.0},{"not_picked":["Cloak And Dagger","Heel Hook","Quick Slash"],"picked":"Venomology","floor":14.0},{"not_picked":["Storm of Steel","Bullet Time","Glass Knife"],"picked":"Corpse Explosion","floor":16.0},{"not_picked":["Predator","Skewer","Caltrops"],"picked":"PiercingWail+1","floor":18.0},{"not_picked":["Deadly Poison","Skewer+1","Dodge and Roll"],"picked":"Catalyst","floor":22.0},{"not_picked":["Acrobatics+1","Flying Knee","Sucker Punch+1"],"picked":"Adrenaline","floor":24.0},{"not_picked":["Blade Dance","Predator","Bouncing Flask","Expertise"],"picked":"SKIP","floor":31.0},{"not_picked":["Storm of Steel","Unload","Wraith Form v2"],"picked":"Venomology","floor":33.0}],"player_experience":473203,"relics_obtained":[{"floor":6.0,"key":"Dead Branch"},{"floor":7.0,"key":"Question Card"},{"floor":8.0,"key":"Thread and Needle"},{"floor":9.0,"key":"White Beast Statue"},{"floor":14.0,"key":"Nunchaku"},{"floor":24.0,"key":"Art of War"},{"floor":26.0,"key":"Toy Ornithopter"}],"event_choices":[{"damage_healed":0.0,"max_hp_gain":0.0,"max_hp_loss":0.0,"gold_gain":0.0,"event_name":"Golden Idol","player_choice":"Take Wound","floor":3.0,"gold_loss":0.0,"damage_taken":0.0,"relics_obtained":["Golden Idol"],"cards_obtained":["Injury"]},{"damage_healed":0.0,"max_hp_gain":0.0,"max_hp_loss":0.0,"gold_gain":75.0,"event_name":"World of Goop","player_choice":"Gather Gold","floor":4.0,"gold_loss":0.0,"damage_taken":11.0},{"cards_removed":["Survivor"],"damage_healed":0.0,"max_hp_gain":0.0,"max_hp_loss":0.0,"gold_gain":0.0,"event_name":"Purifier","player_choice":"Purged","floor":12.0,"gold_loss":0.0,"damage_taken":0.0},{"damage_healed":0.0,"max_hp_gain":0.0,"max_hp_loss":0.0,"gold_gain":0.0,"event_name":"Vampires","player_choice":"Ignored","floor":19.0,"gold_loss":0.0,"damage_taken":0.0},{"damage_healed":0.0,"max_hp_gain":0.0,"max_hp_loss":0.0,"gold_gain":0.0,"event_name":"Back to Basics","player_choice":"Simplicity","floor":21.0,"gold_loss":0.0,"damage_taken":0.0,"cards_upgraded":["Strike_G","Strike_G","Strike_G","Strike_G","Strike_G","Defend_G","Defend_G","Defend_G","Defend_G"]},{"damage_healed":0.0,"max_hp_gain":0.0,"max_hp_loss":0.0,"gold_gain":0.0,"event_name":"Addict","player_choice":"Stole Relic","floor":25.0,"gold_loss":0.0,"damage_taken":0.0,"relics_obtained":["War Paint"],"cards_obtained":["Shame"]},{"damage_healed":0.0,"max_hp_gain":0.0,"max_hp_loss":0.0,"gold_gain":0.0,"event_name":"The Library","player_choice":"Read","floor":27.0,"gold_loss":0.0,"damage_taken":0.0,"cards_obtained":["Blade Dance"]},{"damage_healed":0.0,"max_hp_gain":0.0,"max_hp_loss":0.0,"gold_gain":99.0,"event_name":"Nest","player_choice":"Stole From Cult","floor":29.0,"gold_loss":0.0,"damage_taken":0.0}],"is_beta":false,"boss_relics":[{"not_picked":["Ectoplasm","Runic Pyramid"],"picked":"Astrolabe"},{"not_picked":["Snecko Eye","Runic Dome"],"picked":"Velvet Choker"}],"items_purged_floors":[11],"is_endless":false,"potions_floor_spawned":[1,6,10,13,14,16,18,22,24,30,31,33],"killed_by":"3 Darklings","ascension_level":3}}