{"host":"l84l8xigz5v5foa2","time":1609923049,"event":{"mods":["2.2 Compatiblity","AchievementEnabler","BaseMod","Better Note","Better Vampires","Card Filter","Colored Map","DeckTracker","Downfall","Gremlin Skip","Highlight Path","Keyboard Shortcuts","Minty Spire (QoL Compilation)","Permanent Neow","Quick Restart","Relic Filter","Relic Stats","StSLib","SuperFastMode","Transform Curses","Unknown Chances"],"gold_per_floor":[99,115,130,150,162,162,162,162,162,162,15,15,15,40,55,132,132,132,147,167,177,177,177,177,177,190,190,190,209,225,260,279,353,353,353,365,365,379,466,466,491,266,276,311,325,325,325,345,358,358,358,386,62,62,62],"floor_reached":56,"playtime":6937,"items_purged":["Guardian:Defend_Guardian","Guardian:TwinSlam"],"score":2332,"play_id":"8c18b397-b9a2-4c3d-a839-6479fa2f086f","local_time":"20210106175049","is_ascension_mode":true,"campfire_choices":[{"data":"Guardian:CurlUp","floor":1.0,"key":"SMITH"},{"data":"Guardian:CompilePackage","floor":8.0,"key":"SMITH"},{"data":"Guardian:Preprogram","floor":10.0,"key":"SMITH"},{"data":"Guardian:PiercingHide","floor":12.0,"key":"SMITH"},{"data":"Guardian:ExploitGems","floor":18.0,"key":"SMITH"},{"data":"Guardian:AncientConstruct","floor":23.0,"key":"SMITH"},{"data":"Guardian:StasisEngine","floor":27.0,"key":"SMITH"},{"floor":35.0,"key":"RECALL"},{"data":"Guardian:Suspension","floor":42,"key":"SMITH"},{"data":"Guardian:GemFinder","floor":46,"key":"SMITH"},{"data":"Guardian:CompilePackage","floor":54,"key":"SMITH"}],"circlet_count":0,"master_deck":["AscendersBane","Guardian:CurlUp+1","Guardian:AncientConstruct+1","Guardian:Preprogram+1","Guardian:PiercingHide+1","Guardian:CompilePackage+1","Guardian:ExploitGems+1","Guardian:Incinerate","Guardian:Recover","Guardian:Incinerate+1","Guardian:TimeCapacitor+1","Guardian:Incinerate+1","Guardian:Recover+1","Guardian:StasisEngine+1","Guardian:Suspension+1","Guardian:StasisStrike","Guardian:FuturePlans+1","Guardian:GemFinder+1","Guardian:BronzeOrb","Guardian:CompilePackage+1"],"relics":["Guardian:ModeShifter","Guardian:PocketSentry","Odd Mushroom","Astrolabe","Question Card","Mercury Hourglass","sneckomod:SneckoTalon","downfall:HeartBlessingGreen","downfall:HeartBlessingBlue","downfall:HeartBlessingRed","Smiling Mask","Toy Ornithopter"],"acts_visited":["Exordium","TheCity","TheBeyond","TheEnding"],"potions_floor_usage":[43,55],"damage_taken":[{"damage":1.0,"enemies":"2 Louse","floor":2.0,"turns":3.0},{"damage":8.0,"enemies":"Jaw Worm","floor":3.0,"turns":7.0},{"damage":4.0,"enemies":"Small Slimes","floor":4.0,"turns":5.0},{"damage":7.0,"enemies":"3 Louse","floor":5.0,"turns":5.0},{"damage":0.0,"enemies":"downfall:FleeingMerchant","floor":11.0,"turns":4.0},{"damage":0.0,"enemies":"The Mushroom Lair","floor":14.0,"turns":2.0},{"damage":0.0,"enemies":"Large Slime","floor":15.0,"turns":6.0},{"damage":46.0,"enemies":"downfall:Silent","floor":16.0,"turns":9.0},{"damage":0.0,"enemies":"Shell Parasite","floor":19.0,"turns":3.0},{"damage":11.0,"enemies":"Chosen","floor":20.0,"turns":6.0},{"damage":5.0,"enemies":"Snecko","floor":21.0,"turns":7.0},{"damage":0.0,"enemies":"Centurion and Healer","floor":26.0,"turns":7.0},{"damage":0.0,"enemies":"Snake Plant","floor":29.0,"turns":3.0},{"damage":0.0,"enemies":"3 Cultists","floor":30.0,"turns":4.0},{"damage":14.0,"enemies":"Slavers","floor":31.0,"turns":6.0},{"damage":14.0,"enemies":"Chosen and Byrds","floor":32.0,"turns":5.0},{"damage":2.0,"enemies":"downfall:Ironclad","floor":33.0,"turns":9.0},{"damage":11.0,"enemies":"Orb Walker","floor":36.0,"turns":2.0},{"damage":0,"enemies":"3 Shapes","floor":38,"turns":4},{"damage":0,"enemies":"downfall:FleeingMerchant","floor":39,"turns":3},{"damage":0,"enemies":"Sphere and 2 Shapes","floor":43,"turns":5},{"damage":0,"enemies":"Giant Head","floor":44,"turns":4},{"damage":0,"enemies":"Maw","floor":45,"turns":3},{"damage":0,"enemies":"Spire Growth","floor":48,"turns":2},{"damage":0,"enemies":"3 Darklings","floor":49,"turns":2},{"damage":0,"enemies":"downfall:Watcher","floor":50,"turns":2},{"damage":0,"enemies":"downfall:CharBossMerchant","floor":52,"turns":2},{"damage":0,"enemies":"downfall:NeowBoss","floor":55,"turns":9}],"seed_played":"-560629113633989684","potions_obtained":[{"floor":2.0,"key":"Slimebound:ThreeZeroPotion"},{"floor":4.0,"key":"Guardian:StasisDiscoveryPotion"},{"floor":19.0,"key":"Fruit Juice"},{"floor":31.0,"key":"FearPotion"},{"floor":32.0,"key":"FearPotion"},{"floor":36.0,"key":"ColorlessPotion"},{"floor":44,"key":"GamblersBrew"}],"is_trial":false,"path_per_floor":["R","M","M","M","M","?","T","R","?","R","$","R","?","?","M","B",null,"R","M","M","M","?","R","T","?","M","R","?","M","M","E","M","B",null,"R","M","?","M","$","?","T","R","M","E","M","R","?","M","M","B",null,"E","$","R","B",null],"character_chosen":"GUARDIAN","items_purchased":["Guardian:ExploitGems","Guardian:Incinerate","Guardian:GemFinder","CultistPotion","Guardian:CompilePackage"],"campfire_rested":0,"item_purchase_floors":[11,11,39,53,53],"current_hp_per_floor":[65,64,56,52,45,45,45,45,45,45,45,45,50,50,50,4,59,59,64,53,48,48,48,48,48,48,48,48,48,48,34,20,18,66,66,55,55,55,55,55,55,65,65,65,65,65,65,65,65,65,85,85,85,85,90],"gold":62,"neow_bonus":"ONE_RANDOM_RARE_CARD","is_daily":false,"chose_seed":false,"campfire_upgraded":10,"win_rate":0.0,"timestamp":1609923049,"path_taken":["R","M","M","M","M","?","T","R","?","R","?","R","?","?","M","BOSS","R","M","M","M","?","R","T","?","M","R","?","M","M","E","M","BOSS","R","M","?","M","$","?","T","R","M","E","M","R","?","M","M","BOSS","E","$","R","BOSS"],"items_purchased_type":["Card","Card","Card","Potion","Card"],"build_version":"2020-12-22","purchased_purges":2,"victory":true,"max_hp_per_floor":[72,72,72,72,72,72,72,72,72,72,72,72,77,77,77,77,77,77,82,82,82,82,82,82,82,82,82,82,82,82,82,82,82,82,82,82,82,82,82,82,82,92,92,92,92,92,92,92,92,92,92,92,92,92,92],"relic_stats":{"counters":[28,129],"Astrolabe":["Guardian:Incinerate","Guardian:TimeCapacitor","Guardian:Incinerate"],"Question Card":21,"Smiling Mask":50,"obtain_stats":[{"downfall:HeartBlessingRed":42,"downfall:HeartBlessingBlue":42,"Astrolabe":17,"Guardian:ModeShifter":0,"downfall:HeartBlessingGreen":42,"Guardian:PocketSentry":7,"Odd Mushroom":14,"Question Card":24,"sneckomod:SneckoTalon":34,"Smiling Mask":44,"Toy Ornithopter":52,"Mercury Hourglass":31},{"downfall:HeartBlessingRed":20,"downfall:HeartBlessingBlue":20,"Astrolabe":8,"Guardian:ModeShifter":0,"downfall:HeartBlessingGreen":20,"Guardian:PocketSentry":4,"Odd Mushroom":6,"Question Card":11,"sneckomod:SneckoTalon":17,"Smiling Mask":22,"Toy Ornithopter":27,"Mercury Hourglass":15},{"downfall:HeartBlessingRed":100,"downfall:HeartBlessingBlue":100,"Astrolabe":41,"Guardian:ModeShifter":0,"downfall:HeartBlessingGreen":100,"Guardian:PocketSentry":20,"Odd Mushroom":26,"Question Card":57,"sneckomod:SneckoTalon":91,"Smiling Mask":109,"Toy Ornithopter":120,"Mercury Hourglass":77}],"Toy Ornithopter":5,"Mercury Hourglass":[166]},"card_choices":[{"not_picked":["Guardian:Clone","Guardian:SpikerProtocol"],"picked":"Guardian:Preprogram","floor":2.0},{"not_picked":["Guardian:Reroute","Guardian:PrimingBeam"],"picked":"Guardian:PiercingHide","floor":3.0},{"not_picked":["Guardian:ChargeCore","Guardian:Suspension"],"picked":"Guardian:CompilePackage","floor":4.0},{"not_picked":["Guardian:Gem_Green","Guardian:Orbwalk"],"picked":"Guardian:ChargeCore","floor":5.0},{"not_picked":["Guardian:Gem_Blue","Guardian:Suspension","Guardian:Gem_Lightblue"],"picked":"SKIP","floor":11.0},{"not_picked":["Guardian:ShieldCharger","Guardian:MultiBeam"],"picked":"Guardian:Recover","floor":14.0},{"not_picked":["Guardian:SpikerProtocol","Guardian:ShieldCharger"],"picked":"Guardian:Gem_White","floor":15.0},{"not_picked":["Guardian:HyperBeam_Guardian","Guardian:FastForward"],"picked":"Guardian:Gem_Orange","floor":16.0},{"not_picked":["Guardian:ArmoredProtocol","Guardian:TemporalShield"],"picked":"Guardian:Recover+1","floor":19.0},{"not_picked":["Guardian:Recover","Guardian:Incinerate"],"picked":"Guardian:Gem_Cyan","floor":20.0},{"not_picked":["Guardian:Gem_Lightblue","Guardian:TemporalStrike","Guardian:SpikerProtocol"],"picked":"SKIP","floor":21.0},{"not_picked":["Guardian:PiercingHide+1","Guardian:Recover","Guardian:WalkerClaw"],"picked":"Guardian:StasisEngine","floor":26.0},{"not_picked":["Guardian:TemporalShield","Guardian:ShieldCharger","Guardian:PrimingBeam"],"picked":"Guardian:Suspension","floor":29.0},{"not_picked":["Guardian:ChargeCore","Guardian:ShieldCharger","Guardian:Gem_Green","Guardian:TimeBomb"],"picked":"SKIP","floor":30.0},{"not_picked":["Guardian:Gem_Red","Guardian:Incinerate+1","Guardian:PrimingBeam"],"picked":"Guardian:Gem_Yellow","floor":31.0},{"not_picked":["Guardian:TemporalShield","Guardian:EvasiveProtocol","Guardian:Gem_Cyan"],"picked":"Guardian:Gem_White","floor":32.0},{"not_picked":["Guardian:GatlingBeam","Guardian:GemFire","Guardian:AncientConstruct"],"picked":"Guardian:StasisStrike","floor":33.0},{"not_picked":["Guardian:Planning","Guardian:WalkerClaw+1","Guardian:ChargeCore+1"],"picked":"Guardian:Gem_Cyan","floor":36.0},{"not_picked":["Guardian:FastForward","Guardian:MultiBeam","Guardian:ShieldCharger"],"picked":"Guardian:FuturePlans+1","floor":38},{"not_picked":["Guardian:Gem_Lightblue","Guardian:MultiBeam","Guardian:TemporalStrike","Guardian:Harden+1"],"picked":"SKIP","floor":39},{"not_picked":["Guardian:Recover","Guardian:ShieldCharger+1","Guardian:ShieldSpikes","Guardian:Harden"],"picked":"SKIP","floor":43},{"not_picked":["Guardian:Gem_Lightblue","Guardian:Gem_Red"],"picked":"Guardian:Gem_Cyan","floor":44},{"not_picked":["Guardian:RefractedBeam","Guardian:DecasProtection","Guardian:ShieldCharger","Guardian:CrystalBeam"],"picked":"SKIP","floor":44},{"not_picked":["Guardian:Gem_Green","Guardian:Gem_Red"],"picked":"Guardian:Gem_Cyan","floor":45},{"not_picked":["Guardian:Incinerate","Guardian:ChargeCore+1","Guardian:PrimingBeam","Guardian:DecasProtection"],"picked":"SKIP","floor":45},{"not_picked":["Guardian:Gem_Red","Guardian:Gem_Lightblue"],"picked":"Guardian:Gem_Cyan","floor":48},{"not_picked":["Guardian:WalkerClaw","Guardian:Harden+1","Guardian:RollAttack","Guardian:Incinerate+1"],"picked":"SKIP","floor":48},{"not_picked":["Guardian:Gem_Red","Guardian:Gem_Green"],"picked":"Guardian:Gem_Cyan","floor":49},{"not_picked":["Guardian:Incinerate","Guardian:PrismaticBeam","Guardian:SentryBeam+1","Guardian:Gem_Red"],"picked":"SKIP","floor":49},{"not_picked":["Guardian:Gem_Green","Guardian:Gem_Lightblue"],"picked":"Guardian:Gem_Cyan","floor":52},{"not_picked":["Guardian:DecasProtection","Guardian:Gem_Green","Guardian:PrismaticBarrier+1","Guardian:VentSteam"],"picked":"SKIP","floor":52}],"player_experience":2914747,"relics_obtained":[{"floor":7.0,"key":"Guardian:PocketSentry"},{"floor":14.0,"key":"Odd Mushroom"},{"floor":24.0,"key":"Question Card"},{"floor":31.0,"key":"Mercury Hourglass"},{"floor":44,"key":"Smiling Mask"},{"floor":52,"key":"Toy Ornithopter"}],"event_choices":[{"damage_healed":0.0,"max_hp_gain":5.0,"max_hp_loss":0.0,"gold_gain":0.0,"event_name":"Big Fish","player_choice":"Donut","floor":13.0,"gold_loss":0.0,"damage_taken":0.0},{"damage_healed":0.0,"max_hp_gain":0.0,"max_hp_loss":0.0,"gold_gain":0.0,"event_name":"Mushrooms","player_choice":"Fought Mushrooms","floor":14.0,"gold_loss":0.0,"damage_taken":0.0},{"cards_removed":["Guardian:Defend_Guardian"],"damage_healed":0.0,"max_hp_gain":0.0,"max_hp_loss":0.0,"gold_gain":0.0,"event_name":"Back to Basics","player_choice":"Elegance","floor":25.0,"gold_loss":0.0,"damage_taken":0.0},{"damage_healed":0.0,"max_hp_gain":0.0,"max_hp_loss":0.0,"gold_gain":0.0,"event_name":"Ghosts","player_choice":"Ignored","floor":28.0,"gold_loss":0.0,"damage_taken":0.0},{"cards_removed":["Guardian:ChargeCore"],"damage_healed":0,"gold_gain":0,"player_choice":"Removed Attack","damage_taken":0,"max_hp_gain":0,"max_hp_loss":0,"event_name":"Falling","floor":40,"gold_loss":0},{"damage_healed":0,"gold_gain":0,"cards_transformed":["Guardian:Defend_Guardian"],"player_choice":"Transformed","damage_taken":0,"max_hp_gain":0,"max_hp_loss":0,"event_name":"Transmorgrifier","floor":47,"gold_loss":0,"cards_obtained":["Guardian:BronzeOrb"]}],"is_beta":false,"boss_relics":[{"not_picked":["Guardian:StasisSlotReductionRelic","Guardian:ModeShifterPlus"],"picked":"Astrolabe"},{"not_picked":["Calling Bell","Fusion Hammer"],"picked":"sneckomod:SneckoTalon"}],"items_purged_floors":[39,53],"is_endless":false,"potions_floor_spawned":[2,4,19,31,32,36,44,49],"ascension_level":20}}