{"host":"dmdprxj8bosbz96f","time":1609942279,"event":{"mods":["AchievementEnabler","BaseMod","Colored Map","DeckTracker","Minty Spire (QoL Compilation)","Quick Restart","SuperFastMode","everything is the same but u backflip on backflip"],"gold_per_floor":[114,114,15,15,27,60,60,90,90,90,265,277,33,46,46,150,150,134,134,147,123,123,123,123],"floor_reached":23,"playtime":603,"items_purged":["Regret","Doubt"],"score":246,"play_id":"23ec17d9-da8f-498c-8952-519f3ba4fb2e","local_time":"20210106231119","is_ascension_mode":true,"campfire_choices":[{"floor":7.0,"key":"REST"},{"data":"Bouncing Flask","floor":10.0,"key":"SMITH"},{"floor":15,"key":"REST"}],"circlet_count":0,"master_deck":["Strike_G","Strike_G","Strike_G","Strike_G","Defend_G","Defend_G","Defend_G","Defend_G","Survivor","Neutralize","Noxious Fumes","Bouncing Flask+1","Backflip","Acrobatics","Well Laid Plans","Eviscerate","Eviscerate","Backflip","A Thousand Cuts","Outmaneuver","Crippling Poison","Backflip"],"relics":["Ring of the Serpent","Ginger","The Specimen","Tingsha","Lizard Tail","Bottled Lightning","Blood Vial","Enchiridion"],"acts_visited":["Exordium","TheCity"],"potions_floor_usage":[16],"damage_taken":[{"damage":1.0,"enemies":"2 Louse","floor":1.0,"turns":3.0},{"damage":3.0,"enemies":"Small Slimes","floor":5.0,"turns":4.0},{"damage":18.0,"enemies":"3 Sentries","floor":6.0,"turns":5.0},{"damage":20.0,"enemies":"Gremlin Nob","floor":8.0,"turns":4.0},{"damage":4,"enemies":"Jaw Worm","floor":12,"turns":3},{"damage":7,"enemies":"Looter","floor":14,"turns":3},{"damage":44,"enemies":"Hexaghost","floor":16,"turns":9},{"damage":31,"enemies":"2 Thieves","floor":18,"turns":4},{"damage":8,"enemies":"Chosen","floor":20,"turns":4},{"damage":0,"enemies":"Gremlin Leader","floor":23,"turns":1}],"seed_played":"-2259373319529149050","potions_obtained":[{"floor":1.0,"key":"EssenceOfSteel"},{"floor":5.0,"key":"DuplicationPotion"},{"floor":6.0,"key":"AttackPotion"},{"floor":14,"key":"AttackPotion"},{"floor":18,"key":"LiquidBronze"}],"is_trial":false,"path_per_floor":["M","?","$","?","M","E","R","E","T","R","?","M","$","M","R","B",null,"M","?","M","$","?","E"],"character_chosen":"THE_SILENT","items_purchased":["Backflip","Blood Vial","Backflip"],"campfire_rested":2,"item_purchase_floors":[3,13,21],"current_hp_per_floor":[69,69,69,62,59,41,62,42,42,42,42,38,38,33,54,12,56,27,27,21,21,5,7,7],"gold":123,"neow_bonus":"TRANSFORM_CARD","is_daily":false,"chose_seed":false,"campfire_upgraded":1,"win_rate":0.0,"timestamp":1609942279,"path_taken":["M","?","$","?","M","E","R","E","T","R","?","M","$","M","R","BOSS","M","?","M","$","?","E"],"items_purchased_type":["Card","Relic","Card"],"build_version":"2020-12-22","purchased_purges":2,"victory":false,"max_hp_per_floor":[70,70,70,70,70,70,70,70,70,70,70,70,70,70,70,70,70,70,70,70,70,70,70,70],"card_choices":[{"not_picked":["Dagger Throw","Infinite Blades"],"picked":"Bouncing Flask","floor":1.0},{"not_picked":["Eviscerate","Cloak And Dagger"],"picked":"Acrobatics","floor":5.0},{"not_picked":["Expertise","Dagger Spray"],"picked":"Well Laid Plans","floor":6.0},{"not_picked":["Slice","Expertise"],"picked":"Eviscerate","floor":8.0},{"not_picked":["Quick Slash","Cloak And Dagger"],"picked":"Eviscerate","floor":12},{"not_picked":["Masterful Stab","Acrobatics"],"picked":"Backflip","floor":14},{"not_picked":["Venomology","Phantasmal Killer"],"picked":"A Thousand Cuts","floor":16},{"not_picked":["Flying Knee","Poisoned Stab"],"picked":"Outmaneuver","floor":18},{"not_picked":["Flying Knee","Prepared"],"picked":"Crippling Poison","floor":20}],"player_experience":169415,"relics_obtained":[{"floor":6.0,"key":"Tingsha"},{"floor":8.0,"key":"Lizard Tail"},{"floor":9.0,"key":"Bottled Lightning"},{"floor":22,"key":"Enchiridion"}],"event_choices":[{"damage_healed":0.0,"max_hp_gain":0.0,"max_hp_loss":0.0,"gold_gain":0.0,"event_name":"Big Fish","player_choice":"Box","floor":2.0,"gold_loss":0.0,"damage_taken":0.0,"relics_obtained":["Ginger"],"cards_obtained":["Regret"]},{"damage_healed":0.0,"max_hp_gain":0.0,"max_hp_loss":0.0,"gold_gain":0.0,"event_name":"Scrap Ooze","player_choice":"Success","floor":4.0,"gold_loss":0.0,"damage_taken":7.0,"relics_obtained":["The Specimen"]},{"damage_healed":0.0,"max_hp_gain":0.0,"max_hp_loss":0.0,"gold_gain":175.0,"event_name":"Liars Game","player_choice":"AGREE","floor":11.0,"gold_loss":0.0,"damage_taken":0.0,"cards_obtained":["Doubt"]},{"cards_removed":["Strike_G"],"damage_healed":0,"gold_gain":0,"player_choice":"Elegance","damage_taken":0,"max_hp_gain":0,"max_hp_loss":0,"event_name":"Back to Basics","floor":19,"gold_loss":0},{"damage_healed":0,"gold_gain":0,"player_choice":"Obtained Book","damage_taken":16,"max_hp_gain":0,"max_hp_loss":0,"event_name":"Cursed Tome","floor":22,"gold_loss":0}],"is_beta":false,"boss_relics":[{"not_picked":["Philosopher\u0027s Stone","Runic Pyramid"],"picked":"Ring of the Serpent"}],"items_purged_floors":[3,13],"is_endless":false,"potions_floor_spawned":[1,5,6,14,18],"killed_by":"Gremlin Leader","ascension_level":5}}