{"host":"hve1dyh1ly81yl9f","time":1609952161,"event":{"mods":["BaseMod","Colored Map","DeckTracker","Highlight Path","Keyboard Shortcuts","Minty Spire (QoL Compilation)","Permanent Neow","StSLib","SuperFastMode"],"gold_per_floor":[109,124,136,64,76,76,101,101,101,101,101,111,127,227,227,326,326,316,332,344,344,344,344],"floor_reached":22,"playtime":566,"items_purged":[],"score":188,"play_id":"b3801fd3-780b-45d6-ae8a-d7e771b1dc59","local_time":"20210107015601","is_ascension_mode":false,"campfire_choices":[{"floor":6,"key":"REST"},{"floor":8,"key":"REST"},{"floor":15,"key":"REST"}],"circlet_count":0,"master_deck":["Strike_B","Strike_B","Strike_B","Strike_B","Defend_B","Defend_B","Defend_B","Defend_B","Zap","Dualcast","Multi-Cast","Leap","Hologram","Doom and Gloom","Hologram","Multi-Cast","Redo"],"relics":["Cracked Core","Smiling Mask","Eternal Feather","Dream Catcher","Sozu","MutagenicStrength"],"acts_visited":["Exordium","TheCity"],"potions_floor_usage":[7,7,16,20,20],"damage_taken":[{"damage":6.0,"enemies":"Cultist","floor":1.0,"turns":3.0},{"damage":6.0,"enemies":"Jaw Worm","floor":2.0,"turns":3.0},{"damage":17.0,"enemies":"Small Slimes","floor":3.0,"turns":3.0},{"damage":11,"enemies":"Looter","floor":5,"turns":3},{"damage":12,"enemies":"Lagavulin","floor":7,"turns":5},{"damage":18,"enemies":"Exordium Wildlife","floor":12,"turns":3},{"damage":12,"enemies":"Blue Slaver","floor":13,"turns":3},{"damage":45,"enemies":"Slime Boss","floor":16,"turns":6},{"damage":32,"enemies":"2 Thieves","floor":18,"turns":4},{"damage":7,"enemies":"Chosen","floor":19,"turns":5},{"damage":41,"enemies":"3 Cultists","floor":20,"turns":5},{"damage":6,"enemies":"Snecko","floor":22,"turns":4}],"seed_played":"1461226692301481098","potions_obtained":[{"floor":1.0,"key":"FocusPotion"},{"floor":2.0,"key":"Fruit Juice"},{"floor":3.0,"key":"SneckoOil"},{"floor":11,"key":"Block Potion"},{"floor":11,"key":"SkillPotion"},{"floor":11,"key":"DistilledChaos"},{"floor":13,"key":"SteroidPotion"},{"floor":16,"key":"Regen Potion"}],"is_trial":false,"path_per_floor":["M","M","M","$","M","R","E","R","T","T","?","M","M","?","R","B",null,"M","M","M","?","M"],"character_chosen":"DEFECT","items_purchased":["Doom and Gloom"],"campfire_rested":3,"item_purchase_floors":[4],"current_hp_per_floor":[48,42,25,25,14,36,29,53,53,53,53,35,23,23,56,11,80,48,41,5,5,0,0],"gold":344,"neow_bonus":"THREE_RARE_CARDS","is_daily":false,"chose_seed":false,"campfire_upgraded":0,"win_rate":0.0,"timestamp":1609952161,"path_taken":["M","M","M","$","M","R","E","R","T","?","?","?","?","?","R","BOSS","M","?","M","?","M"],"items_purchased_type":["Card"],"build_version":"2020-12-22","purchased_purges":0,"victory":false,"max_hp_per_floor":[75,75,75,75,75,75,80,80,80,80,80,80,80,80,80,80,80,80,80,80,80,80,80],"card_choices":[{"not_picked":["Buffer","Fission"],"picked":"Multi-Cast","floor":0.0},{"not_picked":["Blizzard","Heatsinks"],"picked":"Leap","floor":1.0},{"not_picked":["Steam","Compile Driver","Chill"],"picked":"SKIP","floor":2.0},{"not_picked":["Beam Cell","Cold Snap"],"picked":"Hologram","floor":3.0},{"not_picked":["Go for the Eyes","Force Field","Self Repair"],"picked":"SKIP","floor":5},{"not_picked":["Steam Power","Skim"],"picked":"Hologram","floor":7},{"not_picked":["Blizzard","Go for the Eyes","Compile Driver"],"picked":"SKIP","floor":12},{"not_picked":["Stack","Rebound","Rip and Tear"],"picked":"SKIP","floor":13},{"not_picked":["Echo Form","All For One"],"picked":"Multi-Cast","floor":16},{"not_picked":["Barrage","Coolheaded","Chaos+1"],"picked":"SKIP","floor":18},{"not_picked":["Gash+1","Streamline"],"picked":"Redo","floor":19},{"not_picked":["Hologram","Ball Lightning","Rip and Tear+1"],"picked":"SKIP","floor":20}],"player_experience":282297,"relics_obtained":[{"floor":7,"key":"Smiling Mask"},{"floor":9,"key":"Eternal Feather"},{"floor":10,"key":"Dream Catcher"}],"event_choices":[{"damage_healed":0,"gold_gain":0,"player_choice":"Got Potions","damage_taken":0,"max_hp_gain":0,"max_hp_loss":0,"event_name":"Lab","floor":11,"gold_loss":0},{"damage_healed":0,"gold_gain":100,"player_choice":"Pray","damage_taken":0,"max_hp_gain":0,"max_hp_loss":0,"event_name":"Golden Shrine","floor":14,"gold_loss":0},{"damage_healed":0,"gold_gain":0,"player_choice":"Inject Mutagens","damage_taken":0,"relics_obtained":["MutagenicStrength"],"max_hp_gain":0,"max_hp_loss":0,"event_name":"Drug Dealer","floor":21,"gold_loss":0}],"is_beta":false,"boss_relics":[{"not_picked":["Fusion Hammer","Cursed Key"],"picked":"Sozu"}],"items_purged_floors":[],"is_endless":false,"potions_floor_spawned":[1,2,3,13,16],"killed_by":"Snecko","ascension_level":0}}