{"host":"3a1ypf1irl30q4k8","time":1609968586,"event":{"mods":["AchievementEnabler","BaseMod","Bestiary","Colored Map","Minty Spire (QoL Compilation)","Relic Stats"],"gold_per_floor":[113,125,142,22,37,65,27,61,61,88,88,107,123,123,123,228,228,244,244,244,46,61,61,75,101,126,126,142,153,153,167,167,262,262,279,290,310,32,44,44,69,69,149,249,249,249],"floor_reached":45,"playtime":2812,"items_purged":["Strike_P","Strike_P"],"score":511,"play_id":"7ccdfa47-2e61-461e-b4ce-8ac71bbbc9c2","local_time":"20210106212946","is_ascension_mode":true,"campfire_choices":[{"data":"Eruption","floor":11,"key":"SMITH"},{"data":"WheelKick","floor":15,"key":"SMITH"},{"data":"LessonLearned","floor":23,"key":"SMITH"},{"floor":30,"key":"REST"},{"floor":32,"key":"REST"},{"data":"TalkToTheHand","floor":40,"key":"SMITH"}],"circlet_count":0,"master_deck":["Defend_P+1","Defend_P","Defend_P","Defend_P","Eruption+1","Vigilance","EmptyBody","SignatureMove","ClearTheMind","Halt","FollowUp","ThirdEye","CutThroughFate+1","DeusExMachina","TalkToTheHand+1","ThirdEye+1","FollowUp+1","Adaptation+1","LessonLearned+1","InnerPeace","MentalFortress+1","CutThroughFate+1","Shame","Madness","Meditate","FlurryOfBlows+1","Fasting2+1","Backflip","ClearTheMind+1","Vault","TalkToTheHand+1","TalkToTheHand+1","EmptyMind+1"],"relics":["Black Star","Smiling Mask","MealTicket","Shuriken","Question Card","Blood Vial","Vajra","Frozen Egg 2","Velvet Choker","Oddly Smooth Stone","Bag of Preparation","Damaru","Bronze Scales","Runic Pyramid","DollysMirror","Dream Catcher","CeramicFish","Bottled Lightning"],"acts_visited":["Exordium","TheCity","TheBeyond"],"potions_floor_usage":[6,18,25,25,28,29,33,41],"damage_taken":[{"damage":2,"enemies":"Small Slimes","floor":1,"turns":3},{"damage":5,"enemies":"Jaw Worm","floor":2,"turns":4},{"damage":4,"enemies":"2 Louse","floor":3,"turns":4},{"damage":3,"enemies":"Red Slaver","floor":5,"turns":2},{"damage":14,"enemies":"3 Sentries","floor":6,"turns":5},{"damage":9,"enemies":"Lagavulin","floor":8,"turns":5},{"damage":11,"enemies":"3 Sentries","floor":10,"turns":5},{"damage":1,"enemies":"Looter","floor":12,"turns":2},{"damage":0,"enemies":"Exordium Thugs","floor":13,"turns":2},{"damage":7,"enemies":"The Guardian","floor":16,"turns":7},{"damage":0,"enemies":"Shell Parasite","floor":18,"turns":2},{"damage":10,"enemies":"Spheric Guardian","floor":22,"turns":4},{"damage":22,"enemies":"Centurion and Healer","floor":24,"turns":5},{"damage":16,"enemies":"Gremlin Leader","floor":25,"turns":5},{"damage":20,"enemies":"Snecko","floor":28,"turns":5},{"damage":0,"enemies":"Snake Plant","floor":29,"turns":2},{"damage":0,"enemies":"3 Cultists","floor":31,"turns":5},{"damage":43,"enemies":"Collector","floor":33,"turns":10},{"damage":4,"enemies":"Orb Walker","floor":35,"turns":2},{"damage":0,"enemies":"3 Shapes","floor":36,"turns":4},{"damage":21,"enemies":"3 Darklings","floor":37,"turns":4},{"damage":0,"enemies":"Maw","floor":39,"turns":7},{"damage":55,"enemies":"Reptomancer","floor":41,"turns":10},{"damage":17,"enemies":"Giant Head","floor":45,"turns":2}],"seed_played":"-1973678926838855477","potions_obtained":[{"floor":2,"key":"EssenceOfSteel"},{"floor":3,"key":"Dexterity Potion"},{"floor":8,"key":"SpeedPotion"},{"floor":10,"key":"Explosive Potion"},{"floor":16,"key":"LiquidMemories"},{"floor":22,"key":"Fire Potion"},{"floor":25,"key":"LiquidBronze"},{"floor":28,"key":"AttackPotion"},{"floor":39,"key":"Dexterity Potion"},{"floor":41,"key":"EssenceOfSteel"}],"is_trial":false,"path_per_floor":["M","M","M","$","M","E","$","E","T","E","R","M","M","?","R","B",null,"M","?","?","$","M","R","M","E","T","?","M","M","R","M","R","B",null,"M","M","M","$","M","R","E","?","T","?","E"],"character_chosen":"WATCHER","items_purchased":["Halt","FollowUp","ThirdEye","TalkToTheHand","Oddly Smooth Stone","TalkToTheHand","DollysMirror"],"campfire_rested":2,"item_purchase_floors":[4,4,4,7,21,38,38],"current_hp_per_floor":[70,65,61,61,58,44,59,50,50,41,41,42,44,44,44,39,72,72,72,72,72,62,62,42,28,28,28,10,12,33,35,56,15,72,68,70,51,66,68,68,15,15,15,15,0,0],"gold":249,"neow_bonus":"BOSS_RELIC","is_daily":false,"chose_seed":false,"campfire_upgraded":4,"win_rate":0.0,"timestamp":1609968586,"path_taken":["M","M","M","$","M","E","$","E","T","E","R","M","M","?","R","BOSS","M","?","?","$","M","R","?","E","T","?","M","M","R","M","R","BOSS","M","M","M","$","M","R","E","?","T","?","E"],"items_purchased_type":["Card","Card","Card","Card","Relic","Card","Relic"],"build_version":"2020-12-22","purchased_purges":2,"victory":false,"max_hp_per_floor":[72,72,72,72,72,72,72,72,72,72,72,72,72,72,72,72,72,72,72,72,72,72,72,72,72,72,72,72,72,72,72,72,72,72,72,72,72,72,72,72,72,72,72,72,72,72],"relic_stats":{"Blood Vial":30,"Dream Catcher":0,"counters":[24,106],"Shuriken":[32],"Bronze Scales":[126],"CeramicFish":0,"MealTicket":30,"Black Star":5,"Bag of Preparation":[21],"Smiling Mask":75,"Question Card":17,"obtain_stats":[{"CeramicFish":41,"Vajra":10,"Velvet Choker":17,"Oddly Smooth Stone":21,"Damaru":25,"Bag of Preparation":25,"Frozen Egg 2":10,"Smiling Mask":6,"Question Card":8,"Blood Vial":9,"Dream Catcher":41,"Shuriken":8,"DollysMirror":38,"Bronze Scales":26,"MealTicket":6,"Black Star":0,"Bottled Lightning":43,"PureWater":0,"Runic Pyramid":34},{"CeramicFish":23,"Vajra":7,"Velvet Choker":10,"Oddly Smooth Stone":11,"Damaru":14,"Bag of Preparation":14,"Frozen Egg 2":7,"Smiling Mask":5,"Question Card":6,"Blood Vial":6,"Dream Catcher":23,"Shuriken":6,"DollysMirror":21,"Bronze Scales":14,"MealTicket":5,"Black Star":0,"Bottled Lightning":23,"PureWater":0,"Runic Pyramid":18},{"CeramicFish":104,"Vajra":28,"Velvet Choker":39,"Oddly Smooth Stone":41,"Damaru":55,"Bag of Preparation":55,"Frozen Egg 2":28,"Smiling Mask":18,"Question Card":23,"Blood Vial":23,"Dream Catcher":104,"Shuriken":23,"DollysMirror":87,"Bronze Scales":55,"MealTicket":18,"Black Star":0,"Bottled Lightning":104,"PureWater":0,"Runic Pyramid":77}]},"card_choices":[{"not_picked":["JustLucky","Protect"],"picked":"EmptyBody","floor":1},{"not_picked":["Nirvana","WreathOfFlame"],"picked":"SignatureMove","floor":2},{"not_picked":["JustLucky","CarveReality"],"picked":"ClearTheMind","floor":3},{"not_picked":["FlyingSleeves","Weave"],"picked":"CutThroughFate","floor":5},{"not_picked":["SpiritShield","Perseverance"],"picked":"DeusExMachina","floor":6},{"not_picked":["CarveReality","Sanctity"],"picked":"ThirdEye","floor":8},{"not_picked":["EmptyFist","ForeignInfluence","FearNoEvil"],"picked":"FollowUp","floor":10},{"not_picked":["EmptyBody","FollowUp","ClearTheMind"],"picked":"WheelKick","floor":12},{"not_picked":["CutThroughFate","Halt","Perseverance"],"picked":"Adaptation+1","floor":13},{"not_picked":["Omniscience","Vault","Judgement"],"picked":"LessonLearned","floor":16},{"not_picked":["EmptyBody","CrushJoints","Crescendo+1"],"picked":"InnerPeace","floor":18},{"not_picked":["PathToVictory","EmptyFist","FlurryOfBlows"],"picked":"Meditate","floor":22},{"not_picked":["FlyingSleeves","PathToVictory","CutThroughFate"],"picked":"FlurryOfBlows+1","floor":24},{"not_picked":["ForeignInfluence","TalkToTheHand","SpiritShield"],"picked":"Fasting2+1","floor":25},{"not_picked":["WreathOfFlame","WheelKick","SandsOfTime"],"picked":"ClearTheMind+1","floor":28},{"not_picked":["PathToVictory","FlurryOfBlows","FollowUp","Consecrate"],"picked":"SKIP","floor":29},{"not_picked":["Halt+1","EmptyBody","EmptyFist"],"picked":"Scrawl","floor":31},{"not_picked":["ConjureBlade","MasterReality+1","Wish"],"picked":"Vault","floor":33},{"not_picked":["Crescendo","Fasting2+1","BowlingBash","EmptyFist+1"],"picked":"SKIP","floor":35},{"not_picked":["CrushJoints","CarveReality","Prostrate+1","FollowUp+1"],"picked":"SKIP","floor":36},{"not_picked":["Protect+1","Weave","InnerPeace+1","JustLucky"],"picked":"SKIP","floor":37},{"not_picked":["Crescendo+1","BowlingBash+1","Alpha"],"picked":"EmptyMind+1","floor":39},{"not_picked":["EmptyBody","ThirdEye","ClearTheMind","BattleHymn+1"],"picked":"SKIP","floor":41}],"player_experience":983070,"relics_obtained":[{"floor":6,"key":"Smiling Mask"},{"floor":6,"key":"MealTicket"},{"floor":8,"key":"Shuriken"},{"floor":8,"key":"Question Card"},{"floor":9,"key":"Blood Vial"},{"floor":10,"key":"Vajra"},{"floor":10,"key":"Frozen Egg 2"},{"floor":25,"key":"Bag of Preparation"},{"floor":25,"key":"Damaru"},{"floor":26,"key":"Bronze Scales"},{"floor":41,"key":"Dream Catcher"},{"floor":41,"key":"CeramicFish"},{"floor":43,"key":"Bottled Lightning"}],"event_choices":[{"damage_healed":0,"gold_gain":0,"player_choice":"Grow","damage_taken":0,"max_hp_gain":0,"max_hp_loss":0,"event_name":"Living Wall","floor":14,"gold_loss":0,"cards_upgraded":["TalkToTheHand"]},{"damage_healed":0,"gold_gain":0,"cards_transformed":["Strike_P","Strike_P"],"player_choice":"Became Test Subject","damage_taken":0,"max_hp_gain":0,"max_hp_loss":0,"event_name":"Drug Dealer","floor":19,"gold_loss":0,"cards_obtained":["MentalFortress","CutThroughFate"]},{"damage_healed":0,"gold_gain":0,"player_choice":"2 cards matched","damage_taken":0,"max_hp_gain":0,"max_hp_loss":0,"event_name":"Match and Keep!","floor":20,"gold_loss":0,"cards_obtained":["Shame","Madness"]},{"cards_removed":["WheelKick"],"damage_healed":0,"gold_gain":0,"player_choice":"Took Card","damage_taken":0,"max_hp_gain":0,"max_hp_loss":0,"event_name":"NoteForYourself","floor":27,"gold_loss":0,"cards_obtained":["Backflip"]},{"cards_removed":["Scrawl"],"damage_healed":0,"gold_gain":0,"player_choice":"Removed Skill","damage_taken":0,"max_hp_gain":0,"max_hp_loss":0,"event_name":"Falling","floor":42,"gold_loss":0},{"damage_healed":0,"gold_gain":100,"player_choice":"Pray","damage_taken":0,"max_hp_gain":0,"max_hp_loss":0,"event_name":"Golden Shrine","floor":44,"gold_loss":0}],"is_beta":false,"boss_relics":[{"not_picked":["SacredBark","Astrolabe"],"picked":"Velvet Choker"},{"not_picked":["Tiny House","Philosopher\u0027s Stone"],"picked":"Runic Pyramid"}],"items_purged_floors":[21,38],"is_endless":false,"potions_floor_spawned":[2,3,8,10,16,22,25,28,39,41],"killed_by":"Giant Head","ascension_level":1}}