{"host":"yvlk1m4foro8gl4v","time":1609898175,"event":{"mods":["AchievementEnabler","Act Like it!","BaseMod","Minty Spire (QoL Compilation)","Relic Stats","StSLib","The Servant 0.9.4","Uncapped"],"gold_per_floor":[114,114,131,131,157,185,185,204,204,221,221,221,221,236,236,333,333,352,368,378,396,396,407,407,506,506,588,588,518,528,544,544,644,644,662,678,678,455,455,455,374,409,434,434,434],"floor_reached":44,"playtime":2147,"items_purged":[],"score":721,"play_id":"0bc42f70-8f8d-4f9f-997b-e0e077e2c69a","local_time":"20210106015615","is_ascension_mode":true,"campfire_choices":[{"data":"Body Slam","floor":7.0,"key":"SMITH"},{"data":"Armaments","floor":15.0,"key":"SMITH"},{"floor":24.0,"key":"REST"},{"data":"Shockwave","floor":28.0,"key":"SMITH"},{"floor":32.0,"key":"REST"},{"data":"Fire Breathing","floor":40.0,"key":"SMITH"}],"circlet_count":0,"master_deck":["Strike_R+1","Strike_R+1","Strike_R+1","Defend_R+1","Defend_R+1","Defend_R+1","Defend_R+1","Bash","Body Slam+1","Armaments+1","Fire Breathing+1","Feed","Shockwave+1","Parasite","Clumsy","Entrench","Flame Barrier","Shrug It Off","Fire Breathing+1","Writhe","Metallicize","Evolve+1","Clumsy"],"relics":["Burning Blood","NeowsBlessing","War Paint","Pocketwatch","Kunai","Shuriken","Cursed Key","Ancient Tea Set","Molten Egg 2","Mark of Pain","Dream Catcher","Lantern"],"acts_visited":["Exordium","TheCity","TheBeyond"],"potions_floor_usage":[],"damage_taken":[{"damage":0.0,"enemies":"2 Louse","floor":1.0,"turns":1.0},{"damage":0.0,"enemies":"Jaw Worm","floor":3.0,"turns":1.0},{"damage":0.0,"enemies":"Gremlin Nob","floor":6.0,"turns":1.0},{"damage":7.0,"enemies":"Small Slimes","floor":8.0,"turns":3.0},{"damage":6.0,"enemies":"2 Fungi Beasts","floor":10.0,"turns":3.0},{"damage":20.0,"enemies":"Large Slime","floor":14.0,"turns":5.0},{"damage":9.0,"enemies":"Hexaghost","floor":16.0,"turns":9.0},{"damage":20.0,"enemies":"Shell Parasite","floor":18.0,"turns":6.0},{"damage":12.0,"enemies":"3 Byrds","floor":19.0,"turns":7.0},{"damage":13.0,"enemies":"Sentry and Sphere","floor":20.0,"turns":7.0},{"damage":45.0,"enemies":"Snake Plant","floor":21.0,"turns":9.0},{"damage":4.0,"enemies":"Snecko","floor":23.0,"turns":5.0},{"damage":14.0,"enemies":"Centurion and Healer","floor":30.0,"turns":6.0},{"damage":18.0,"enemies":"Shelled Parasite and Fungi","floor":31.0,"turns":6.0},{"damage":49.0,"enemies":"Collector","floor":33.0,"turns":12.0},{"damage":6.0,"enemies":"3 Shapes","floor":35.0,"turns":4.0},{"damage":25.0,"enemies":"3 Darklings","floor":36.0,"turns":6.0},{"damage":70,"enemies":"Reptomancer","floor":42,"turns":6},{"damage":38,"enemies":"Transient","floor":44,"turns":3}],"seed_played":"8029166623276663407","potions_obtained":[{"floor":1.0,"key":"SneckoOil"},{"floor":10.0,"key":"SkillPotion"},{"floor":19.0,"key":"AttackPotion"},{"floor":21.0,"key":"Strength Potion"},{"floor":23.0,"key":"GamblersBrew"},{"floor":30.0,"key":"AttackPotion"},{"floor":35.0,"key":"AttackPotion"}],"is_trial":false,"path_per_floor":["M","$","M","?","T","E","R","M","T","M","?","?","T","M","R","B",null,"M","M","M","M","?","M","R","?","T","T","R","$","M","M","R","B",null,"M","M","?","$","?","R","$","E","T","M"],"character_chosen":"IRONCLAD","items_purchased":["Entrench","Dream Catcher","Fire Breathing","Metallicize"],"campfire_rested":2,"item_purchase_floors":[29,38,38,41],"current_hp_per_floor":[78,78,80,80,80,80,80,79,79,79,72,56,56,42,42,39,70,60,57,54,19,19,25,54,54,54,54,54,54,50,38,68,29,88,88,72,72,72,100,100,100,36,36,0,0],"gold":434,"neow_bonus":"THREE_ENEMY_KILL","is_daily":false,"chose_seed":false,"campfire_upgraded":4,"win_rate":0.0,"timestamp":1609898175,"path_taken":["M","$","M","?","?","E","R","M","T","M","?","?","?","M","R","BOSS","M","?","M","M","?","M","R","?","T","?","R","$","M","M","R","BOSS","M","?","?","$","?","R","$","E","T","M"],"items_purchased_type":["Card","Relic","Card","Card"],"build_version":"2020-12-22","purchased_purges":0,"victory":false,"max_hp_per_floor":[80,80,80,80,80,80,80,80,80,80,80,80,80,80,80,80,80,84,87,91,95,95,99,99,99,99,99,99,99,103,103,103,107,107,107,110,110,110,110,110,110,110,110,110,110],"relic_stats":{"Dream Catcher":0,"counters":[19,100],"Shuriken":[16],"Kunai":[18],"War Paint":["Defend_R","Defend_R"],"Cursed Key":3,"obtain_stats":[{"Dream Catcher":38,"Lantern":42,"NeowsBlessing":0,"Shuriken":13,"Molten Egg 2":27,"Mark of Pain":34,"Kunai":9,"War Paint":5,"Cursed Key":17,"Ancient Tea Set":26,"Burning Blood":0,"Pocketwatch":6},{"Dream Catcher":17,"Lantern":18,"NeowsBlessing":0,"Shuriken":5,"Molten Egg 2":12,"Mark of Pain":15,"Kunai":4,"War Paint":2,"Cursed Key":7,"Ancient Tea Set":12,"Burning Blood":0,"Pocketwatch":3},{"Dream Catcher":91,"Lantern":97,"NeowsBlessing":0,"Shuriken":9,"Molten Egg 2":57,"Mark of Pain":81,"Kunai":6,"War Paint":2,"Cursed Key":23,"Ancient Tea Set":57,"Burning Blood":0,"Pocketwatch":3}],"Burning Blood":98,"Pocketwatch":[114]},"card_choices":[{"not_picked":["Pommel Strike","Shrug It Off"],"picked":"Body Slam","floor":1.0},{"not_picked":["Burning Pact","Iron Wave"],"picked":"Armaments","floor":3.0},{"not_picked":["Heavy Blade","Headbutt","Inflame"],"picked":"SKIP","floor":6.0},{"not_picked":["Twin Strike","Combust","True Grit"],"picked":"SKIP","floor":8.0},{"not_picked":["Evolve","Armaments"],"picked":"Fire Breathing","floor":10.0},{"not_picked":["Rupture","Sword Boomerang","Iron Wave"],"picked":"SKIP","floor":14.0},{"not_picked":["Berserk","Reaper"],"picked":"Feed","floor":16.0},{"not_picked":["Bloodletting+1","Clash","Pummel"],"picked":"SKIP","floor":18.0},{"not_picked":["Body Slam","Havoc","Combust"],"picked":"SKIP","floor":19.0},{"not_picked":["Infernal Blade","Thunderclap","Perfected Strike"],"picked":"SKIP","floor":20.0},{"not_picked":["Flex","Infernal Blade","Dual Wield"],"picked":"SKIP","floor":21.0},{"not_picked":["Dark Embrace","Pummel"],"picked":"Shockwave","floor":23.0},{"not_picked":["Havoc","Bloodletting","Cleave+1"],"picked":"SKIP","floor":30.0},{"not_picked":["Bloodletting+1","True Grit+1"],"picked":"Flame Barrier","floor":31.0},{"not_picked":["Dark Embrace+1","Fire Breathing+1"],"picked":"Shrug It Off","floor":35.0},{"not_picked":["Flex","Clash+1","Sword Boomerang+1"],"picked":"SKIP","floor":36.0},{"not_picked":["Demon Form","Sword Boomerang+1"],"picked":"Evolve+1","floor":42}],"player_experience":724305,"relics_obtained":[{"floor":5.0,"key":"War Paint"},{"floor":6.0,"key":"Pocketwatch"},{"floor":9.0,"key":"Kunai"},{"floor":13.0,"key":"Shuriken"},{"floor":26.0,"key":"Ancient Tea Set"},{"floor":27.0,"key":"Molten Egg 2"},{"floor":42,"key":"Lantern"}],"event_choices":[{"damage_healed":0.0,"max_hp_gain":0.0,"max_hp_loss":0.0,"gold_gain":0.0,"event_name":"The Cleric","player_choice":"Leave","floor":4.0,"gold_loss":0.0,"damage_taken":0.0},{"cards_removed":["Strike_R"],"damage_healed":0.0,"max_hp_gain":0.0,"max_hp_loss":0.0,"gold_gain":0.0,"event_name":"Golden Wing","player_choice":"Card Removal","floor":11.0,"gold_loss":0.0,"damage_taken":7.0},{"damage_healed":0.0,"max_hp_gain":0.0,"max_hp_loss":0.0,"gold_gain":0.0,"event_name":"Shining Light","player_choice":"Entered Light","floor":12.0,"gold_loss":0.0,"damage_taken":16.0,"cards_upgraded":["Strike_R","Fire Breathing"]},{"damage_healed":0.0,"max_hp_gain":0.0,"max_hp_loss":0.0,"gold_gain":0.0,"event_name":"Back to Basics","player_choice":"Simplicity","floor":22.0,"gold_loss":0.0,"damage_taken":0.0,"cards_upgraded":["Strike_R","Strike_R","Strike_R","Defend_R","Defend_R"]},{"damage_healed":0.0,"max_hp_gain":0.0,"max_hp_loss":0.0,"gold_gain":99.0,"event_name":"Nest","player_choice":"Stole From Cult","floor":25.0,"gold_loss":0.0,"damage_taken":0.0},{"cards_removed":["Strike_R"],"damage_healed":0.0,"max_hp_gain":0.0,"max_hp_loss":0.0,"gold_gain":0.0,"event_name":"Falling","player_choice":"Removed Attack","floor":37.0,"gold_loss":0.0,"damage_taken":0.0},{"damage_healed":28.0,"max_hp_gain":0.0,"max_hp_loss":0.0,"gold_gain":0.0,"event_name":"Winding Halls","player_choice":"Writhe","floor":39.0,"gold_loss":0.0,"damage_taken":0.0,"cards_obtained":["Writhe"]}],"is_beta":false,"boss_relics":[{"not_picked":["Coffee Dripper","Runic Cube"],"picked":"Cursed Key"},{"not_picked":["Velvet Choker","Runic Dome"],"picked":"Mark of Pain"}],"items_purged_floors":[],"is_endless":false,"potions_floor_spawned":[1,10,19,21,23,30,31,35],"killed_by":"Transient","ascension_level":9}}