{"host":"y89x8uui45kcjy42","time":1609899611,"event":{"mods":["2.2 Compatiblity","BaseMod","CapriCore","Colored Map","Colored Powertips","Custom Start","Friendly Minions","Keyboard Shortcuts","Minty Spire (QoL Compilation)","Relic Stats","Slay the Relics Exporter","StSLib","SuperFastMode","Uncapped"],"gold_per_floor":[110,124,86,102,117,117,192,192,192,192,192,21,39,76,76,150,150,161,78,88,115,131,131,156,172,250,250,282,66,101,101,101,174,174,188,203,213,230,230,259,259,288,288,302,61,61,93,108,108,108,108,108,108,123,151,151],"floor_reached":57,"playtime":1036,"items_purged":["Strike_R","Strike_R","Defend_R","Bash+1"],"score":3055,"play_id":"ef00e464-1b5b-474f-af12-1668c82c1094","local_time":"20210106112011","is_ascension_mode":true,"campfire_choices":[{"data":"Seeing Red","floor":6.0,"key":"SMITH"},{"data":"Demon Form","floor":8.0,"key":"SMITH"},{"floor":10.0,"key":"RECALL"},{"data":"The Bomb","floor":15.0,"key":"SMITH"},{"data":"Fire Breathing","floor":23.0,"key":"SMITH"},{"data":"Shrug It Off","floor":27.0,"key":"SMITH"},{"data":"Searing Blow+11","floor":32,"key":"SMITH"},{"data":"Dark Embrace","floor":41,"key":"SMITH"},{"data":"Impervious","floor":46,"key":"SMITH"},{"data":"Searing Blow+12","floor":49,"key":"SMITH"},{"data":"Searing Blow+13","floor":53,"key":"SMITH"}],"circlet_count":0,"master_deck":["Demon Form+1","Seeing Red+1","Shrug It Off+1","Fire Breathing+1","The Bomb+1","Searing Blow+14","Disarm+1","Impervious+1","Dark Embrace+1","The Bomb+1"],"relics":["Burning Blood","Coffee Dripper","Membership Card","Black Star","Whetstone","Red Mask","Red Skull","Singing Bowl","InkBottle","Letter Opener","Juzu Bracelet","Kunai","Potion Belt","Paper Frog","Bottled Flame","Mark of Pain","Regal Pillow","TungstenRod","Akabeko","Toy Ornithopter","Ancient Tea Set","Blood Vial","Orrery","Bag of Marbles","Blue Candle","Anchor","Happy Flower","DollysMirror","Thread and Needle","Art of War"],"acts_visited":["Exordium","TheCity","TheBeyond","TheEnding"],"potions_floor_usage":[56,56,56,56],"damage_taken":[{"damage":0.0,"enemies":"Cultist","floor":1.0,"turns":1.0},{"damage":1.0,"enemies":"Small Slimes","floor":2.0,"turns":2.0},{"damage":0.0,"enemies":"Jaw Worm","floor":4.0,"turns":1.0},{"damage":0.0,"enemies":"Exordium Wildlife","floor":5.0,"turns":3.0},{"damage":0.0,"enemies":"Looter","floor":13.0,"turns":1.0},{"damage":0.0,"enemies":"The Guardian","floor":16.0,"turns":1.0},{"damage":0.0,"enemies":"Chosen","floor":18.0,"turns":2.0},{"damage":0.0,"enemies":"Spheric Guardian","floor":20.0,"turns":1.0},{"damage":22.0,"enemies":"Masked Bandits","floor":21.0,"turns":3.0},{"damage":0.0,"enemies":"Snecko","floor":22.0,"turns":2.0},{"damage":8.0,"enemies":"Book of Stabbing","floor":24.0,"turns":2.0},{"damage":10.0,"enemies":"Snake Plant","floor":25.0,"turns":2.0},{"damage":14.0,"enemies":"Slavers","floor":28.0,"turns":2.0},{"damage":0.0,"enemies":"Book of Stabbing","floor":30.0,"turns":1.0},{"damage":17,"enemies":"Champ","floor":33,"turns":3},{"damage":16,"enemies":"3 Shapes","floor":35,"turns":3},{"damage":0,"enemies":"Orb Walker","floor":36,"turns":1},{"damage":6,"enemies":"Sphere and 2 Shapes","floor":37,"turns":3},{"damage":7,"enemies":"Transient","floor":38,"turns":6},{"damage":45,"enemies":"Nemesis","floor":40,"turns":5},{"damage":33,"enemies":"Giant Head","floor":42,"turns":5},{"damage":5,"enemies":"3 Darklings","floor":44,"turns":5},{"damage":30,"enemies":"Nemesis","floor":47,"turns":3},{"damage":15,"enemies":"Jaw Worm Horde","floor":48,"turns":4},{"damage":25,"enemies":"Time Eater","floor":50,"turns":5},{"damage":22,"enemies":"Donu and Deca","floor":51,"turns":4},{"damage":37,"enemies":"Shield and Spear","floor":55,"turns":3},{"damage":125,"enemies":"The Heart","floor":56,"turns":7}],"seed_played":"1579451246164394583","potions_obtained":[{"floor":1.0,"key":"SpeedPotion"},{"floor":5.0,"key":"GamblersBrew"},{"floor":16.0,"key":"Weak Potion"},{"floor":20.0,"key":"Fire Potion"},{"floor":25.0,"key":"CultistPotion"},{"floor":33,"key":"LiquidBronze"},{"floor":37,"key":"FearPotion"},{"floor":40,"key":"ColorlessPotion"},{"floor":47,"key":"Dexterity Potion"}],"is_trial":false,"path_per_floor":["M","M","$","M","M","R","?","R","T","R","?","$","M","$","R","B",null,"M","$","M","?","M","R","E","M","T","R","E","$","E","?","R","B",null,"M","M","M","M","?","E","R","E","T","M","$","R","E","M","R","B","B",null,"R","$","E","B",null],"character_chosen":"IRONCLAD","items_purchased":["Fire Breathing","The Bomb","Whetstone","Kunai","Potion Belt","Blood Vial","Orrery","Anchor","Happy Flower","DollysMirror","DistilledChaos"],"campfire_rested":0,"item_purchase_floors":[12,12,19,29,29,45,45,54,54,54,54],"current_hp_per_floor":[68,68,68,68,68,68,57,57,57,57,57,57,63,63,63,68,68,68,68,68,52,58,58,56,54,54,54,48,48,56,71,71,60,71,63,71,73,74,92,53,53,28,28,31,41,41,21,16,16,91,77,102,102,102,800,682],"gold":151,"neow_bonus":"THREE_RARE_CARDS","is_daily":false,"chose_seed":false,"campfire_upgraded":10,"win_rate":0.0,"timestamp":1609899611,"path_taken":["M","?","$","M","M","R","?","R","T","R","?","?","M","$","R","BOSS","M","$","M","?","M","R","E","M","T","R","E","$","E","?","R","BOSS","M","M","M","M","?","E","R","E","T","M","$","R","E","M","R","BOSS","BOSS","R","$","E","BOSS"],"items_purchased_type":["Card","Card","Relic","Relic","Relic","Relic","Relic","Relic","Relic","Relic","Potion"],"build_version":"2020-12-22","purchased_purges":4,"victory":true,"max_hp_per_floor":[68,68,68,68,68,68,68,68,68,68,68,68,68,68,68,68,68,68,68,68,68,68,68,68,70,70,70,72,72,74,74,74,74,74,76,78,80,82,92,92,92,94,94,96,106,106,108,110,110,110,110,110,110,110,800,800],"relic_stats":{"Regal Pillow":0,"Singing Bowl":34,"Happy Flower":[3],"counters":[28,81],"Blue Candle":[0],"Juzu Bracelet":0,"Whetstone":["Searing Blow","Bash"],"Letter Opener":[41],"Burning Blood":132,"Blood Vial":10,"Black Star":7,"Art of War":[3],"Kunai":[0],"obtain_stats":[{"Regal Pillow":40,"Singing Bowl":24,"Juzu Bracelet":28,"Whetstone":19,"Ancient Tea Set":43,"Burning Blood":0,"Blood Vial":45,"DollysMirror":54,"Red Mask":21,"Kunai":29,"Red Skull":24,"InkBottle":26,"Paper Frog":30,"Potion Belt":29,"Happy Flower":54,"Blue Candle":47,"Thread and Needle":55,"Letter Opener":28,"Akabeko":42,"Bottled Flame":30,"Anchor":54,"Orrery":45,"Mark of Pain":34,"Coffee Dripper":0,"Black Star":17,"Bag of Marbles":47,"Art of War":55,"Membership Card":2,"TungstenRod":40,"Toy Ornithopter":42},{"Regal Pillow":20,"Singing Bowl":11,"Juzu Bracelet":13,"Whetstone":7,"Ancient Tea Set":21,"Burning Blood":0,"Blood Vial":22,"DollysMirror":26,"Red Mask":9,"Kunai":13,"Red Skull":11,"InkBottle":12,"Paper Frog":14,"Potion Belt":13,"Happy Flower":26,"Blue Candle":23,"Thread and Needle":27,"Letter Opener":13,"Akabeko":21,"Bottled Flame":14,"Anchor":26,"Orrery":22,"Mark of Pain":15,"Coffee Dripper":0,"Black Star":6,"Bag of Marbles":23,"Art of War":27,"Membership Card":2,"TungstenRod":20,"Toy Ornithopter":21},{"Regal Pillow":45,"Singing Bowl":19,"Juzu Bracelet":23,"Whetstone":11,"Ancient Tea Set":50,"Burning Blood":0,"Blood Vial":55,"DollysMirror":71,"Red Mask":15,"Kunai":23,"Red Skull":19,"InkBottle":21,"Paper Frog":24,"Potion Belt":23,"Happy Flower":71,"Blue Candle":58,"Thread and Needle":74,"Letter Opener":23,"Akabeko":50,"Bottled Flame":24,"Anchor":71,"Orrery":55,"Mark of Pain":27,"Coffee Dripper":0,"Black Star":9,"Bag of Marbles":58,"Art of War":74,"Membership Card":3,"TungstenRod":45,"Toy Ornithopter":50}],"InkBottle":[14],"TungstenRod":39,"Toy Ornithopter":1},"card_choices":[{"not_picked":["Berserk","Limit Break"],"picked":"Demon Form","floor":0.0},{"not_picked":["Dual Wield","Anger"],"picked":"Seeing Red","floor":1.0},{"not_picked":["Sword Boomerang","Inflame"],"picked":"Shrug It Off","floor":2.0},{"not_picked":["Evolve","Disarm","Anger"],"picked":"SKIP","floor":4.0},{"not_picked":["Searing Blow","Disarm","Combust"],"picked":"SKIP","floor":5.0},{"not_picked":["Sword Boomerang","Flex","Rupture"],"picked":"SKIP","floor":13.0},{"not_picked":["Impervious","Feed"],"picked":"Offering","floor":16.0},{"not_picked":["Sentinel","Headbutt","Reckless Charge"],"picked":"SKIP","floor":18.0},{"not_picked":["Headbutt","Body Slam","True Grit"],"picked":"SKIP","floor":20.0},{"not_picked":["Fire Breathing","Heavy Blade","Second Wind"],"picked":"SKIP","floor":22.0},{"not_picked":["Fire Breathing","Heavy Blade","Second Wind"],"picked":"SKIP","floor":22.0},{"not_picked":["Cleave","Perfected Strike"],"picked":"Disarm+1","floor":24.0},{"not_picked":["Thunderclap","Pommel Strike","Clothesline"],"picked":"Singing Bowl","floor":25.0},{"not_picked":["Juggernaut","Wild Strike","Warcry"],"picked":"Singing Bowl","floor":28.0},{"not_picked":["Body Slam","Bludgeon","Dual Wield"],"picked":"Singing Bowl","floor":30.0},{"not_picked":["Brutality","Juggernaut"],"picked":"Impervious","floor":33},{"not_picked":["Havoc","Rupture+1","Uppercut"],"picked":"Singing Bowl","floor":35},{"not_picked":["Heavy Blade+1","Rampage","Havoc"],"picked":"Singing Bowl","floor":36},{"not_picked":["Perfected Strike","Sever Soul+1","Flame Barrier"],"picked":"Singing Bowl","floor":37},{"not_picked":["Body Slam","Hemokinesis","Dropkick"],"picked":"Singing Bowl","floor":38},{"not_picked":["Searing Blow","Shrug It Off+1"],"picked":"Dark Embrace","floor":40},{"not_picked":["True Grit","Whirlwind+1","Warcry"],"picked":"Singing Bowl","floor":42},{"not_picked":["Havoc","Thunderclap+1","Sword Boomerang"],"picked":"Singing Bowl","floor":44},{"not_picked":["Metallicize","Juggernaut","Body Slam"],"picked":"Singing Bowl","floor":45},{"not_picked":["Battle Trance+1","Fiend Fire","Intimidate+1"],"picked":"Singing Bowl","floor":45},{"not_picked":["Shrug It Off","Clothesline","Perfected Strike+1"],"picked":"Singing Bowl","floor":45},{"not_picked":["Wild Strike+1","Pommel Strike","Ghostly Armor"],"picked":"Singing Bowl","floor":45},{"not_picked":["Twin Strike","Clothesline","Shrug It Off"],"picked":"Singing Bowl","floor":45},{"not_picked":["Corruption","Intimidate+1","Battle Trance"],"picked":"Singing Bowl","floor":47},{"not_picked":["Pommel Strike","Perfected Strike","Heavy Blade"],"picked":"Singing Bowl","floor":48},{"not_picked":["Sentinel+1","Combust","Shrug It Off"],"picked":"Singing Bowl","floor":55}],"player_experience":569821,"relics_obtained":[{"floor":21.0,"key":"Red Mask"},{"floor":24.0,"key":"Red Skull"},{"floor":24.0,"key":"Singing Bowl"},{"floor":26.0,"key":"InkBottle"},{"floor":28.0,"key":"Letter Opener"},{"floor":28.0,"key":"Juzu Bracelet"},{"floor":30.0,"key":"Paper Frog"},{"floor":30.0,"key":"Bottled Flame"},{"floor":40,"key":"Regal Pillow"},{"floor":40,"key":"TungstenRod"},{"floor":42,"key":"Akabeko"},{"floor":42,"key":"Toy Ornithopter"},{"floor":43,"key":"Ancient Tea Set"},{"floor":47,"key":"Bag of Marbles"},{"floor":47,"key":"Blue Candle"},{"floor":55,"key":"Thread and Needle"},{"floor":55,"key":"Art of War"}],"event_choices":[{"damage_healed":0.0,"max_hp_gain":0.0,"max_hp_loss":0.0,"gold_gain":75.0,"event_name":"World of Goop","player_choice":"Gather Gold","floor":7.0,"gold_loss":0.0,"damage_taken":11.0},{"damage_healed":0.0,"max_hp_gain":0.0,"max_hp_loss":0.0,"gold_gain":0.0,"event_name":"Liars Game","player_choice":"Ignored","floor":11.0,"gold_loss":0.0,"damage_taken":0.0},{"damage_healed":0.0,"max_hp_gain":0.0,"max_hp_loss":0.0,"gold_gain":0.0,"event_name":"Masked Bandits","player_choice":"Fought Bandits","floor":21.0,"gold_loss":0.0,"damage_taken":0.0},{"damage_healed":15,"gold_gain":0,"player_choice":"Heal","damage_taken":0,"max_hp_gain":0,"max_hp_loss":0,"event_name":"The Library","floor":31,"gold_loss":0},{"cards_removed":["Offering"],"damage_healed":8,"gold_gain":0,"player_choice":"Offered Rare","damage_taken":0,"max_hp_gain":10,"max_hp_loss":0,"event_name":"Bonfire Elementals","floor":39,"gold_loss":0}],"is_beta":false,"boss_relics":[{"not_picked":["Snecko Eye","Pandora\u0027s Box"],"picked":"Black Star"},{"not_picked":["Sozu","Runic Dome"],"picked":"Mark of Pain"}],"items_purged_floors":[3,12,14,45],"is_endless":false,"potions_floor_spawned":[1,5,16,20,25,33,37,40,47],"ascension_level":20}}