{"host":"f5n4tidiz2n5sooh","time":1609926619,"event":{"mods":["BaseMod","Bestiary","Colored Map","Minty Spire (QoL Compilation)","Relic Stats","StSLib"],"gold_per_floor":[99,99,24,24,24,24,24,24,24,24,24,24,24,24,24,24,24,0,0,0,0],"floor_reached":20,"playtime":721,"items_purged":[],"score":376,"play_id":"69b0d39c-ccce-410a-8029-e6cf9b066abe","local_time":"20210106035019","is_ascension_mode":true,"campfire_choices":[{"data":"Inflame","floor":6,"key":"SMITH"},{"floor":8,"key":"REST"},{"data":"Bash","floor":11,"key":"SMITH"},{"floor":15,"key":"REST"}],"circlet_count":0,"master_deck":["AscendersBane","Strike_R","Defend_R","Defend_R","Defend_R","Defend_R","Bash+1","Inflame+1","Pain","Pommel Strike","Spot Weakness","Havoc","Reaper","Barricade","Anger+1","Perfected Strike+1","Berserk+1","Fire Breathing"],"relics":["Ectoplasm","Ornamental Fan","WarpedTongs","Gambling Chip","Gremlin Horn","White Beast Statue","Juzu Bracelet","Astrolabe"],"acts_visited":["Exordium","TheCity"],"potions_floor_usage":[7,10,16,18,19,20],"damage_taken":[{"damage":0,"enemies":"2 Louse","floor":1,"turns":3},{"damage":12,"enemies":"Small Slimes","floor":5,"turns":2},{"damage":51,"enemies":"3 Sentries","floor":7,"turns":8},{"damage":8,"enemies":"Gremlin Nob","floor":10,"turns":3},{"damage":12,"enemies":"Lagavulin","floor":13,"turns":6},{"damage":25,"enemies":"The Guardian","floor":16,"turns":6},{"damage":21,"enemies":"2 Thieves","floor":18,"turns":4},{"damage":32,"enemies":"Shell Parasite","floor":19,"turns":4},{"damage":34,"enemies":"Snecko","floor":20,"turns":4}],"seed_played":"-3848838967268466820","potions_obtained":[{"floor":1,"key":"BloodPotion"},{"floor":7,"key":"Swift Potion"},{"floor":10,"key":"Strength Potion"},{"floor":13,"key":"Ancient Potion"},{"floor":16,"key":"Explosive Potion"},{"floor":18,"key":"DuplicationPotion"},{"floor":19,"key":"GamblersBrew"}],"is_trial":false,"path_per_floor":["M","?","$","?","M","R","E","R","T","E","R","?","E","?","R","B",null,"M","M","M"],"character_chosen":"IRONCLAD","items_purchased":["Inflame"],"campfire_rested":2,"item_purchase_floors":[3],"current_hp_per_floor":[68,63,63,63,51,51,15,37,37,29,29,29,17,17,39,35,65,44,12,0,0],"gold":0,"neow_bonus":"BOSS_RELIC","is_daily":false,"chose_seed":false,"campfire_upgraded":2,"win_rate":0.0,"timestamp":1609926619,"path_taken":["M","?","$","?","?","R","E","R","T","E","R","?","E","?","R","BOSS","M","M","M"],"items_purchased_type":["Card"],"build_version":"2020-12-22","purchased_purges":0,"victory":false,"max_hp_per_floor":[75,75,75,75,75,75,75,75,75,75,75,75,75,75,75,75,75,75,75,75,75],"relic_stats":{"Gremlin Horn":[1,1],"counters":[9,40],"Ornamental Fan":[40],"Gambling Chip":[20],"Astrolabe":["Anger","Perfected Strike","Berserk"],"Ectoplasm":242,"Juzu Bracelet":1,"obtain_stats":[{"Gremlin Horn":9,"Ornamental Fan":2,"Gambling Chip":7,"Astrolabe":17,"Ectoplasm":0,"Juzu Bracelet":13,"Burning Blood":0,"White Beast Statue":10,"WarpedTongs":4},{"Gremlin Horn":3,"Ornamental Fan":1,"Gambling Chip":3,"Astrolabe":6,"Ectoplasm":0,"Juzu Bracelet":5,"Burning Blood":0,"White Beast Statue":4,"WarpedTongs":1},{"Gremlin Horn":13,"Ornamental Fan":3,"Gambling Chip":13,"Astrolabe":28,"Ectoplasm":0,"Juzu Bracelet":22,"Burning Blood":0,"White Beast Statue":16,"WarpedTongs":3}],"WarpedTongs":[37]},"card_choices":[{"not_picked":["Anger","Infernal Blade","Flex"],"picked":"SKIP","floor":1},{"not_picked":["Inflame","Armaments","Perfected Strike"],"picked":"SKIP","floor":5},{"not_picked":["Clash","Wild Strike"],"picked":"Pommel Strike","floor":7},{"not_picked":["Shrug It Off","Heavy Blade"],"picked":"Spot Weakness","floor":10},{"not_picked":["Reckless Charge","Entrench"],"picked":"Reaper","floor":13},{"not_picked":["Immolate","Double Tap"],"picked":"Barricade","floor":16},{"not_picked":["Intimidate","Clash"],"picked":"Fire Breathing","floor":18},{"not_picked":["Armaments","Iron Wave","Dual Wield"],"picked":"SKIP","floor":19}],"player_experience":1980180,"relics_obtained":[{"floor":7,"key":"Gambling Chip"},{"floor":9,"key":"Gremlin Horn"},{"floor":10,"key":"White Beast Statue"},{"floor":13,"key":"Juzu Bracelet"}],"event_choices":[{"damage_healed":0,"gold_gain":0,"player_choice":"Success","damage_taken":5,"relics_obtained":["Ornamental Fan"],"max_hp_gain":0,"max_hp_loss":0,"event_name":"Scrap Ooze","floor":2,"gold_loss":0},{"damage_healed":0,"gold_gain":0,"player_choice":"Rummage","damage_taken":0,"relics_obtained":["WarpedTongs"],"max_hp_gain":0,"max_hp_loss":0,"event_name":"Accursed Blacksmith","floor":4,"gold_loss":0,"cards_obtained":["Pain"]},{"damage_healed":0,"gold_gain":0,"cards_transformed":["Strike_R"],"player_choice":"Transformed","damage_taken":0,"max_hp_gain":0,"max_hp_loss":0,"event_name":"Transmorgrifier","floor":12,"gold_loss":0,"cards_obtained":["Havoc"]},{"damage_healed":0,"gold_gain":0,"player_choice":"Ignored","damage_taken":0,"max_hp_gain":0,"max_hp_loss":0,"event_name":"Liars Game","floor":14,"gold_loss":0}],"is_beta":false,"boss_relics":[{"not_picked":["Velvet Choker","Runic Pyramid"],"picked":"Astrolabe"}],"items_purged_floors":[],"is_endless":false,"potions_floor_spawned":[1,7,10,13,16,18,19],"killed_by":"Snecko","ascension_level":20}}