{"host":"uoq8e77duj6rs50g","time":1609905916,"event":{"mods":["BaseMod","Better Altar","Better Match","Better Note","Better Sensory Stone","Better Skull","Better Third Choice","BetterRewards","Block Reminder","ChefMod","Curses Come First","Downfall","Hermit","Hubris","Ironclad Rager","Minty Spire (QoL Compilation)","Relic Stats","Replay The Spire","Shade Mod","StSLib","The Blue Laboratory","The Cursed","The Dragon Tamer","The Exalted","The Judge","The Marked","The Runesmith","The Servant 0.9.4","TheSwordswoman","Uncapped","WarShipGirlsR/????R mod"],"gold_per_floor":[113,123,49,49,67,96,96,96,96,107,123,123,48,48,48,152,152,166,134,134,134,151,151,183,183,183,0,14,14,14,33,33,136,136,147,147,166,466,484,484,518,518,565,565,25,39,56,75,75,75,75],"floor_reached":50,"playtime":5622,"items_purged":["Regret","rmod:strick"],"score":542,"play_id":"217b44fd-9f7a-4747-b51c-7bd1c33aa69f","local_time":"20210105230516","is_ascension_mode":false,"campfire_choices":[{"data":"rmod:steelsupply","floor":7.0,"key":"SMITH"},{"data":"rmod:aluminumsupply","floor":15.0,"key":"SMITH"},{"floor":23,"key":"REST"},{"floor":25,"key":"REST"},{"floor":30,"key":"REST"},{"floor":40,"key":"REST"},{"floor":44,"key":"REST"},{"floor":49,"key":"REST"}],"circlet_count":0,"master_deck":["rmod:strick","rmod:strick","rmod:defend","rmod:defend","rmod:defend","rmod:basicallowance","rmod:maingunfire","rmod:diamondstrike","rmod:aluminumsupply+1","rmod:bulid+1","rmod:steelsupply+1","rmod:fuelsupply","rmod:goodfighter","rmod:fuelsupply+1","rmod:windflower","rmod:diamondstrike","rmod:circuitoustactics","rmod:goodsister","rmod:firesupport+1","rmod:heivgo","rmod:supportaircraftcarrier+1","rmod:steelsupply+1","rmod:seals","rmod:sl+1","rmod:maintain+1","rmod:guardianhero+1","rmod:aluminumsupply+1","rmod:ridicule+1","rmod:garrisonisland","rmod:supportescort+1","rmod:maintain+1","rmod:unsinkable+1"],"relics":["rmod:firstchargereward","NeowsBlessing","Replay:Mystery Machine","hubris:Icosahedron","Gremlin Horn","hubris:TinFlute","Happy Flower","Honey Jar","StoneCalendar","Toxic Egg 2","Runesmith:UraniumAnvil","Old Coin","hubris:MedicalManual","hubris:TenFootPole","Bottled Tornado"],"acts_visited":["Exordium","TheCity","TheBeyond"],"potions_floor_usage":[24,24,24,33,37,39,41,50],"damage_taken":[{"damage":0.0,"enemies":"Cultist","floor":1.0,"turns":1.0},{"damage":0.0,"enemies":"Jaw Worm","floor":2.0,"turns":1.0},{"damage":0.0,"enemies":"Small Slimes","floor":5.0,"turns":1.0},{"damage":6.0,"enemies":"Replay:BlueRogue","floor":6.0,"turns":5.0},{"damage":0.0,"enemies":"3 Louse","floor":10.0,"turns":2.0},{"damage":0.0,"enemies":"Large Slime","floor":11.0,"turns":5.0},{"damage":14.0,"enemies":"Fading Forest","floor":16.0,"turns":13.0},{"damage":26.0,"enemies":"3 Byrds","floor":18.0,"turns":7.0},{"damage":23.0,"enemies":"2 Thieves","floor":19.0,"turns":4.0},{"damage":7,"enemies":"Shelled Parasite and Fungi","floor":22,"turns":5},{"damage":34,"enemies":"Book of Stabbing","floor":24,"turns":7},{"damage":44,"enemies":"Cultist and Chosen","floor":28,"turns":7},{"damage":8,"enemies":"Snecko","floor":31,"turns":5},{"damage":10,"enemies":"hubris:MusketHawk","floor":33,"turns":8},{"damage":56,"enemies":"3 Shapes","floor":35,"turns":7},{"damage":27,"enemies":"3 Darklings","floor":37,"turns":5},{"damage":26,"enemies":"Jaw Worm Horde","floor":39,"turns":5},{"damage":0,"enemies":"Giant Head","floor":41,"turns":7},{"damage":0,"enemies":"Maw","floor":46,"turns":8},{"damage":0,"enemies":"3 Darklings","floor":47,"turns":3},{"damage":0,"enemies":"Jaw Worm Horde","floor":48,"turns":4},{"damage":91,"enemies":"Donu and Deca","floor":50,"turns":7}],"seed_played":"7837096187223132663","potions_obtained":[{"floor":1.0,"key":"Ancient Potion"},{"floor":5.0,"key":"blueLaboratory:BubblePotion"},{"floor":10.0,"key":"blueLaboratory:FruitPreserves"},{"floor":18.0,"key":"SneckoOil"},{"floor":24,"key":"Energy Potion"},{"floor":28,"key":"blueLaboratory:AbyssPotion"},{"floor":33,"key":"LiquidBronze"},{"floor":39,"key":"DistilledChaos"},{"floor":41,"key":"blueLaboratory:BubblePotion"},{"floor":47,"key":"FairyPotion"},{"floor":48,"key":"champ:CounterPotion"}],"is_trial":false,"path_per_floor":["M","M","$","?","M","E","R","?","T","M","M","?","$","T","R","B",null,"M","M","?","?","M","R","E","R","T","?","M","$","R","M","R","B",null,"M","?","M","?","M","R","E","$","T","R","$","M","M","M","R","B"],"character_chosen":"PRAEFECT","items_purchased":["rmod:bulid","Bottled Tornado","rmod:ridicule+1","rmod:garrisonisland"],"campfire_rested":6,"item_purchase_floors":[3,45,45,45],"current_hp_per_floor":[75,75,75,68,68,62,62,62,62,62,62,62,62,62,62,58,75,49,26,26,26,19,41,37,59,59,59,15,15,37,29,51,41,75,19,66,39,39,13,32,32,32,32,51,51,51,51,51,66,0,0],"gold":75,"neow_bonus":"THREE_ENEMY_KILL","is_daily":false,"chose_seed":false,"campfire_upgraded":2,"win_rate":0.0,"timestamp":1609905916,"path_taken":["M","?","?","?","M","E","R","?","T","M","M","?","$","?","R","BOSS","M","M","?","?","M","R","E","R","T","?","M","$","R","?","R","BOSS","M","?","M","?","?","R","E","?","T","R","$","M","M","M","R","BOSS"],"items_purchased_type":["Card","Relic","Card","Card"],"build_version":"2020-12-22","purchased_purges":2,"victory":false,"max_hp_per_floor":[75,75,75,75,75,75,75,75,75,75,75,75,75,75,75,75,75,75,75,75,75,75,75,75,75,75,75,75,75,75,75,75,75,75,75,66,66,66,66,66,66,66,66,66,66,66,66,66,66,66,66],"relic_stats":{"Gremlin Horn":[20,20],"Happy Flower":[34],"counters":[22,117],"StoneCalendar":[254],"obtain_stats":[{"NeowsBlessing":0,"Gremlin Horn":9,"Happy Flower":14,"StoneCalendar":24,"hubris:MedicalManual":41,"Replay:Mystery Machine":6,"Bottled Tornado":45,"Old Coin":38,"hubris:Icosahedron":8,"Honey Jar":17,"Runesmith:UraniumAnvil":34,"rmod:firstchargereward":0,"hubris:TenFootPole":43,"Toxic Egg 2":26,"hubris:TinFlute":12},{"NeowsBlessing":0,"Gremlin Horn":4,"Happy Flower":6,"StoneCalendar":11,"hubris:MedicalManual":18,"Replay:Mystery Machine":4,"Bottled Tornado":18,"Old Coin":16,"hubris:Icosahedron":4,"Honey Jar":7,"Runesmith:UraniumAnvil":14,"rmod:firstchargereward":0,"hubris:TenFootPole":18,"Toxic Egg 2":11,"hubris:TinFlute":6},{"NeowsBlessing":0,"Gremlin Horn":8,"Happy Flower":15,"StoneCalendar":51,"hubris:MedicalManual":95,"Replay:Mystery Machine":8,"Bottled Tornado":95,"Old Coin":83,"hubris:Icosahedron":8,"Honey Jar":28,"Runesmith:UraniumAnvil":71,"rmod:firstchargereward":0,"hubris:TenFootPole":95,"Toxic Egg 2":51,"hubris:TinFlute":15}]},"card_choices":[{"not_picked":["rmod:spoils","rmod:fletcherpendant"],"picked":"rmod:diamondstrike","floor":1.0},{"not_picked":["rmod:luckystar","rmod:circuitoustactics"],"picked":"rmod:aluminumsupply","floor":2.0},{"not_picked":["rmod:unsinkable","rmod:victimresponsibility"],"picked":"rmod:steelsupply","floor":5.0},{"not_picked":["rmod:advancebysurprise","rmod:gendarmerie"],"picked":"rmod:fuelsupply","floor":6.0},{"not_picked":["rmod:selfconfidence","rmod:unsinkable"],"picked":"rmod:goodfighter","floor":10.0},{"not_picked":["rmod:goodfighter","rmod:circuitoustactics"],"picked":"rmod:fuelsupply","floor":11.0},{"not_picked":["rmod:supriseattacks","rmod:timeschanged"],"picked":"rmod:windflower","floor":16.0},{"not_picked":["rmod:aviationdawn","rmod:spoils+1","rmod:unsinkable"],"picked":"rmod:diamondstrike","floor":18.0},{"not_picked":["rmod:luckystar","rmod:fuelsupply+1","rmod:diaomin+1"],"picked":"rmod:circuitoustactics","floor":19.0},{"not_picked":["rmod:fuelsupply","rmod:steelsupply","rmod:acesubmarine"],"picked":"rmod:firesupport+1","floor":22},{"not_picked":["rmod:supportescort","rmod:unsinkable","rmod:capitalist"],"picked":"rmod:heivgo","floor":24},{"not_picked":["rmod:unsinkable+1","rmod:aluminumsupply+1","rmod:slowdown+1"],"picked":"rmod:supportaircraftcarrier+1","floor":28},{"not_picked":["rmod:intelligenceanalysis+1","rmod:aggressivemary","rmod:ring+1"],"picked":"rmod:steelsupply+1","floor":31},{"not_picked":["rmod:ridicule+1","rmod:stealaluminum","rmod:abidefaith"],"picked":"rmod:seals","floor":33},{"not_picked":["rmod:capitalist+1","rmod:fuelsupply+1","rmod:gendarmerie+1"],"picked":"rmod:sl+1","floor":35},{"not_picked":["rmod:diamondstrike","rmod:supportescort+1","rmod:intelligenceanalysis"],"picked":"rmod:maintain+1","floor":37},{"not_picked":["rmod:unsinkable+1","rmod:aviationdawn+1","rmod:intelligenceanalysis"],"picked":"rmod:guardianhero+1","floor":39},{"not_picked":["rmod:spoils+1","rmod:tearstotiara+1","rmod:victimresponsibility+1"],"picked":"rmod:aluminumsupply+1","floor":41},{"not_picked":["rmod:diamondstrike","rmod:aviationdawn+1","rmod:u235+1"],"picked":"rmod:supportescort+1","floor":46},{"not_picked":["rmod:victimresponsibility+1","rmod:sl+1","rmod:supportescort+1"],"picked":"rmod:maintain+1","floor":47},{"not_picked":["rmod:ring+1","rmod:fletcherpendant+1","rmod:mineteam"],"picked":"rmod:unsinkable+1","floor":48}],"player_experience":445727,"relics_obtained":[{"floor":6.0,"key":"Replay:Mystery Machine"},{"floor":9.0,"key":"Gremlin Horn"},{"floor":14.0,"key":"Happy Flower"},{"floor":24,"key":"StoneCalendar"},{"floor":26,"key":"Toxic Egg 2"},{"floor":41,"key":"hubris:MedicalManual"},{"floor":43,"key":"hubris:TenFootPole"}],"event_choices":[{"damage_healed":0.0,"max_hp_gain":0.0,"max_hp_loss":0.0,"gold_gain":0.0,"event_name":"Big Fish","player_choice":"Box","floor":12.0,"gold_loss":0.0,"damage_taken":0.0,"relics_obtained":["hubris:TinFlute"],"cards_obtained":["Regret"]},{"damage_healed":0.0,"max_hp_gain":0.0,"max_hp_loss":0.0,"gold_gain":0.0,"cards_transformed":["rmod:defend"],"event_name":"Transmorgrifier","player_choice":"Transformed","floor":20.0,"gold_loss":0.0,"damage_taken":0.0,"cards_obtained":["rmod:goodsister"]},{"damage_healed":0.0,"max_hp_gain":0.0,"max_hp_loss":0.0,"gold_gain":0.0,"event_name":"betterNote:BetterNote","player_choice":"Ignored","floor":21.0,"gold_loss":0.0,"damage_taken":0.0,"cards_obtained":["TheCursedMod:Strike_TheCursed"]},{"damage_healed":0,"gold_gain":0,"player_choice":"Paid Fearfully","damage_taken":0,"max_hp_gain":0,"max_hp_loss":0,"event_name":"Masked Bandits","floor":27,"gold_loss":183},{"damage_healed":66,"gold_gain":0,"player_choice":"Heal","damage_taken":0,"max_hp_gain":0,"max_hp_loss":9,"event_name":"The Moai Head","floor":36,"gold_loss":0},{"damage_healed":0,"gold_gain":0,"player_choice":"Gave Potion","damage_taken":0,"relics_obtained":["Old Coin"],"max_hp_gain":0,"max_hp_loss":0,"event_name":"WeMeetAgain","floor":38,"gold_loss":0}],"is_beta":false,"boss_relics":[{"not_picked":["ChewingGum","hubris:HollowSoul"],"picked":"Honey Jar"},{"not_picked":["Snecko Eye","ReplayTheSpireMod:DimensionalGlitch"],"picked":"Runesmith:UraniumAnvil"}],"items_purged_floors":[13,45],"is_endless":false,"potions_floor_spawned":[1,5,10,18,24,28,33,39,41,47,48],"killed_by":"Donu and Deca","ascension_level":0}}