{"host":"gg","time":1609962358,"event":{"mods":["BaseMod","Colored Map","Googly Eyes","Minty Spire (QoL Compilation)","Permanent Neow","Relic Stats","The IronCluck"],"gold_per_floor":[115,115,85,103,122,122,151,151,151,185,201,211,6,20,20,98,98,111,74,138,138,138,220,220,220,220,220,41,41,78,103,103,204,204,282,282,325,39,112,112,112,112,112,131,131,131,184,255,255,285,285,285],"floor_reached":51,"playtime":3700,"items_purged":["Normality"],"score":1371,"play_id":"83e89d65-0e7c-47bc-8159-a2ac592823d3","local_time":"20210106114558","is_ascension_mode":true,"campfire_choices":[{"data":"Eruption","floor":6.0,"key":"SMITH"},{"data":"CrushJoints","floor":8.0,"key":"SMITH"},{"data":"Fasting2","floor":15.0,"key":"SMITH"},{"data":"TalkToTheHand","floor":25.0,"key":"SMITH"},{"data":"Fasting2","floor":27.0,"key":"SMITH"},{"data":"Apotheosis","floor":29.0,"key":"SMITH"},{"floor":32.0,"key":"REST"},{"data":"WheelKick","floor":40.0,"key":"SMITH"},{"floor":42.0,"key":"RECALL"},{"data":"TalkToTheHand","floor":49.0,"key":"SMITH"}],"circlet_count":0,"master_deck":["AscendersBane","Strike_P","Strike_P","Strike_P","Defend_P","Defend_P","Eruption+1","Vigilance","Meditate","CrushJoints+1","FearNoEvil+1","Conclude","Consecrate","Fasting2+1","CarveReality","Wish","Ragnarok+1","Omniscience+1","DeceiveReality+1","WheelKick+1","Fasting2+1","FlurryOfBlows","TalkToTheHand+1","Ghostly","Ghostly","Ghostly","SashWhip+1","Apotheosis+1","ThirdEye","CutThroughFate+1","DevaForm","CutThroughFate","Indignation+1","Weave+1","TalkToTheHand+1"],"relics":["Cursed Key","Dead Branch","Anchor","OrangePellets","Astrolabe","StrikeDummy","InkBottle","Sozu","Whetstone","Omamori"],"acts_visited":["Exordium","TheCity","TheBeyond"],"potions_floor_usage":[51],"damage_taken":[{"damage":2.0,"enemies":"Jaw Worm","floor":1.0,"turns":3.0},{"damage":0.0,"enemies":"Small Slimes","floor":4.0,"turns":2.0},{"damage":1.0,"enemies":"Cultist","floor":5.0,"turns":3.0},{"damage":16.0,"enemies":"Gremlin Nob","floor":7.0,"turns":3.0},{"damage":12.0,"enemies":"3 Sentries","floor":10.0,"turns":4.0},{"damage":0.0,"enemies":"Lots of Slimes","floor":11.0,"turns":4.0},{"damage":3.0,"enemies":"Blue Slaver","floor":12.0,"turns":3.0},{"damage":0.0,"enemies":"3 Louse","floor":14.0,"turns":2.0},{"damage":21.0,"enemies":"Slime Boss","floor":16.0,"turns":6.0},{"damage":0.0,"enemies":"Spheric Guardian","floor":18.0,"turns":2.0},{"damage":16.0,"enemies":"3 Byrds","floor":20.0,"turns":4.0},{"damage":7.0,"enemies":"Book of Stabbing","floor":23.0,"turns":5.0},{"damage":2.0,"enemies":"Snecko","floor":30.0,"turns":4.0},{"damage":21.0,"enemies":"Gremlin Leader","floor":31.0,"turns":5.0},{"damage":11.0,"enemies":"Automaton","floor":33.0,"turns":8.0},{"damage":0.0,"enemies":"3 Shapes","floor":35.0,"turns":6.0},{"damage":5.0,"enemies":"Orb Walker","floor":37.0,"turns":5.0},{"damage":14.0,"enemies":"4 Shapes","floor":39.0,"turns":5.0},{"damage":7.0,"enemies":"Maw","floor":44.0,"turns":5.0},{"damage":1.0,"enemies":"Giant Head","floor":47.0,"turns":7.0},{"damage":0.0,"enemies":"Spire Growth","floor":48.0,"turns":4.0},{"damage":15.0,"enemies":"Time Eater","floor":50.0,"turns":7.0},{"damage":14,"enemies":"Awakened One","floor":51,"turns":2}],"seed_played":"4715517541936518890","potions_obtained":[{"floor":1.0,"key":"Explosive Potion"},{"floor":3.0,"key":"Fruit Juice"},{"floor":3.0,"key":"Swift Potion"},{"floor":11.0,"key":"Regen Potion"},{"floor":14.0,"key":"Explosive Potion"},{"floor":16.0,"key":"SpeedPotion"},{"floor":20.0,"key":"SteroidPotion"},{"floor":31.0,"key":"FearPotion"}],"is_trial":false,"path_per_floor":["M","?","?","M","M","R","E","R","T","E","M","M","$","M","R","B",null,"M","$","M","?","?","E","?","R","T","R","$","R","M","E","R","B",null,"M","?","M","$","M","R","?","R","T","M","?","?","E","M","R","B","B"],"character_chosen":"WATCHER","items_purchased":["OrangePellets","Fasting2","Fasting2","Apotheosis","Whetstone","CutThroughFate"],"campfire_rested":1,"item_purchase_floors":[13,13,19,28,38,38],"current_hp_per_floor":[59,59,64,64,63,63,47,47,47,35,35,32,32,32,32,11,58,58,58,42,42,36,29,29,29,29,29,29,29,27,6,16,5,28,28,28,23,23,9,9,9,9,9,2,30,30,29,29,29,14,0,0],"gold":285,"neow_bonus":"BOSS_RELIC","is_daily":false,"chose_seed":false,"campfire_upgraded":8,"win_rate":0.0,"timestamp":1609962358,"path_taken":["M","?","?","M","M","R","E","R","T","E","M","?","?","M","R","BOSS","M","$","M","?","?","E","?","R","T","R","$","R","M","E","R","BOSS","M","?","M","$","M","R","?","R","T","?","?","?","E","M","R","BOSS","BOSS"],"items_purchased_type":["Relic","Card","Card","Card","Relic","Card"],"build_version":"2020-12-18","purchased_purges":1,"victory":false,"max_hp_per_floor":[68,68,73,73,73,73,73,73,73,73,73,73,73,73,73,73,73,73,73,73,73,36,36,36,36,36,36,36,36,36,36,36,36,36,36,36,36,36,36,36,36,36,36,36,30,30,30,30,30,30,30,30],"relic_stats":{"Sozu":2,"OrangePellets":[31],"counters":[23,99],"Dead Branch":[113],"Astrolabe":["Ragnarok","Omniscience","DeceiveReality"],"Whetstone":["CutThroughFate","FearNoEvil"],"Cursed Key":1,"obtain_stats":[{"Sozu":34,"OrangePellets":13,"Anchor":10,"Dead Branch":7,"Astrolabe":17,"Omamori":47,"Whetstone":38,"PureWater":0,"Cursed Key":0,"StrikeDummy":23,"InkBottle":31},{"Sozu":15,"OrangePellets":7,"Anchor":5,"Dead Branch":4,"Astrolabe":9,"Omamori":20,"Whetstone":17,"PureWater":0,"Cursed Key":0,"StrikeDummy":12,"InkBottle":14},{"Sozu":58,"OrangePellets":22,"Anchor":15,"Dead Branch":11,"Astrolabe":30,"Omamori":86,"Whetstone":69,"PureWater":0,"Cursed Key":0,"StrikeDummy":41,"InkBottle":50}],"InkBottle":[21]},"card_choices":[{"not_picked":["Protect","Sanctity"],"picked":"Meditate","floor":1.0},{"not_picked":["WreathOfFlame","Swivel"],"picked":"FlurryOfBlows","floor":4.0},{"not_picked":["Crescendo","Consecrate"],"picked":"CrushJoints","floor":5.0},{"not_picked":["EmptyBody","Sanctity","Meditate"],"picked":"SKIP","floor":7.0},{"not_picked":["SpiritShield","FlyingSleeves"],"picked":"FearNoEvil","floor":10.0},{"not_picked":["Evaluate","Nirvana"],"picked":"Conclude","floor":11.0},{"not_picked":["Prostrate","SandsOfTime"],"picked":"Consecrate","floor":12.0},{"not_picked":["LikeWater","Indignation"],"picked":"CarveReality","floor":14.0},{"not_picked":["MasterReality","Ragnarok"],"picked":"Wish","floor":16.0},{"not_picked":["Meditate+1","WaveOfTheHand"],"picked":"WheelKick","floor":18.0},{"not_picked":["SashWhip","Evaluate"],"picked":"FlurryOfBlows","floor":20.0},{"not_picked":["Protect","Perseverance"],"picked":"SashWhip+1","floor":23.0},{"not_picked":["Conclude","Crescendo"],"picked":"ThirdEye","floor":30.0},{"not_picked":["ThirdEye","FlyingSleeves"],"picked":"CutThroughFate","floor":31.0},{"not_picked":["SpiritShield","Blasphemy"],"picked":"DevaForm","floor":33.0},{"not_picked":["InnerPeace","FollowUp+1","Consecrate"],"picked":"SKIP","floor":35.0},{"not_picked":["PathToVictory","FlyingSleeves","SashWhip"],"picked":"SKIP","floor":37.0},{"not_picked":["BattleHymn","FollowUp+1"],"picked":"Indignation+1","floor":39.0},{"not_picked":["Evaluate+1","Vengeance"],"picked":"Weave+1","floor":44.0},{"not_picked":["Consecrate","ClearTheMind"],"picked":"TalkToTheHand","floor":47.0},{"not_picked":["Pray","EmptyBody","DeusExMachina"],"picked":"SKIP","floor":48.0}],"player_experience":1075520,"relics_obtained":[{"floor":7.0,"key":"Dead Branch"},{"floor":10.0,"key":"Anchor"},{"floor":23.0,"key":"StrikeDummy"},{"floor":31.0,"key":"InkBottle"},{"floor":47.0,"key":"Omamori"}],"event_choices":[{"damage_healed":0.0,"max_hp_gain":0.0,"max_hp_loss":0.0,"gold_gain":0.0,"event_name":"The Cleric","player_choice":"Leave","floor":2.0,"gold_loss":0.0,"damage_taken":0.0},{"damage_healed":0.0,"max_hp_gain":0.0,"max_hp_loss":0.0,"gold_gain":0.0,"event_name":"The Woman in Blue","player_choice":"Bought 2 Potions","floor":3.0,"gold_loss":0.0,"damage_taken":0.0},{"damage_healed":0.0,"max_hp_gain":0.0,"max_hp_loss":0.0,"gold_gain":0.0,"event_name":"The Library","player_choice":"Read","floor":21.0,"gold_loss":0.0,"damage_taken":0.0,"cards_obtained":["TalkToTheHand"]},{"damage_healed":0.0,"max_hp_gain":0.0,"max_hp_loss":37.0,"gold_gain":0.0,"event_name":"Ghosts","player_choice":"Became a Ghost","floor":22.0,"gold_loss":0.0,"damage_taken":0.0,"cards_obtained":["Ghostly","Ghostly","Ghostly"]},{"damage_healed":0.0,"max_hp_gain":0.0,"max_hp_loss":0.0,"gold_gain":0.0,"event_name":"Beggar","player_choice":"Ignored","floor":24.0,"gold_loss":0.0,"damage_taken":0.0},{"cards_removed":["FlurryOfBlows"],"damage_healed":0.0,"max_hp_gain":0.0,"max_hp_loss":0.0,"gold_gain":0.0,"event_name":"Falling","player_choice":"Removed Attack","floor":36.0,"gold_loss":0.0,"damage_taken":0.0},{"damage_healed":0.0,"max_hp_gain":0.0,"max_hp_loss":0.0,"gold_gain":0.0,"event_name":"Lab","player_choice":"Got Potions","floor":41.0,"gold_loss":0.0,"damage_taken":0.0},{"damage_healed":30.0,"max_hp_gain":0.0,"max_hp_loss":6.0,"gold_gain":0.0,"event_name":"The Moai Head","player_choice":"Heal","floor":45.0,"gold_loss":0.0,"damage_taken":0.0},{"damage_healed":0.0,"max_hp_gain":0.0,"max_hp_loss":0.0,"gold_gain":0.0,"event_name":"Tomb of Lord Red Mask","player_choice":"Ignored","floor":46.0,"gold_loss":0.0,"damage_taken":0.0}],"is_beta":true,"boss_relics":[{"not_picked":["Snecko Eye","Tiny House"],"picked":"Astrolabe"},{"not_picked":["SacredBark","Runic Dome"],"picked":"Sozu"}],"items_purged_floors":[38],"is_endless":false,"potions_floor_spawned":[1,5,11,14,16,20,30,31,33,35,44,48],"killed_by":"Awakened One","ascension_level":20}}