{"host":"sl4rf9j4s63ev6os","time":1609907843,"event":{"mods":["AchievementEnabler","BaseMod","Colored Map","Colored Powertips","DeckTracker","Minty Spire (QoL Compilation)","Relic Sorter"],"gold_per_floor":[116,41,216,231,247,247,278,278,278,290,290,307,307,307,307,307,307],"floor_reached":16,"playtime":609,"items_purged":["Strike_P"],"score":100,"play_id":"d42925a4-1784-4777-a647-729717c7289b","local_time":"20210106143723","is_ascension_mode":false,"campfire_choices":[{"data":"FlurryOfBlows","floor":6,"key":"SMITH"},{"data":"LikeWater","floor":8,"key":"SMITH"},{"data":"EmptyBody","floor":11,"key":"SMITH"},{"data":"Alpha","floor":13,"key":"SMITH"},{"floor":15,"key":"RECALL"}],"circlet_count":0,"master_deck":["Strike_P+1","Strike_P+1","Strike_P","Defend_P","Defend_P","Defend_P","Defend_P","Eruption","Vigilance","Doubt","EmptyBody+1","FlurryOfBlows+1","LikeWater+1","Alpha+1"],"relics":["PureWater","Ornamental Fan"],"acts_visited":["Exordium"],"potions_floor_usage":[7,16,16],"damage_taken":[{"damage":0,"enemies":"2 Louse","floor":1,"turns":3},{"damage":0,"enemies":"Small Slimes","floor":4,"turns":3},{"damage":7,"enemies":"Cultist","floor":5,"turns":3},{"damage":33,"enemies":"Gremlin Nob","floor":7,"turns":4},{"damage":2,"enemies":"Exordium Thugs","floor":10,"turns":4},{"damage":7,"enemies":"Blue Slaver","floor":12,"turns":6},{"damage":32,"enemies":"The Guardian","floor":16,"turns":2}],"seed_played":"-650990534049070795","potions_obtained":[{"floor":5,"key":"BlessingOfTheForge"},{"floor":7,"key":"PowerPotion"},{"floor":10,"key":"DuplicationPotion"}],"is_trial":false,"path_per_floor":["M","$","?","M","M","R","E","R","T","M","R","M","R","?","R","B"],"character_chosen":"WATCHER","items_purchased":[],"campfire_rested":0,"item_purchase_floors":[],"current_hp_per_floor":[79,79,79,79,72,72,39,39,39,37,37,30,30,14,14,0,0],"gold":307,"neow_bonus":"TEN_PERCENT_HP_BONUS","is_daily":false,"chose_seed":false,"campfire_upgraded":4,"win_rate":0.0,"timestamp":1609907843,"path_taken":["M","$","?","M","M","R","E","R","T","M","R","M","R","?","R","BOSS"],"items_purchased_type":[],"build_version":"2020-12-22","purchased_purges":1,"victory":false,"max_hp_per_floor":[79,79,79,79,79,79,79,79,79,79,79,79,79,79,79,79,79],"card_choices":[{"not_picked":["Prostrate","Crescendo","ForeignInfluence"],"picked":"SKIP","floor":1},{"not_picked":["Crescendo","FearNoEvil"],"picked":"EmptyBody","floor":4},{"not_picked":["Prostrate","WreathOfFlame"],"picked":"FlurryOfBlows","floor":5},{"not_picked":["InnerPeace","JustLucky"],"picked":"LikeWater","floor":7},{"not_picked":["Worship","BowlingBash","FollowUp"],"picked":"SKIP","floor":10},{"not_picked":["PathToVictory","SashWhip"],"picked":"Alpha","floor":12}],"player_experience":185410,"relics_obtained":[{"floor":7,"key":"Ornamental Fan"}],"event_choices":[{"damage_healed":0,"gold_gain":175,"player_choice":"AGREE","damage_taken":0,"max_hp_gain":0,"max_hp_loss":0,"event_name":"Liars Game","floor":3,"gold_loss":0,"cards_obtained":["Doubt"]},{"damage_healed":0,"gold_gain":0,"player_choice":"Entered Light","damage_taken":16,"max_hp_gain":0,"max_hp_loss":0,"event_name":"Shining Light","floor":14,"gold_loss":0,"cards_upgraded":["Strike_P","Strike_P"]}],"is_beta":false,"boss_relics":[],"items_purged_floors":[2],"is_endless":false,"potions_floor_spawned":[5,7,10],"killed_by":"The Guardian","ascension_level":0}}