{"host":"jx3f6ezc0g3s9edc","time":1609901345,"event":{"mods":["AchievementEnabler","BaseMod","Bestiary","Colored Map","Highlight Path","Minty Spire (QoL Compilation)","StSLib"],"gold_per_floor":[117,117,135,152,166,166,192,206,206,156,156,7,7,32,32,135,135,135,135],"floor_reached":18,"playtime":1100,"items_purged":["Strike_R"],"score":264,"play_id":"e59033c0-2d85-4e39-b3eb-bbaa45954d2d","local_time":"20210105214905","is_ascension_mode":true,"campfire_choices":[{"data":"Fire Breathing","floor":6.0,"key":"SMITH"},{"floor":11,"key":"REST"},{"data":"True Grit","floor":15,"key":"SMITH"}],"circlet_count":0,"master_deck":["AscendersBane","Strike_R","Strike_R","Strike_R","Defend_R","Defend_R","Defend_R","Defend_R","Bash","Exhume","Carnage","Fire Breathing+1","Feel No Pain","Disarm","True Grit+1","Hemokinesis","Evolve","Infernal Blade","Barricade"],"relics":["Black Blood","GremlinMask","Centennial Puzzle","Bag of Marbles","Ancient Tea Set"],"acts_visited":["Exordium","TheCity"],"potions_floor_usage":[8,14],"damage_taken":[{"damage":9.0,"enemies":"2 Louse","floor":1.0,"turns":2.0},{"damage":1.0,"enemies":"Cultist","floor":3.0,"turns":3.0},{"damage":14.0,"enemies":"Small Slimes","floor":4.0,"turns":4.0},{"damage":16.0,"enemies":"Blue Slaver","floor":5.0,"turns":5.0},{"damage":25.0,"enemies":"Gremlin Nob","floor":7.0,"turns":5.0},{"damage":17,"enemies":"Red Slaver","floor":8,"turns":5},{"damage":4,"enemies":"3 Sentries","floor":14,"turns":5},{"damage":40,"enemies":"Hexaghost","floor":16,"turns":11},{"damage":72,"enemies":"3 Byrds","floor":18,"turns":6}],"seed_played":"-1559935263374445002","potions_obtained":[{"floor":1.0,"key":"ColorlessPotion"},{"floor":3.0,"key":"BlessingOfTheForge"},{"floor":7.0,"key":"SpeedPotion"},{"floor":8,"key":"DistilledChaos"},{"floor":16,"key":"Weak Potion"}],"is_trial":false,"path_per_floor":["M","?","M","M","M","R","E","M","T","?","R","$","?","E","R","B",null,"M"],"character_chosen":"IRONCLAD","items_purchased":["Evolve"],"campfire_rested":1,"item_purchase_floors":[12],"current_hp_per_floor":[69,69,74,66,56,56,37,26,26,26,50,50,76,78,78,44,71,0,0],"gold":135,"neow_bonus":"ONE_RANDOM_RARE_CARD","is_daily":false,"chose_seed":false,"campfire_upgraded":2,"win_rate":0.0,"timestamp":1609901345,"path_taken":["M","?","M","?","M","R","E","M","T","?","R","$","?","E","R","BOSS","M"],"items_purchased_type":["Card"],"build_version":"2020-12-22","purchased_purges":1,"victory":false,"max_hp_per_floor":[80,80,80,80,80,80,80,80,80,80,80,80,80,80,80,80,80,80,80],"card_choices":[{"not_picked":["Sentinel","Flame Barrier"],"picked":"Carnage","floor":1.0},{"not_picked":["Wild Strike","Second Wind"],"picked":"Fire Breathing","floor":3.0},{"not_picked":["Fire Breathing","Clash"],"picked":"Feel No Pain","floor":4.0},{"not_picked":["Infernal Blade","Wild Strike"],"picked":"Disarm","floor":5.0},{"not_picked":["Disarm","Dropkick"],"picked":"True Grit","floor":7.0},{"not_picked":["Searing Blow","Iron Wave"],"picked":"Hemokinesis","floor":8},{"not_picked":["Sword Boomerang","Iron Wave"],"picked":"Infernal Blade","floor":14},{"not_picked":["Exhume","Reaper"],"picked":"Barricade","floor":16}],"player_experience":728783,"relics_obtained":[{"floor":7.0,"key":"Centennial Puzzle"},{"floor":9,"key":"Bag of Marbles"},{"floor":14,"key":"Ancient Tea Set"}],"event_choices":[{"damage_healed":0.0,"max_hp_gain":0.0,"max_hp_loss":0.0,"gold_gain":0.0,"event_name":"FaceTrader","player_choice":"Trade","floor":2.0,"gold_loss":0.0,"damage_taken":0.0,"relics_obtained":["GremlinMask"]},{"cards_removed":["Strike_R"],"damage_healed":0,"gold_gain":0,"player_choice":"Card Removal","damage_taken":0,"max_hp_gain":0,"max_hp_loss":0,"event_name":"The Cleric","floor":10,"gold_loss":50},{"damage_healed":26,"gold_gain":0,"player_choice":"Banana","damage_taken":0,"max_hp_gain":0,"max_hp_loss":0,"event_name":"Big Fish","floor":13,"gold_loss":0}],"is_beta":false,"boss_relics":[{"not_picked":["Fusion Hammer","Calling Bell"],"picked":"Black Blood"}],"items_purged_floors":[12],"is_endless":false,"potions_floor_spawned":[1,3,7,8,16],"killed_by":"3 Byrds","ascension_level":11}}