{"host":"g01l53quoe6lrer0","time":1609967706,"event":{"mods":["2.2 Compatiblity","AchievementEnabler","BaseMod","Colored Map","Highlight Path","Keyboard Shortcuts","Minty Spire (QoL Compilation)","Permanent Neow","StSLib","SuperFastMode","everything is the same but u backflip on backflip"],"gold_per_floor":[115,130,205,205,220,220,232,232,232],"floor_reached":8,"playtime":224,"items_purged":[],"score":62,"play_id":"e578f4c3-23a3-4220-ae7b-35aac8bb3f75","local_time":"20210107061506","is_ascension_mode":true,"campfire_choices":[{"data":"Glass Knife","floor":6,"key":"SMITH"}],"circlet_count":0,"master_deck":["Strike_G","Strike_G","Strike_G","Strike_G","Defend_G","Defend_G","Defend_G","Defend_G","Defend_G","Survivor","Neutralize","Glass Knife+1","Catalyst","Setup","Concentrate","Acrobatics"],"relics":["Ring of the Snake"],"acts_visited":["Exordium"],"potions_floor_usage":[8],"damage_taken":[{"damage":4,"enemies":"Small Slimes","floor":1,"turns":3},{"damage":1,"enemies":"Cultist","floor":2,"turns":3},{"damage":1,"enemies":"2 Louse","floor":5,"turns":3},{"damage":1,"enemies":"2 Fungi Beasts","floor":7,"turns":4},{"damage":34,"enemies":"Lagavulin","floor":8,"turns":9}],"seed_played":"-6699912736562877051","potions_obtained":[{"floor":5,"key":"SpeedPotion"},{"floor":7,"key":"LiquidMemories"}],"is_trial":false,"path_per_floor":["M","M","?","?","M","R","M","E"],"character_chosen":"THE_SILENT","items_purchased":[],"campfire_rested":0,"item_purchase_floors":[],"current_hp_per_floor":[59,58,47,47,46,46,45,11,11],"gold":232,"neow_bonus":"ONE_RANDOM_RARE_CARD","is_daily":false,"chose_seed":false,"campfire_upgraded":1,"win_rate":0.0,"timestamp":1609967706,"path_taken":["M","M","?","?","M","R","M","E"],"items_purchased_type":[],"build_version":"2020-12-22","purchased_purges":0,"victory":false,"max_hp_per_floor":[70,70,70,70,70,70,70,70,70],"card_choices":[{"not_picked":["Dagger Spray","Deadly Poison"],"picked":"Catalyst","floor":1},{"not_picked":["Dagger Throw","Acrobatics"],"picked":"Setup","floor":2},{"not_picked":["Infinite Blades","Finisher"],"picked":"Acrobatics","floor":5},{"not_picked":["Sucker Punch","Acrobatics","Poisoned Stab"],"picked":"SKIP","floor":7}],"player_experience":47007,"relics_obtained":[],"event_choices":[{"damage_healed":0,"gold_gain":75,"player_choice":"Gather Gold","damage_taken":11,"max_hp_gain":0,"max_hp_loss":0,"event_name":"World of Goop","floor":3,"gold_loss":0},{"damage_healed":0,"gold_gain":0,"cards_transformed":["Strike_G"],"player_choice":"Transformed","damage_taken":0,"max_hp_gain":0,"max_hp_loss":0,"event_name":"Transmorgrifier","floor":4,"gold_loss":0,"cards_obtained":["Concentrate"]}],"is_beta":false,"boss_relics":[],"items_purged_floors":[],"is_endless":false,"potions_floor_spawned":[5,7],"killed_by":"Lagavulin","ascension_level":6}}