{"host":"k5ezbu40hxyit46v","time":1609975387,"event":{"mods":["Act Like it!","Aspiration","Astrologer","BaseMod","BetterRewards","Conspire","DeckTracker","Energized Spire","Gensokyo","Googly Eyes","Halation","HexUI Lib","Highlight Path","Hubris","Infinite Spire","Ironclad Rager","Jedi Mod","Mad Scientist","Marisa????????","Minty Spire (QoL Compilation)","Quarter Circle Forward PUNCH!","Quick Restart","Replay The Spire","Reworked Bosses","Shop Mod","Spikes Relics","StSLib","The Administrix","The Awakened One except there are too many feathers","The Bladedancer","The Cursed","The IronCluck","The Servant 0.9.4","The Wild Card","everything is the same but u backflip on backflip","slay the spire mod where everything is the same but ironclad has a cowboy hat","vexMod"],"gold_per_floor":[111,125,142,153,173,208,225,225,225],"floor_reached":8,"playtime":252,"items_purged":[],"score":114,"play_id":"89126bfa-0fe9-45df-b6c4-25407b58cebe","local_time":"20210106182307","is_ascension_mode":true,"campfire_choices":[],"circlet_count":0,"master_deck":["AscendersBane","Strike_R","Strike_R","Strike_R","Strike_R","Strike_R","Defend_R","Defend_R","Defend_R","Defend_R+1","Bash","Cleave","Shockwave+1","Berserk"],"relics":["Burning Blood","NeowsBlessing","War Paint"],"acts_visited":["Gensokyo:Gensokyo"],"potions_floor_usage":[8],"damage_taken":[{"damage":0.0,"enemies":"Gensokyo:Python","floor":1.0,"turns":1.0},{"damage":2.0,"enemies":"Gensokyo:3_Fairies","floor":2.0,"turns":2.0},{"damage":0.0,"enemies":"Gensokyo:Gryphon","floor":3.0,"turns":1.0},{"damage":16.0,"enemies":"Gensokyo:Python_and_Kodama","floor":4.0,"turns":4.0},{"damage":7.0,"enemies":"Gensokyo:2_Rabbits","floor":5.0,"turns":4.0},{"damage":31.0,"enemies":"Gensokyo:Mamizou","floor":6.0,"turns":10.0},{"damage":16.0,"enemies":"Gensokyo:3_Kodama","floor":7.0,"turns":4.0},{"damage":29,"enemies":"Gensokyo:Aya","floor":8,"turns":5}],"seed_played":"7074297745323734934","potions_obtained":[{"floor":2.0,"key":"Block Potion"},{"floor":7.0,"key":"Strength Potion"}],"is_trial":false,"path_per_floor":["M","M","M","M","M","E","M","E"],"character_chosen":"IRONCLAD","items_purchased":[],"campfire_rested":0,"item_purchase_floors":[],"current_hp_per_floor":[74,75,75,65,64,39,29,0,0],"gold":225,"neow_bonus":"THREE_ENEMY_KILL","is_daily":false,"chose_seed":false,"campfire_upgraded":0,"win_rate":0.0,"timestamp":1609975387,"path_taken":["M","M","M","M","M","E","M","E"],"items_purchased_type":[],"build_version":"2020-12-22","purchased_purges":0,"victory":false,"max_hp_per_floor":[75,75,75,75,75,75,75,75,75],"card_choices":[{"not_picked":["Wild Strike","Armaments","Flex"],"picked":"SKIP","floor":1.0},{"not_picked":["Wild Strike","Iron Wave"],"picked":"Cleave","floor":2.0},{"not_picked":["jedi:fear","Flex","True Grit"],"picked":"SKIP","floor":3.0},{"not_picked":["Wild Strike","jedi:fear"],"picked":"Shockwave","floor":4.0},{"not_picked":["Ghostly Armor","True Grit","Cleave"],"picked":"SKIP","floor":5.0},{"not_picked":["Armaments","ReplayTheSpireMod:Strike From Hell"],"picked":"Berserk","floor":6.0},{"not_picked":["Shrug It Off","Power Through","ReplayTheSpireMod:Strike From Hell"],"picked":"SKIP","floor":7.0}],"player_experience":1230359,"relics_obtained":[{"floor":6.0,"key":"War Paint"}],"event_choices":[],"is_beta":false,"boss_relics":[],"items_purged_floors":[],"is_endless":false,"potions_floor_spawned":[2,7],"killed_by":"Gensokyo:Aya","ascension_level":20}}