{"host":"tom9euzqew4po1rs","time":1609902025,"event":{"mods":["BaseMod","Minty Spire (QoL Compilation)","Quick Restart","Rare Cards Sparkle","Replay The Spire","StSLib","The Animator","The Cursed"],"gold_per_floor":[109,69,86,104,122,136,153,36,36,36,61,71,71,97,97,97,97],"floor_reached":16,"playtime":1179,"items_purged":[],"score":104,"play_id":"5fe89f7a-b282-472e-902c-d37f2ae66b2b","local_time":"20210105220025","is_ascension_mode":false,"campfire_choices":[{"floor":10,"key":"RECALL"},{"floor":13,"key":"REST"},{"data":"Blur","floor":15,"key":"SMITH"}],"circlet_count":0,"master_deck":["Strike_G","Strike_G","Strike_G","Strike_G","Strike_G","Defend_G","Defend_G","Defend_G","Defend_G","Defend_G","Survivor","Neutralize","Escape Plan","Cloak And Dagger","Blur+1","Slice","Deadly Poison","Fluid Movement","Slice","Night Terror+1","Prepared+1","Blur+1"],"relics":["Ring of the Snake","Regal Pillow","Toxic Egg 2","Odd Mushroom"],"acts_visited":["Exordium"],"potions_floor_usage":[3,3,5,6,11,12,14,16],"damage_taken":[{"damage":0,"enemies":"Jaw Worm","floor":1,"turns":5},{"damage":4,"enemies":"Cultist","floor":3,"turns":4},{"damage":0,"enemies":"2 Louse","floor":4,"turns":3},{"damage":0,"enemies":"2 Fungi Beasts","floor":5,"turns":3},{"damage":4,"enemies":"Exordium Wildlife","floor":6,"turns":10},{"damage":0,"enemies":"Large Slime","floor":7,"turns":7},{"damage":39,"enemies":"Gremlin Nob","floor":11,"turns":6},{"damage":0,"enemies":"Gremlin Gang","floor":12,"turns":4},{"damage":0,"enemies":"The Mushroom Lair","floor":14,"turns":5},{"damage":72,"enemies":"Slime Boss","floor":16,"turns":18}],"seed_played":"3251294816530139190","potions_obtained":[{"floor":2,"key":"SpeedPotion"},{"floor":2,"key":"Explosive Potion"},{"floor":2,"key":"Venom Potion"},{"floor":3,"key":"LiquidMemories"},{"floor":4,"key":"Fire Potion"},{"floor":11,"key":"Energy Potion"},{"floor":12,"key":"PowerPotion"},{"floor":14,"key":"Explosive Potion"}],"is_trial":false,"path_per_floor":["M","?","M","M","M","M","M","$","T","R","E","M","R","?","R","B"],"character_chosen":"THE_SILENT","items_purchased":["Fluid Movement","Slice"],"campfire_rested":1,"item_purchase_floors":[8,8],"current_hp_per_floor":[77,77,73,73,73,69,69,69,69,69,30,30,68,68,68,0,0],"gold":97,"neow_bonus":"TEN_PERCENT_HP_BONUS","is_daily":false,"chose_seed":false,"campfire_upgraded":1,"win_rate":0.0,"timestamp":1609902025,"path_taken":["M","?","?","M","M","M","M","$","T","R","E","M","R","?","R","BOSS"],"items_purchased_type":["Card","Card"],"build_version":"2020-12-22","purchased_purges":0,"victory":false,"max_hp_per_floor":[77,77,77,77,77,77,77,77,77,77,77,77,77,77,77,77,77],"card_choices":[{"not_picked":["Sucker Punch","PiercingWail"],"picked":"Escape Plan","floor":1},{"not_picked":["Bane","Endless Agony","Acrobatics"],"picked":"SKIP","floor":3},{"not_picked":["Deadly Poison","Quick Slash"],"picked":"Cloak And Dagger","floor":4},{"not_picked":["Well Laid Plans","Slice"],"picked":"Blur","floor":5},{"not_picked":["Leg Sweep","Flying Knee"],"picked":"Slice","floor":6},{"not_picked":["PiercingWail","Dagger Spray"],"picked":"Deadly Poison","floor":7},{"not_picked":["Flying Knee","Dodge and Roll+1"],"picked":"Night Terror+1","floor":11},{"not_picked":["Flying Knee","Acrobatics+1"],"picked":"Prepared+1","floor":12},{"not_picked":["Predator","Prepared+1"],"picked":"Blur+1","floor":14}],"player_experience":61028,"relics_obtained":[{"floor":9,"key":"Regal Pillow"},{"floor":11,"key":"Toxic Egg 2"},{"floor":14,"key":"Odd Mushroom"}],"event_choices":[{"damage_healed":0,"gold_gain":0,"player_choice":"Bought 3 Potions","damage_taken":0,"max_hp_gain":0,"max_hp_loss":0,"event_name":"The Woman in Blue","floor":2,"gold_loss":0},{"damage_healed":0,"gold_gain":0,"player_choice":"Fought Mushrooms","damage_taken":0,"max_hp_gain":0,"max_hp_loss":0,"event_name":"Mushrooms","floor":14,"gold_loss":0}],"is_beta":false,"boss_relics":[],"items_purged_floors":[],"is_endless":false,"potions_floor_spawned":[3,4,11,12,14],"killed_by":"Slime Boss","ascension_level":0}}