{"host":"yp47u74hk6n79vj1","time":1609914767,"event":{"mods":["BaseMod","Colored Map","Highlight Path","Minty Spire (QoL Compilation)"],"gold_per_floor":[112,38,58,13,88,88,119,175,175,175,192,43,58,73,73,170,170,139,42,53,53,53,53,53,53,53],"floor_reached":25,"playtime":732,"items_purged":["Strike_R"],"score":254,"play_id":"8caf0178-b519-4301-aa1a-2e32cd1b792f","local_time":"20210106013247","is_ascension_mode":true,"campfire_choices":[{"data":"Limit Break","floor":6,"key":"SMITH"},{"data":"Body Slam","floor":10,"key":"SMITH"},{"data":"Shrug It Off","floor":15,"key":"SMITH"},{"data":"True Grit","floor":23,"key":"SMITH"}],"circlet_count":0,"master_deck":["Defend_R","Defend_R","Defend_R","Defend_R","Bash","Bludgeon","Fire Breathing","Inflame","Limit Break+1","Iron Wave","Shrug It Off+1","Body Slam+1","Cleave","Demon Form","Ghostly Armor","True Grit+1","Uppercut","Shrug It Off"],"relics":["Burning Blood","Bird Faced Urn","Paper Frog","Vajra","Omamori","Calling Bell","PreservedInsect","Shuriken","Mango"],"acts_visited":["Exordium","TheCity"],"potions_floor_usage":[8,16],"damage_taken":[{"damage":0,"enemies":"Cultist","floor":1,"turns":3},{"damage":0,"enemies":"Small Slimes","floor":3,"turns":2},{"damage":30,"enemies":"Lagavulin","floor":7,"turns":7},{"damage":12,"enemies":"3 Sentries","floor":8,"turns":5},{"damage":0,"enemies":"Jaw Worm","floor":11,"turns":3},{"damage":10,"enemies":"Exordium Wildlife","floor":13,"turns":4},{"damage":13,"enemies":"Exordium Thugs","floor":14,"turns":4},{"damage":36,"enemies":"Slime Boss","floor":16,"turns":9},{"damage":36,"enemies":"2 Thieves","floor":18,"turns":5},{"damage":61,"enemies":"Shell Parasite","floor":20,"turns":10},{"damage":58,"enemies":"3 Cultists","floor":25,"turns":5}],"seed_played":"-2552208262716025074","potions_obtained":[{"floor":1,"key":"Fruit Juice"},{"floor":3,"key":"Fire Potion"},{"floor":18,"key":"LiquidBronze"}],"is_trial":false,"path_per_floor":["M","$","M","$","?","R","E","?","T","R","M","$","M","M","R","B",null,"M","$","M","?","?","R","?","M"],"character_chosen":"IRONCLAD","items_purchased":["Limit Break","Iron Wave","Omamori","True Grit"],"campfire_rested":0,"item_purchase_floors":[2,4,12,19],"current_hp_per_floor":[62,62,68,68,57,57,33,31,31,31,39,39,39,34,34,13,99,69,69,18,18,18,18,51,0,0],"gold":53,"neow_bonus":"TRANSFORM_TWO_CARDS","is_daily":false,"chose_seed":false,"campfire_upgraded":4,"win_rate":0.0,"timestamp":1609914767,"path_taken":["M","$","?","$","?","R","E","?","T","R","M","?","?","M","R","BOSS","M","$","M","?","?","R","?","M"],"items_purchased_type":["Card","Card","Relic","Card"],"build_version":"2020-12-22","purchased_purges":1,"victory":false,"max_hp_per_floor":[80,80,80,80,80,80,80,80,80,80,80,80,80,80,80,85,99,99,99,99,99,99,99,99,99,99],"card_choices":[{"not_picked":["Dual Wield","Pommel Strike"],"picked":"Inflame","floor":1},{"not_picked":["Sever Soul","Twin Strike","Clash"],"picked":"SKIP","floor":3},{"not_picked":["Sword Boomerang","Anger"],"picked":"Shrug It Off","floor":7},{"not_picked":["True Grit","Clash"],"picked":"Body Slam","floor":8},{"not_picked":["Blood for Blood","Dropkick","Perfected Strike"],"picked":"SKIP","floor":11},{"not_picked":["Shrug It Off","Infernal Blade"],"picked":"Cleave","floor":13},{"not_picked":["Dark Embrace","Clothesline","Pummel"],"picked":"SKIP","floor":14},{"not_picked":["Brutality","Feed"],"picked":"Demon Form","floor":16},{"not_picked":["Sword Boomerang","Burning Pact"],"picked":"Ghostly Armor","floor":18},{"not_picked":["Inflame","Ghostly Armor","Clothesline+1"],"picked":"SKIP","floor":20}],"player_experience":602141,"relics_obtained":[{"floor":7,"key":"Bird Faced Urn"},{"floor":8,"key":"Paper Frog"},{"floor":9,"key":"Vajra"},{"floor":17,"key":"PreservedInsect"},{"floor":17,"key":"Shuriken"},{"floor":17,"key":"Mango"}],"event_choices":[{"damage_healed":0,"gold_gain":75,"player_choice":"Gather Gold","damage_taken":11,"max_hp_gain":0,"max_hp_loss":0,"event_name":"World of Goop","floor":5,"gold_loss":0},{"damage_healed":0,"gold_gain":0,"player_choice":"Searched \u00272\u0027 times","damage_taken":0,"max_hp_gain":0,"max_hp_loss":0,"event_name":"Dead Adventurer","floor":8,"gold_loss":0},{"damage_healed":0,"gold_gain":0,"player_choice":"Ignored","damage_taken":0,"max_hp_gain":0,"max_hp_loss":0,"event_name":"Ghosts","floor":21,"gold_loss":0},{"damage_healed":0,"gold_gain":0,"cards_transformed":["Strike_R","Strike_R"],"player_choice":"Became Test Subject","damage_taken":0,"max_hp_gain":0,"max_hp_loss":0,"event_name":"Drug Dealer","floor":22,"gold_loss":0,"cards_obtained":["Uppercut","Shrug It Off"]},{"damage_healed":33,"gold_gain":0,"player_choice":"Heal","damage_taken":0,"max_hp_gain":0,"max_hp_loss":0,"event_name":"The Library","floor":24,"gold_loss":0}],"is_beta":false,"boss_relics":[{"not_picked":["Black Star","Runic Pyramid"],"picked":"Calling Bell"}],"items_purged_floors":[19],"is_endless":false,"potions_floor_spawned":[1,3,18],"killed_by":"3 Cultists","ascension_level":3}}