{"host":"w5vfr18i2ft1pzo2","time":1609925263,"event":{"mods":["Act Like it!","Aspiration","BaseMod","Better Third Choice","BetterRewards","Colored Map","Colored Powertips","Conspire","Curses Come First","DNKmod","Defuse TimeMaze Blight","Dota2Spire","Energized Spire","Evolution","Force Act Four","Friendly Minions","Gensokyo","GifTheSpireLib","Gold Saver","Halation","Hubris","Hyrulean Relics","Infinite Spire","Jedi Mod","Marisa????????","Minty Spire (QoL Compilation)","MostiFishMod","Prisma Mod","Remilia??????","Replay The Spire","SacredBarkPlus","Small Relic Pack","Spicy Shops","Spikes Relics","StSLib","Stuff the Spire","SuperFastMode","Synergy Search","The Blue Laboratory","The Servant 0.9.4","TheWitcher","Trackpad","Treasure Hunter","Uncapped","Wandering Minibosses","Yakumo Yukari mod","noobMod","vexMod","??????REMEMod"],"gold_per_floor":[1339,1358,1358,1358,1377,1377,1397,1430,1502,1502,1502,1517,1527,1178,1178,1275,1275,1286,1798,1809,1822,1737,2366,1954,1954,1980,2009,2223,2473,2507,2520,2520,2782,2782,3058,3794,3794,3844,3844,4120,4120,4120,4407,4407,4407,4407,4407,4407,4407,4253,4650,4650],"floor_reached":56,"playtime":2131,"items_purged":[],"score":1919,"play_id":"4e4b581d-0c29-4137-8c67-d1a22703d92e","local_time":"20210106172743","is_ascension_mode":true,"campfire_choices":[{"floor":6.0,"key":"RECALL"},{"data":"Gensokyo:Kunekune","floor":15.0,"key":"SMITH"},{"data":"REME_WheelOfFate","floor":25.0,"key":"SMITH"},{"data":"REME_WorshipGod","floor":32.0,"key":"SMITH"},{"data":"Discovery","floor":40.0,"key":"SMITH"},{"data":"MostiFishMod:Dust","floor":47.0,"key":"SMITH"},{"floor":49.0,"key":"REST"},{"floor":52.0,"key":"REST"}],"circlet_count":0,"master_deck":["Strike_P","Strike_P","Strike_P","Defend_P","Defend_P","Defend_P+1","Eruption+1","Vigilance","Fasting2","MostiFishMod:StarOceanP+1","Protect+1","TH:CursedSword+1","TH:DeckOfManyThings","MostiFishMod:Nomercy","Gensokyo:Kunekune+1","Gensokyo:Taser","LessonLearned+1","TH:DeckOfManyThings","Omniscience+1","MostiFishMod:Nomercy","LikeWater+1","BattleHymn","TH:CursedSword","REME_WorshipGod+1","REME_FirmDetermination","MostiFishMod:KingOfFree","MostiFishMod:JungleRules","Discovery+1","REME_WheelOfFate+1","TH:BikiniMail+1","TH:DeckOfManyThings","Alpha+1","Nirvana+1","TH:TreasureMap","BattleHymn","BattleHymn+1","TH:CursedSword+1","Vault+1","MostiFishMod:LegendTransform+1","MostiFishMod:LegendTransform+1","Evaluate","TH:CursedSword","MostiFishMod:Dust+1","TH:TreasureMap","WheelKick","Evaluate","Strike_P","TH:ArmorSpikes","WindmillStrike"],"relics":["EVO:Axolotl","DaveBox","ice","REME_ComplimentaryCards","halation:SimulatedSpire","SynthV:TestCard","relicPack:DSword","halation:EternalFortune","Dota2Spire:EtherealBlade","trackpad:AdjectivePendant","Gensokyo:OccultBall","HaiYi:Twilight","hubris:Reverence","Juzu Bracelet","ReplayTheSpireMod:ShopPack","aspiration:HiddenCompartment","Durian","hubris:BottledRain","StuffTheSpire:OldFever","trackpad:CultistFigurine","conspire:DeflatedDodgeball","infinitespire:EvilPickle","RhineCircuit","wanderingMiniBosses:LockLocket","hubris:Teleporter","Dota2Spire:EchoSabre","Yang","Guide Book","StuffTheSpire:Mouthbags"],"acts_visited":["Gensokyo:Gensokyo","TheCity","TheBeyond","TheEnding"],"potions_floor_usage":[54],"damage_taken":[{"damage":0.0,"enemies":"Gensokyo:3_Fairies","floor":1.0,"turns":3.0},{"damage":6.0,"enemies":"Gensokyo:Gryphon","floor":2.0,"turns":2.0},{"damage":0.0,"enemies":"Gensokyo:Python","floor":5.0,"turns":3.0},{"damage":0.0,"enemies":"Gensokyo:VengefulSpirit","floor":7.0,"turns":3.0},{"damage":0.0,"enemies":"Gensokyo:Mamizou","floor":8.0,"turns":3.0},{"damage":2.0,"enemies":"Gensokyo:LivingMonolith","floor":12.0,"turns":6.0},{"damage":0.0,"enemies":"Gensokyo:Gryphon_and_Rabbit","floor":13.0,"turns":3.0},{"damage":0.0,"enemies":"Gensokyo:Yukari","floor":16.0,"turns":6.0},{"damage":3.0,"enemies":"Spheric Guardian","floor":18.0,"turns":5.0},{"damage":30.0,"enemies":"3 Byrds","floor":19.0,"turns":6.0},{"damage":6.0,"enemies":"Cultist and Chosen","floor":20.0,"turns":5.0},{"damage":0.0,"enemies":"Snake Plant","floor":21.0,"turns":4.0},{"damage":7.0,"enemies":"conspire:SneckoGhost","floor":23.0,"turns":4.0},{"damage":0.0,"enemies":"conspire:MimicChest","floor":27.0,"turns":2.0},{"damage":16.0,"enemies":"REME_1_Revenger","floor":28.0,"turns":5.0},{"damage":0.0,"enemies":"conspire:HollyBat","floor":29.0,"turns":9.0},{"damage":31.0,"enemies":"conspire:SneckoGhost","floor":30.0,"turns":2.0},{"damage":5.0,"enemies":"Snecko","floor":31.0,"turns":5.0},{"damage":12.0,"enemies":"Pondfish","floor":33.0,"turns":2.0},{"damage":8.0,"enemies":"Orb Walker","floor":35.0,"turns":4.0},{"damage":37.0,"enemies":"3 Darklings","floor":36.0,"turns":6.0},{"damage":5.0,"enemies":"2 Orb Walkers","floor":38.0,"turns":2.0},{"damage":27.0,"enemies":"Nemesis","floor":41.0,"turns":5.0},{"damage":4.0,"enemies":"Sphere and 2 Shapes","floor":46.0,"turns":2.0},{"damage":65.0,"enemies":"conspire:OrnateMirror","floor":50.0,"turns":6.0},{"damage":70,"enemies":"Shield and Spear","floor":54,"turns":5},{"damage":141,"enemies":"The Heart","floor":55,"turns":8}],"seed_played":"-1041459099560774203","potions_obtained":[{"floor":1.0,"key":"jedi:StrikingPotion"},{"floor":13.0,"key":"blueLaboratory:FruitPunch"},{"floor":16.0,"key":"SkillPotion"},{"floor":19.0,"key":"BottledMiracle"},{"floor":28.0,"key":"Strength Potion"},{"floor":29.0,"key":"Dota2Spire:Clarity"},{"floor":33.0,"key":"REME_GoldPotion"},{"floor":38.0,"key":"Explosive Potion"},{"floor":41.0,"key":"blueLaboratory:BottleOfVodka"}],"is_trial":false,"path_per_floor":["M","M","?","?","M","R","M","E","T","?","?","M","M","COS","R","B",null,"M","M","M","M","?","E","$","R","T","?","E","M","E","M","R","B",null,"M","M","$","?","R","E","T","?","M","R","?","R","B",null,"R","$","E","B",null],"character_chosen":"WATCHER","items_purchased":["REME_FirmDetermination","MostiFishMod:KingOfFree","ReplayTheSpireMod:ShopPack","Guide Book"],"campfire_rested":2,"item_purchase_floors":[24,24,24,53],"current_hp_per_floor":[65,59,24,27,27,27,27,30,30,15,15,13,13,13,13,13,62,61,31,83,83,83,76,76,76,76,81,65,66,35,39,39,28,82,77,61,61,57,57,103,103,103,100,100,100,105,40,95,113,113,43,13],"gold":4650,"neow_bonus":"SIMULATED_SPIRE","is_daily":false,"chose_seed":false,"campfire_upgraded":5,"win_rate":0.0,"timestamp":1609925263,"path_taken":["M","M","?","?","?","R","M","E","T","?","?","M","M","COS","R","BOSS","M","M","M","M","?","E","$","R","T","?","E","M","E","M","R","BOSS","M","M","$","?","R","E","T","?","M","R","?","R","BOSS","R","$","E","BOSS"],"items_purchased_type":["Card","Card","Relic","Relic"],"build_version":"2020-12-22","purchased_purges":0,"victory":true,"max_hp_per_floor":[72,72,72,75,75,75,75,78,78,78,78,78,78,78,78,78,78,80,80,83,83,83,85,85,85,85,90,95,100,100,100,100,100,100,103,103,103,103,103,103,103,103,105,105,105,105,113,113,113,113,113,168],"card_choices":[{"not_picked":["Protect","CrushJoints","BowlingBash"],"picked":"SKIP","floor":1.0},{"not_picked":["Wallop","JustLucky","SandsOfTime"],"picked":"SKIP","floor":1.0},{"not_picked":["Protect","CrushJoints","BowlingBash"],"picked":"SKIP","floor":1.0},{"not_picked":["Wallop","JustLucky","SandsOfTime"],"picked":"SKIP","floor":1.0},{"not_picked":["Indignation","Prostrate","Judgement","ClearTheMind"],"picked":"Fasting2","floor":2.0},{"not_picked":["FollowUp","WreathOfFlame","EmptyMind","Replay:Anticipation"],"picked":"MostiFishMod:StarOceanP","floor":5.0},{"not_picked":["Sanctity","ClearTheMind","JustLucky","ThirdEye"],"picked":"Protect","floor":7.0},{"not_picked":["TH:ArmorSpikes","TH:Mimic","TH:BikiniMail"],"picked":"TH:CursedSword","floor":8.0},{"not_picked":["ClearTheMind","Evaluate","MostiFishMod:FlowState","CarveReality"],"picked":"MostiFishMod:StarHerder","floor":8.0},{"not_picked":["TH:ElvenBoots","TH:ArmorSpikes","TH:CopperCoins"],"picked":"TH:DeckOfManyThings","floor":9.0},{"not_picked":["Crescendo","ReachHeaven","EmptyMind","REME_Repentance"],"picked":"MostiFishMod:Nomercy","floor":12.0},{"not_picked":["Replay:ManipulateFuture","MostiFishMod:LegendTransform","Adaptation","Protect"],"picked":"Ragnarok","floor":13.0},{"not_picked":["REME_EmptyShield+1","Brilliance+1","MostiFishMod:Adaptation+1","MostiFishMod:Disappear+1"],"picked":"LessonLearned+1","floor":16.0},{"not_picked":["TH:ElvenBoots","TH:ArmorSpikes","TH:CursedSword"],"picked":"TH:DeckOfManyThings","floor":16.0},{"not_picked":["MostiFishMod:ScryFuture","ConjureBlade","DevaForm","REME_WorshipGod"],"picked":"Omniscience","floor":16.0},{"not_picked":["Replay:Hum","EmptyFist+1","PathToVictory+1","FlyingSleeves","SashWhip"],"picked":"SKIP","floor":18.0},{"not_picked":["SandsOfTime+1","CrushJoints","FlurryOfBlows+1","Crescendo+1","Indignation"],"picked":"MostiFishMod:Nomercy","floor":19.0},{"not_picked":["Consecrate","Replay:Cycle","FlyingSleeves+1","Replay:BluntJabs"],"picked":"LikeWater+1","floor":20.0},{"not_picked":["BowlingBash","ClearTheMind+1","REME_Repentance","Adaptation"],"picked":"BattleHymn","floor":21.0},{"not_picked":["TH:ElvenBoots","TH:ArmorSpikes","TH:TreasureMap"],"picked":"TH:CursedSword","floor":23.0},{"not_picked":["Fasting2+1","Replay:DivineShield+1","PathToVictory","Vengeance"],"picked":"REME_WorshipGod","floor":23.0},{"not_picked":["MostiFishMod:MusicBox","jedi:cleanse","MostiFishMod:BrokenBlackCloak","jedi:RedIncense"],"picked":"MostiFishMod:JungleRules","floor":24.0},{"not_picked":["TH:DeckOfManyThings","Trip","jedi:LeechingStrike","REME_TwoStrings"],"picked":"Discovery","floor":24.0},{"not_picked":["StuffTheSpire:PlasmaPunch","MostiFishMod:SupremeArchaeology","conspire:Banana","PanicButton"],"picked":"REME_WheelOfFate","floor":24.0},{"not_picked":["TH:CursedSword","TH:ArmorSpikes","TH:EnergyPotion"],"picked":"TH:BikiniMail","floor":26.0},{"not_picked":["TH:CursedSword","TH:Mimic","TH:PixieDust"],"picked":"TH:DeckOfManyThings","floor":28.0},{"not_picked":["FlyingSleeves","Crescendo","CrushJoints+1","Replay:Battleflow"],"picked":"Alpha","floor":28.0},{"not_picked":["Consecrate","Replay:BluntJabs","Replay:AtTheReady","MostiFishMod:FlowState","ClearTheMind"],"picked":"Nirvana+1","floor":29.0},{"not_picked":["TH:EnergyPotion","TH:Mimic","TH:PixieDust"],"picked":"TH:TreasureMap","floor":30.0},{"not_picked":["ThirdEye","REME_Repentance","Worship","FollowUp"],"picked":"BattleHymn","floor":30.0},{"not_picked":["Pray","FollowUp+1","ThirdEye","Wireheading+1"],"picked":"BattleHymn+1","floor":31.0},{"not_picked":["TH:ElvenBoots","TH:TreasureMap","TH:CopperCoins"],"picked":"TH:CursedSword","floor":33.0},{"not_picked":["MostiFishMod:OutWit","MostiFishMod:ScryFuture","Judgement","Brilliance"],"picked":"Vault","floor":33.0},{"not_picked":["FlurryOfBlows+1","Replay:AtTheReady","MostiFishMod:FlowState","BowlingBash+1","EmptyBody+1"],"picked":"MostiFishMod:LegendTransform+1","floor":35.0},{"not_picked":["Sanctity","Indignation","BowlingBash","MostiFishMod:FlowState+1"],"picked":"MostiFishMod:LegendTransform+1","floor":36.0},{"not_picked":["REME_Repentance","Replay:ManipulateFuture","ClearTheMind","Replay:AtTheReady+1"],"picked":"Evaluate","floor":38.0},{"not_picked":["TH:Mimic","TH:CopperCoins","TH:BikiniMail"],"picked":"TH:CursedSword","floor":41.0},{"not_picked":["Replay:Cycle","Crescendo","JustLucky","MostiFishMod:Clarity+1"],"picked":"MostiFishMod:Dust","floor":41.0},{"not_picked":["TH:PixieDust","TH:ArmorSpikes","TH:EnergyPotion"],"picked":"TH:TreasureMap","floor":43.0},{"not_picked":["MostiFishMod:DustFall","FearNoEvil+1","CrushJoints+1","Halt"],"picked":"Evaluate","floor":46.0},{"not_picked":["TH:PixieDust","TH:TreasureMap","TH:ElvenBoots"],"picked":"TH:ArmorSpikes","floor":54},{"not_picked":["Replay:BluntJabs+1","Conclude+1","Tantrum+1","Perseverance"],"picked":"WindmillStrike","floor":54}],"player_experience":230306,"relics_obtained":[{"floor":1.0,"key":"SynthV:TestCard"},{"floor":8.0,"key":"halation:EternalFortune"},{"floor":8.0,"key":"Dota2Spire:EtherealBlade"},{"floor":16.0,"key":"Gensokyo:OccultBall"},{"floor":19.0,"key":"Gensokyo:OccultBall"},{"floor":20.0,"key":"halation:EternalFortune"},{"floor":23.0,"key":"Juzu Bracelet"},{"floor":26.0,"key":"aspiration:HiddenCompartment"},{"floor":27.0,"key":"Durian"},{"floor":28.0,"key":"hubris:BottledRain"},{"floor":30.0,"key":"conspire:DeflatedDodgeball"},{"floor":33.0,"key":"Gensokyo:OccultBall"},{"floor":35.0,"key":"halation:EternalFortune"},{"floor":35.0,"key":"Gensokyo:OccultBall"},{"floor":36.0,"key":"wanderingMiniBosses:LockLocket"},{"floor":38.0,"key":"hubris:Teleporter"},{"floor":41.0,"key":"Dota2Spire:EchoSabre"},{"floor":43.0,"key":"Yang"},{"floor":54,"key":"StuffTheSpire:Mouthbags"}],"event_choices":[{"damage_healed":0.0,"max_hp_gain":0.0,"max_hp_loss":0.0,"gold_gain":0.0,"event_name":"Addict","player_choice":"Obtained Relic","floor":22.0,"gold_loss":85.0,"damage_taken":0.0,"relics_obtained":["hubris:Reverence"]},{"damage_healed":0.0,"max_hp_gain":0.0,"max_hp_loss":0.0,"gold_gain":0.0,"event_name":"Mysterious Sphere","player_choice":"Fight","floor":38.0,"gold_loss":0.0,"damage_taken":0.0},{"damage_healed":0.0,"max_hp_gain":0.0,"max_hp_loss":0.0,"gold_gain":0.0,"cards_transformed":["Defend_P"],"event_name":"Transmorgrifier","player_choice":"Transformed","floor":45.0,"gold_loss":0.0,"damage_taken":0.0,"cards_obtained":["WheelKick"]},{"cards_removed":["Ragnarok"],"damage_healed":0.0,"max_hp_gain":0.0,"max_hp_loss":0.0,"gold_gain":0.0,"event_name":"Falling","player_choice":"Removed Attack","floor":48.0,"gold_loss":0.0,"damage_taken":0.0}],"is_beta":false,"boss_relics":[{"not_picked":["Busted Crown","Philosopher\u0027s Stone"],"picked":"HaiYi:Twilight"},{"not_picked":["CosmicIsotope","GreenFoldingFan"],"picked":"RhineCircuit"}],"items_purged_floors":[],"is_endless":false,"potions_floor_spawned":[1,2,5,13,16,19,20,28,29,33,38,41],"ascension_level":7}}