{"host":"gg","time":1609956584,"event":{"mods":["BaseMod","Colored Map","Googly Eyes","Minty Spire (QoL Compilation)","Permanent Neow","Relic Stats","The IronCluck"],"gold_per_floor":[99,99,99,99,99,99,99,99,99],"floor_reached":8,"playtime":504,"items_purged":[],"score":108,"play_id":"9d03de64-f053-4ac4-b646-95758a96c46a","local_time":"20210106100944","is_ascension_mode":true,"campfire_choices":[],"circlet_count":0,"master_deck":["AscendersBane","Strike_P","Strike_P","Strike_P","Strike_P","Defend_P","Defend_P","Defend_P","Defend_P","Eruption+1","Vigilance","BowlingBash"],"relics":["Ectoplasm","Torii","Yang"],"acts_visited":["Exordium"],"potions_floor_usage":[6],"damage_taken":[{"damage":5,"enemies":"Small Slimes","floor":1,"turns":4},{"damage":1,"enemies":"2 Louse","floor":3,"turns":2},{"damage":55,"enemies":"3 Sentries","floor":6,"turns":20},{"damage":56,"enemies":"Gremlin Nob","floor":8,"turns":3}],"seed_played":"7220610696774747991","potions_obtained":[{"floor":1,"key":"Regen Potion"}],"is_trial":false,"path_per_floor":["M","?","M","?","T","E","?","E"],"character_chosen":"WATCHER","items_purchased":[],"campfire_rested":0,"item_purchase_floors":[],"current_hp_per_floor":[56,51,50,55,55,15,15,0,0],"gold":99,"neow_bonus":"BOSS_RELIC","is_daily":false,"chose_seed":false,"campfire_upgraded":0,"win_rate":0.0,"timestamp":1609956584,"path_taken":["M","?","M","?","?","E","?","E"],"items_purchased_type":[],"build_version":"2020-12-18","purchased_purges":0,"victory":false,"max_hp_per_floor":[68,68,68,73,73,73,73,73,73],"relic_stats":{"Torii":29,"counters":[4,29],"Yang":[6],"Ectoplasm":62,"obtain_stats":[{"Torii":2,"Yang":6,"Ectoplasm":0,"PureWater":0},{"Torii":1,"Yang":3,"Ectoplasm":0,"PureWater":0},{"Torii":4,"Yang":26,"Ectoplasm":0,"PureWater":0}]},"card_choices":[{"not_picked":["Pray","Vengeance","Evaluate"],"picked":"SKIP","floor":1},{"not_picked":["ClearTheMind","Nirvana","Halt"],"picked":"SKIP","floor":3},{"not_picked":["Protect","DeusExMachina"],"picked":"BowlingBash","floor":6}],"player_experience":1074785,"relics_obtained":[{"floor":6,"key":"Yang"}],"event_choices":[{"damage_healed":0,"gold_gain":0,"player_choice":"Success","damage_taken":5,"relics_obtained":["Torii"],"max_hp_gain":0,"max_hp_loss":0,"event_name":"Scrap Ooze","floor":2,"gold_loss":0},{"damage_healed":0,"gold_gain":0,"player_choice":"Donut","damage_taken":0,"max_hp_gain":5,"max_hp_loss":0,"event_name":"Big Fish","floor":4,"gold_loss":0},{"damage_healed":0,"gold_gain":0,"player_choice":"Forge","damage_taken":0,"max_hp_gain":0,"max_hp_loss":0,"event_name":"Accursed Blacksmith","floor":7,"gold_loss":0,"cards_upgraded":["Eruption"]}],"is_beta":true,"boss_relics":[],"items_purged_floors":[],"is_endless":false,"potions_floor_spawned":[1],"killed_by":"Gremlin Nob","ascension_level":20}}