{"host":"sav7uxregyirlf69","time":1609949863,"event":{"mods":["AchievementEnabler","BaseMod","Colored Map","DeckTracker","Keyboard Shortcuts","Minty Spire (QoL Compilation)","READ ME - Guardian Mod","StSLib","SuperFastMode"],"gold_per_floor":[14,30,30,30,49,49,84,84,84,94,129,143,66,66,66,66,66],"floor_reached":16,"playtime":227,"items_purged":[],"score":220,"play_id":"607e2802-b50d-43e6-af7e-7366f1c424ea","local_time":"20210107011743","is_ascension_mode":true,"campfire_choices":[{"data":"Bash","floor":6.0,"key":"SMITH"},{"floor":8.0,"key":"RECALL"},{"data":"Evolve","floor":15.0,"key":"SMITH"}],"circlet_count":0,"master_deck":["AscendersBane","Strike_R","Strike_R","Strike_R","Strike_R","Strike_R","Defend_R","Defend_R","Defend_R","Defend_R","Bash+1","Bludgeon+1","Second Wind","Power Through","Ghostly Armor","Evolve+1"],"relics":["Burning Blood","Letter Opener","Darkstone Periapt","Self Forming Clay","Bronze Scales","FaceOfCleric"],"acts_visited":["Exordium"],"potions_floor_usage":[16],"damage_taken":[{"damage":7.0,"enemies":"Jaw Worm","floor":1.0,"turns":2.0},{"damage":3.0,"enemies":"2 Louse","floor":2.0,"turns":3.0},{"damage":0.0,"enemies":"Cultist","floor":5.0,"turns":3.0},{"damage":35.0,"enemies":"3 Sentries","floor":7.0,"turns":11.0},{"damage":10.0,"enemies":"2 Fungi Beasts","floor":10.0,"turns":4.0},{"damage":26.0,"enemies":"Gremlin Nob","floor":11.0,"turns":4.0},{"damage":6.0,"enemies":"Exordium Thugs","floor":12.0,"turns":4.0},{"damage":31,"enemies":"Slime Boss","floor":16,"turns":4}],"seed_played":"1804448366759858869","potions_obtained":[{"floor":2.0,"key":"LiquidBronze"},{"floor":5.0,"key":"GamblersBrew"},{"floor":10.0,"key":"ColorlessPotion"},{"floor":12.0,"key":"Ancient Potion"}],"is_trial":false,"path_per_floor":["M","M","?","?","M","R","E","R","T","M","E","M","$","?","R","B"],"character_chosen":"IRONCLAD","items_purchased":["Evolve"],"campfire_rested":0,"item_purchase_floors":[13],"current_hp_per_floor":[67,70,70,70,75,75,46,46,46,42,22,22,22,22,22,0,0],"gold":66,"neow_bonus":"THREE_RARE_CARDS","is_daily":false,"chose_seed":false,"campfire_upgraded":2,"win_rate":0.0,"timestamp":1609949863,"path_taken":["M","M","?","?","M","R","E","R","T","?","E","M","$","?","R","BOSS"],"items_purchased_type":["Card"],"build_version":"2020-12-22","purchased_purges":0,"victory":false,"max_hp_per_floor":[75,75,75,75,75,75,75,75,75,75,75,75,75,75,75,75,75],"card_choices":[{"not_picked":["Offering","Fiend Fire"],"picked":"Bludgeon","floor":0.0},{"not_picked":["Armaments","Thunderclap","Twin Strike"],"picked":"SKIP","floor":1.0},{"not_picked":["Sword Boomerang","Cleave"],"picked":"Second Wind","floor":2.0},{"not_picked":["Twin Strike","Inflame","Barricade"],"picked":"SKIP","floor":5.0},{"not_picked":["Flex","Dual Wield","Infernal Blade"],"picked":"SKIP","floor":7.0},{"not_picked":["Armaments","Intimidate"],"picked":"Power Through","floor":10.0},{"not_picked":["Sever Soul","Pommel Strike"],"picked":"Ghostly Armor","floor":11.0},{"not_picked":["Sword Boomerang","Heavy Blade","Headbutt"],"picked":"SKIP","floor":12.0}],"player_experience":1163511,"relics_obtained":[{"floor":7.0,"key":"Darkstone Periapt"},{"floor":9.0,"key":"Self Forming Clay"},{"floor":11.0,"key":"Bronze Scales"}],"event_choices":[{"damage_healed":0.0,"max_hp_gain":0.0,"max_hp_loss":0.0,"gold_gain":0.0,"event_name":"Living Wall","player_choice":"Grow","floor":3.0,"gold_loss":0.0,"damage_taken":0.0,"cards_upgraded":["Bludgeon"]},{"damage_healed":0.0,"max_hp_gain":0.0,"max_hp_loss":0.0,"gold_gain":0.0,"event_name":"WeMeetAgain","player_choice":"Gave Potion","floor":4.0,"gold_loss":0.0,"damage_taken":0.0,"relics_obtained":["Letter Opener"]},{"damage_healed":0.0,"max_hp_gain":0.0,"max_hp_loss":0.0,"gold_gain":0.0,"event_name":"FaceTrader","player_choice":"Trade","floor":14.0,"gold_loss":0.0,"damage_taken":0.0,"relics_obtained":["FaceOfCleric"]}],"is_beta":false,"boss_relics":[],"items_purged_floors":[],"is_endless":false,"potions_floor_spawned":[2,5,10,12],"killed_by":"Slime Boss","ascension_level":20}}