{"host":"0m7uut7ws4kj19nt","time":1609945111,"event":{"mods":["AchievementEnabler","BaseMod","Minty Spire (QoL Compilation)","Replay The Spire","StSLib","The Cursed","The Necromancer"],"gold_per_floor":[118,118,68,84,84,119,119,132,132,132,165,357,156,179,179,282,282,294,308,326,346,346,346,378,391,441,50,50,70,98,109,109,210,210,220,234,39,49,66,66,98,98,167,185,211,211,57,71,71,71,71,71,14,41,41,41],"floor_reached":55,"playtime":3042,"items_purged":["Strike_G"],"score":873,"play_id":"05bf659f-0e0c-44a3-abd5-ac948060dd02","local_time":"20210106215831","is_ascension_mode":true,"campfire_choices":[{"data":"Catalyst","floor":7.0,"key":"SMITH"},{"data":"Deadly Poison","floor":15.0,"key":"SMITH"},{"floor":23.0,"key":"REST"},{"floor":28.0,"key":"REST"},{"data":"Calculated Gamble","floor":32,"key":"SMITH"},{"floor":40,"key":"REST"},{"floor":42,"key":"RECALL"},{"data":"Poison Darts","floor":49,"key":"SMITH"},{"data":"Adrenaline","floor":52,"key":"SMITH"}],"circlet_count":0,"master_deck":["Strike_G+1","Strike_G","Defend_G","Defend_G+1","Defend_G+1","Defend_G","Survivor","Neutralize+1","All Out Attack","Deadly Poison+1","Catalyst+1","Setup","Adrenaline+1","Heel Hook","Bane","Atom Bomb","Bullet Time","Crippling Poison","Leg Sweep","Deflect+1","Prepared+1","Poisoned Stab","Outmaneuver","Noxious Fumes","Backstab","Calculated Gamble+1","Poisoned Stab+1","Poison Darts+1","Expertise+1","Sadistic Nature","Dodge and Roll+1","Outmaneuver","Dodge and Roll+1","Draining Mist+1","Phantasmal Killer","Catalyst+1","Catalyst+1","Parasite","Deadly Poison","Calculated Gamble+1","Leg Sweep+1"],"relics":["NeowsBlessing","Sizzling Blood","Regal Pillow","ReplayTheSpireMod:Ninjato","Replay:Bottled Steam","Bag of Marbles","Runic Pyramid","Bag of Preparation","Simple Rune","Medical Kit","Mirror","Sozu","Quantum Egg","Replay:Towering Pillar of Hats","DollysMirror","Kunai"],"acts_visited":["Exordium","TheCity","TheBeyond","TheEnding"],"potions_floor_usage":[33,33,54],"damage_taken":[{"damage":0.0,"enemies":"2 Louse","floor":1.0,"turns":1.0},{"damage":0.0,"enemies":"Jaw Worm","floor":4.0,"turns":1.0},{"damage":0.0,"enemies":"3 Sentries","floor":6.0,"turns":2.0},{"damage":2.0,"enemies":"Small Slimes","floor":8.0,"turns":3.0},{"damage":11.0,"enemies":"Gremlin Nob","floor":11.0,"turns":4.0},{"damage":6.0,"enemies":"Hexaghost","floor":16.0,"turns":7.0},{"damage":22.0,"enemies":"Spheric Guardian","floor":18.0,"turns":4.0},{"damage":11.0,"enemies":"Shell Parasite","floor":19.0,"turns":4.0},{"damage":16.0,"enemies":"Snake Plant","floor":20.0,"turns":4.0},{"damage":13.0,"enemies":"Centurion and Healer","floor":21.0,"turns":4.0},{"damage":30.0,"enemies":"Book of Stabbing","floor":24.0,"turns":5.0},{"damage":11.0,"enemies":"Cultist and Chosen","floor":25.0,"turns":4.0},{"damage":17.0,"enemies":"Sentry and Sphere","floor":29.0,"turns":4.0},{"damage":13.0,"enemies":"Slavers","floor":30.0,"turns":5.0},{"damage":10,"enemies":"Centurion and Healer","floor":31,"turns":6},{"damage":16,"enemies":"Champ","floor":33,"turns":10},{"damage":0,"enemies":"Orb Walker","floor":35,"turns":3},{"damage":16,"enemies":"3 Darklings","floor":36,"turns":3},{"damage":12,"enemies":"Jaw Worm Horde","floor":38,"turns":2},{"damage":21,"enemies":"Spire Growth","floor":39,"turns":3},{"damage":0,"enemies":"R_Hoarder","floor":41,"turns":5},{"damage":5,"enemies":"Sphere and 2 Shapes","floor":44,"turns":4},{"damage":13,"enemies":"Giant Head","floor":45,"turns":5},{"damage":5,"enemies":"Writhing Mass","floor":48,"turns":5},{"damage":25,"enemies":"Replay:Hell Engine","floor":50,"turns":4},{"damage":26,"enemies":"Shield and Spear","floor":54,"turns":4},{"damage":58,"enemies":"The Heart","floor":55,"turns":3}],"seed_played":"7351444549603992513","potions_obtained":[{"floor":1.0,"key":"Strength Potion"},{"floor":8.0,"key":"LifebloodPotion"},{"floor":18.0,"key":"Milkshake"},{"floor":20.0,"key":"SkillPotion"},{"floor":24.0,"key":"GhostInAJar"},{"floor":25.0,"key":"Weak Potion"},{"floor":30,"key":"BlessingOfTheForge"}],"is_trial":false,"path_per_floor":["M","?","?","M","?","E","R","M","T","?","E","?","$","T","R","B",null,"M","M","M","M","?","R","E","M","T","$","R","M","E","M","R","B",null,"M","M","$","M","M","R","E","R","T","M","E","?","$","M","R","B",null,"R","$","E","B"],"character_chosen":"THE_SILENT","items_purchased":["Bane","Atom Bomb","Noxious Fumes","Medical Kit","GhostInAJar","Sadistic Nature","DollysMirror","Calculated Gamble+1"],"campfire_rested":3,"item_purchase_floors":[13,13,27,27,27,37,47,53],"current_hp_per_floor":[63,67,67,71,64,68,68,70,70,55,48,48,48,48,48,46,67,49,42,30,21,21,58,32,25,25,25,62,49,40,34,34,22,61,65,53,53,45,28,65,69,69,69,68,59,59,59,58,58,37,65,65,65,43,0,0],"gold":41,"neow_bonus":"THREE_ENEMY_KILL","is_daily":false,"chose_seed":false,"campfire_upgraded":5,"win_rate":0.0,"timestamp":1609945111,"path_taken":["M","?","?","M","?","E","R","M","T","?","E","?","$","?","R","BOSS","M","M","M","M","?","R","E","M","T","$","R","M","E","M","R","BOSS","M","M","$","M","M","R","E","R","T","M","E","?","$","?","R","BOSS","R","$","E","BOSS"],"items_purchased_type":["Card","Card","Card","Relic","Potion","Card","Relic","Card"],"build_version":"2020-12-22","purchased_purges":1,"victory":false,"max_hp_per_floor":[70,74,74,74,74,74,74,74,74,74,74,74,74,74,74,74,74,74,74,74,74,74,74,74,74,74,74,74,74,74,74,74,74,74,74,74,74,74,74,74,74,74,74,74,74,74,74,74,74,74,74,74,74,74,74,74],"card_choices":[{"not_picked":["Cloak And Dagger","Flying Knee"],"picked":"All Out Attack","floor":1.0},{"not_picked":["Dodge and Roll","Sucker Punch"],"picked":"Deadly Poison","floor":4.0},{"not_picked":["Quick Slash","Prepared"],"picked":"Catalyst","floor":6.0},{"not_picked":["Fluid Movement","Flying Knee"],"picked":"Setup","floor":8.0},{"not_picked":["Masterful Stab","Accuracy"],"picked":"Adrenaline","floor":11.0},{"not_picked":["Slice","Flying Knee"],"picked":"Heel Hook","floor":12.0},{"not_picked":["ReplayTheSpireMod:From All Sides","Wraith Form v2"],"picked":"Bullet Time","floor":16.0},{"not_picked":["Hidden Blade","Expertise"],"picked":"Crippling Poison","floor":18.0},{"not_picked":["Catalyst","Flying Knee+1"],"picked":"Leg Sweep","floor":19.0},{"not_picked":["Sucker Punch","Slice+1"],"picked":"Deflect+1","floor":20.0},{"not_picked":["Acrobatics","ReplayTheSpireMod:Tripwire+1"],"picked":"Prepared+1","floor":21.0},{"not_picked":["Acrobatics+1","Phantasmal Killer"],"picked":"Poisoned Stab","floor":24.0},{"not_picked":["Backflip","Terror"],"picked":"Outmaneuver","floor":25.0},{"not_picked":["Flying Knee","Dodge and Roll"],"picked":"Backstab","floor":29.0},{"not_picked":["Slice","Underhanded Strike"],"picked":"Calculated Gamble","floor":30},{"not_picked":["Hidden Blade","All Out Attack"],"picked":"Poisoned Stab+1","floor":31},{"not_picked":["Tools of the Trade","Venomology"],"picked":"Poison Darts","floor":33},{"not_picked":["Dodge and Roll","Deadly Poison+1","Reflex"],"picked":"SKIP","floor":35},{"not_picked":["All Out Attack","ReplayTheSpireMod:Shiv Toss"],"picked":"Expertise+1","floor":36},{"not_picked":["Underhanded Strike+1","Infinite Blades+1"],"picked":"Dodge and Roll+1","floor":38},{"not_picked":["Accuracy","Dodge and Roll"],"picked":"Outmaneuver","floor":39},{"not_picked":["Sucker Punch+1","All Out Attack"],"picked":"Dodge and Roll+1","floor":41},{"not_picked":["Hidden Blade+1","Backstab"],"picked":"Draining Mist+1","floor":44},{"not_picked":["Dodge and Roll","Deflect"],"picked":"Phantasmal Killer","floor":45},{"not_picked":["Skewer","Hidden Blade+1"],"picked":"Deadly Poison","floor":48},{"not_picked":["Backflip","Dagger Throw+1"],"picked":"Leg Sweep+1","floor":54}],"player_experience":137003,"relics_obtained":[{"floor":6.0,"key":"Regal Pillow"},{"floor":9.0,"key":"ReplayTheSpireMod:Ninjato"},{"floor":11.0,"key":"Replay:Bottled Steam"},{"floor":14.0,"key":"Bag of Marbles"},{"floor":24.0,"key":"Bag of Preparation"},{"floor":26.0,"key":"Simple Rune"},{"floor":30,"key":"Mirror"},{"floor":41,"key":"Quantum Egg"},{"floor":45,"key":"Replay:Towering Pillar of Hats"},{"floor":54,"key":"Kunai"}],"event_choices":[{"cards_removed":["Strike_G"],"damage_healed":0.0,"max_hp_gain":0.0,"max_hp_loss":0.0,"gold_gain":0.0,"event_name":"The Cleric","player_choice":"Card Removal","floor":3.0,"gold_loss":50.0,"damage_taken":0.0},{"cards_removed":["Defend_G"],"damage_healed":0.0,"max_hp_gain":0.0,"max_hp_loss":0.0,"gold_gain":0.0,"event_name":"Golden Wing","player_choice":"Card Removal","floor":5.0,"gold_loss":0.0,"damage_taken":7.0},{"damage_healed":0.0,"max_hp_gain":0.0,"max_hp_loss":0.0,"gold_gain":0.0,"event_name":"Shining Light","player_choice":"Entered Light","floor":10.0,"gold_loss":0.0,"damage_taken":15.0,"cards_upgraded":["Neutralize","Strike_G"]},{"cards_removed":["Strike_G"],"damage_healed":0.0,"max_hp_gain":0.0,"max_hp_loss":0.0,"gold_gain":0.0,"event_name":"Purifier","player_choice":"Purged","floor":22.0,"gold_loss":0.0,"damage_taken":0.0},{"damage_healed":0,"gold_gain":0,"player_choice":"Copied","damage_taken":0,"max_hp_gain":0,"max_hp_loss":0,"event_name":"Duplicator","floor":46,"gold_loss":0,"cards_obtained":["Catalyst"]}],"is_beta":false,"boss_relics":[{"not_picked":["Fusion Hammer","Ectoplasm"],"picked":"Runic Pyramid"},{"not_picked":["Replay:Ancient Bell","Replay:Wanted Poster"],"picked":"Sozu"}],"items_purged_floors":[27],"is_endless":false,"potions_floor_spawned":[1,8,18,20,24,25,30,36,38,39,44,45],"killed_by":"The Heart","ascension_level":6}}