{"host":"wj90f2q0h2omert0","time":1609960690,"event":{"mods":["BaseMod","Beaked The Cultist","Better Third Choice","ChefMod","Clawfect","Colored Map","DeckTracker","Downfall","Gremlin Mod","Hubris","JesterMod","Minty Spire (QoL Compilation)","READ ME - Guardian Mod","Relic Stats","Robot Space Explorer","Shade Mod","StSLib","The Animator","The Blackbeard","The Bug Knight","The Caster","The Construct","The Dragon Tamer","The Druid","The Servant 0.9.4","TheLocksmith","TheSwordswoman"],"gold_per_floor":[99,115,128,128,146,166,166,177,177,193,220,220,220,240,256,360,360,360,370,386,236,146,146,146,146,146,159,68,1,1,101,114,114,114,114],"floor_reached":33,"playtime":9894,"items_purged":["Slimebound:Strike_Slimebound"],"score":264,"play_id":"bf8781b5-5f23-4567-9e01-91ad91df9fc1","local_time":"20210106141810","is_ascension_mode":false,"campfire_choices":[{"data":"Slimebound:Tackle","floor":1,"key":"SMITH"},{"data":"Slimebound:CorrosiveSpit","floor":9,"key":"SMITH"},{"floor":13,"key":"REST"},{"data":"Slimebound:FlameTackle","floor":18,"key":"SMITH"},{"data":"Slimebound:CheckThePlaybook","floor":26,"key":"SMITH"},{"floor":30,"key":"REST"}],"circlet_count":0,"master_deck":["Slimebound:Strike_Slimebound","Slimebound:Strike_Slimebound","Slimebound:Tackle+1","Slimebound:Defend_Slimebound","Slimebound:Defend_Slimebound","Slimebound:Defend_Slimebound","Slimebound:Defend_Slimebound","Slimebound:Split","Slimebound:CorrosiveSpit+1","Slimebound:FinishingTackle","Slimebound:BestDefense+1","Slimebound:AcidTongue","Slimebound:FinishingTackle","Slimebound:RollThrough","Slimebound:GoopSpray","Slimebound:ProtectTheBoss","Slimebound:RollThrough","Slimebound:FlameTackle+1","Slimebound:FinishingTackle+1","Slimebound:ComboTackle+1","Ghostly","Slimebound:ComboTackle+1","Bite","Bite","Bite","Bite","Bite","Slimebound:CheckThePlaybook+1","Slimebound:Icky","Slimebound:RainOfGoop+1","Slimebound:SlimeTap","Slimebound:RollThrough+1"],"relics":["Slimebound:AbsorbEndCombat","Anchor","hubris:Spice","Odd Mushroom","hubris:TenFootPole","jesterMod:MachoBrace","HornCleat","Tiny Chest","hubris:FunFungus","Letter Opener"],"acts_visited":["Exordium","TheCity"],"potions_floor_usage":[11,11,16,16,31,33],"damage_taken":[{"damage":12,"enemies":"Cultist","floor":2,"turns":3},{"damage":5,"enemies":"Jaw Worm","floor":3,"turns":4},{"damage":4,"enemies":"2 Louse","floor":5,"turns":2},{"damage":21,"enemies":"Exordium Wildlife","floor":6,"turns":5},{"damage":16,"enemies":"Large Slime","floor":8,"turns":6},{"damage":6,"enemies":"Blue Slaver","floor":10,"turns":3},{"damage":41,"enemies":"The Mushroom Lair","floor":11,"turns":4},{"damage":4,"enemies":"Exordium Wildlife","floor":14,"turns":3},{"damage":4,"enemies":"Large Slime","floor":15,"turns":5},{"damage":53,"enemies":"downfall:Ironclad","floor":16,"turns":7},{"damage":19,"enemies":"Spheric Guardian","floor":19,"turns":4},{"damage":22,"enemies":"Shelled Parasite and Fungi","floor":20,"turns":4},{"damage":10,"enemies":"downfall:FleeingMerchant","floor":22,"turns":4},{"damage":17,"enemies":"Snake Plant","floor":27,"turns":2},{"damage":26,"enemies":"downfall:FleeingMerchant","floor":28,"turns":4},{"damage":21,"enemies":"downfall:FleeingMerchant","floor":29,"turns":3},{"damage":24,"enemies":"downfall:Defect","floor":31,"turns":5},{"damage":13,"enemies":"Snecko","floor":32,"turns":4},{"damage":12,"enemies":"downfall:Watcher","floor":33,"turns":3}],"seed_played":"8696208048723367366","potions_obtained":[{"floor":8,"key":"LiquidMemories"},{"floor":10,"key":"hexamod:EctoCoolerPotion"},{"floor":14,"key":"BlessingOfTheForge"},{"floor":15,"key":"EssenceOfSteel"},{"floor":27,"key":"GamblersBrew"},{"floor":32,"key":"LiquidMemories"}],"is_trial":false,"path_per_floor":["R","M","M","?","M","M","T","M","R","M","?","T","R","M","M","B",null,"R","M","M","?","$","?","T","?","R","M","$","$","R","?","M","B"],"character_chosen":"SLIMEBOUND","items_purchased":["Slimebound:SlimeTap","HornCleat","Tiny Chest"],"campfire_rested":2,"item_purchase_floors":[28,29,29],"current_hp_per_floor":[60,53,56,56,58,49,57,55,55,57,26,26,46,50,58,23,68,68,53,41,41,41,41,49,49,49,32,20,5,19,7,3,0,0,0],"gold":114,"neow_bonus":"RANDOM_COMMON_RELIC","is_daily":false,"chose_seed":false,"campfire_upgraded":4,"win_rate":0.0,"timestamp":1609960690,"path_taken":["R","M","M","?","M","?","T","M","R","M","?","?","R","M","M","BOSS","R","M","?","?","$","?","T","?","R","M","?","$","R","?","M","BOSS"],"items_purchased_type":["Card","Relic","Relic"],"build_version":"2020-12-22","purchased_purges":1,"victory":false,"max_hp_per_floor":[60,60,60,60,60,60,68,68,68,68,68,68,68,68,68,68,68,68,68,68,68,68,47,55,55,55,47,47,47,47,47,39,39,39,39],"relic_stats":{"counters":[19,75],"Tiny Chest":0,"Letter Opener":[0],"obtain_stats":[{"Anchor":0,"HornCleat":29,"hubris:Spice":7,"jesterMod:MachoBrace":17,"Tiny Chest":29,"hubris:FunFungus":31,"Slimebound:AbsorbEndCombat":0,"hubris:TenFootPole":12,"Letter Opener":31,"Odd Mushroom":11},{"Anchor":0,"HornCleat":16,"hubris:Spice":4,"jesterMod:MachoBrace":10,"Tiny Chest":16,"hubris:FunFungus":17,"Slimebound:AbsorbEndCombat":0,"hubris:TenFootPole":7,"Letter Opener":17,"Odd Mushroom":7},{"Anchor":0,"HornCleat":63,"hubris:Spice":14,"jesterMod:MachoBrace":42,"Tiny Chest":63,"hubris:FunFungus":68,"Slimebound:AbsorbEndCombat":0,"hubris:TenFootPole":27,"Letter Opener":68,"Odd Mushroom":27}]},"card_choices":[{"not_picked":["Slimebound:SplitAcid","Slimebound:GoopSpray"],"picked":"Slimebound:FinishingTackle","floor":2},{"not_picked":["Slimebound:SlimeSpikes","Slimebound:LeechEnergy"],"picked":"Slimebound:BestDefense","floor":3},{"not_picked":["Slimebound:ProtectTheBoss","Slimebound:DisruptingSlam"],"picked":"Slimebound:AcidTongue","floor":5},{"not_picked":["Slimebound:RollThrough","Slimebound:SplitMire"],"picked":"Slimebound:FinishingTackle","floor":6},{"not_picked":["Slimebound:Grow","Slimebound:SlimeBrawl"],"picked":"Slimebound:RollThrough","floor":8},{"not_picked":["Slimebound:SlimeSlap","Slimebound:PressTheAttack"],"picked":"Slimebound:GoopSpray","floor":10},{"not_picked":["Slimebound:PressTheAttack","Slimebound:Schlurp"],"picked":"Slimebound:ProtectTheBoss","floor":11},{"not_picked":["Slimebound:LeechingTouch","Slimebound:SplitMire"],"picked":"Slimebound:RollThrough","floor":14},{"not_picked":["Slimebound:SamplingLick","Slimebound:RejuvenatingLick"],"picked":"Slimebound:FlameTackle","floor":15},{"not_picked":["Slimebound:SlimeSpikes","Slimebound:HauntingLick"],"picked":"Slimebound:FinishingTackle+1","floor":19},{"not_picked":["Slimebound:FinishingTackle","Slimebound:SplitMire"],"picked":"Slimebound:ComboTackle+1","floor":20},{"not_picked":["Slimebound:SlimeBarrage+1","Slimebound:SplitBruiser"],"picked":"Slimebound:ComboTackle+1","floor":22},{"not_picked":["Slimebound:SplitLeeching","Slimebound:DisruptingSlam"],"picked":"hubris:SpiceAddiction","floor":27},{"not_picked":["Slimebound:FirmFortitude","Slimebound:SlimeSpikes"],"picked":"Slimebound:RainOfGoop+1","floor":28},{"not_picked":["Slimebound:ViciousTackle","Slimebound:LeechingTouch"],"picked":"Slimebound:RollThrough+1","floor":29},{"not_picked":["Slimebound:RollThrough","Slimebound:RainOfGoop"],"picked":"hubris:SpiceAddiction","floor":32}],"player_experience":707131,"relics_obtained":[{"floor":7,"key":"hubris:Spice"},{"floor":11,"key":"Odd Mushroom"},{"floor":12,"key":"hubris:TenFootPole"},{"floor":24,"key":"hubris:Spice"},{"floor":31,"key":"hubris:FunFungus"},{"floor":31,"key":"Letter Opener"}],"event_choices":[{"damage_healed":0,"gold_gain":0,"player_choice":"Upgraded","damage_taken":0,"max_hp_gain":0,"max_hp_loss":0,"event_name":"Upgrade Shrine","floor":4,"gold_loss":0,"cards_upgraded":["Slimebound:BestDefense"]},{"damage_healed":0,"gold_gain":0,"player_choice":"Fought Mushrooms","damage_taken":0,"max_hp_gain":0,"max_hp_loss":0,"event_name":"Mushrooms","floor":11,"gold_loss":0},{"damage_healed":0,"gold_gain":0,"player_choice":"Became a vampire","damage_taken":0,"max_hp_gain":0,"max_hp_loss":21,"event_name":"Vampires","floor":23,"gold_loss":0,"cards_obtained":["Bite","Bite","Bite","Bite","Bite"]}],"is_beta":false,"boss_relics":[{"not_picked":["Velvet Choker","Slimebound:AbsorbEndCombatUpgraded"],"picked":"jesterMod:MachoBrace"}],"items_purged_floors":[22],"is_endless":false,"potions_floor_spawned":[8,10,14,15,27,32],"killed_by":"downfall:Watcher","ascension_level":0}}