{"host":"g01l53quoe6lrer0","time":1609953733,"event":{"mods":["2.2 Compatiblity","AchievementEnabler","BaseMod","Colored Map","Highlight Path","Keyboard Shortcuts","Minty Spire (QoL Compilation)","Permanent Neow","StSLib","SuperFastMode","everything is the same but u backflip on backflip"],"gold_per_floor":[118,128,148,160,40,40,60,60,60,70,70,80,80,94,94,189,189,204,254,273,238,300,51,77,77,77,139,151,166,65,79,79,180,180,194,44,60,110,130,130,41,53,53,53,80,0,28,128,128,128,128,128,128,157,157,157],"floor_reached":55,"playtime":1981,"items_purged":["Strike_B","Strike_B","Reinforced Body","Strike_B"],"score":1256,"play_id":"b9062880-ad8f-49c4-9f61-2bfc993cd82e","local_time":"20210107022213","is_ascension_mode":true,"campfire_choices":[{"data":"Zap","floor":6.0,"key":"SMITH"},{"data":"Dualcast","floor":8.0,"key":"SMITH"},{"data":"Beam Cell","floor":11.0,"key":"SMITH"},{"data":"Go for the Eyes","floor":15.0,"key":"SMITH"},{"data":"Reprogram","floor":25.0,"key":"SMITH"},{"data":"Hologram","floor":32.0,"key":"SMITH"},{"data":"Aggregate","floor":40,"key":"SMITH"},{"floor":44,"key":"RECALL"},{"data":"Hologram","floor":49,"key":"SMITH"},{"data":"Beam Cell","floor":52,"key":"SMITH"}],"circlet_count":0,"master_deck":["Defend_B","Defend_B","Defend_B","Zap+1","Dualcast+1","Gash","Go for the Eyes+1","Hologram+1","Beam Cell+1","Steam","Beam Cell+1","Aggregate+1","All For One","Steam","Reprogram+1","Steam+1","Streamline","Hologram+1","Gash","Hologram+1","Impatience","Gash","Gash"],"relics":["Cracked Core","Unceasing Top","Ornamental Fan","SsserpentHead","Sozu","Bronze Scales","Ancient Tea Set","Eternal Feather","Nunchaku","Empty Cage","Bag of Marbles","Red Mask","Toy Ornithopter","Torii","Boot"],"acts_visited":["Exordium","TheCity","TheBeyond","TheEnding"],"potions_floor_usage":[54],"damage_taken":[{"damage":1.0,"enemies":"Cultist","floor":1.0,"turns":3.0},{"damage":4.0,"enemies":"Jaw Worm","floor":2.0,"turns":3.0},{"damage":2.0,"enemies":"Small Slimes","floor":3.0,"turns":3.0},{"damage":2.0,"enemies":"2 Fungi Beasts","floor":4.0,"turns":3.0},{"damage":0.0,"enemies":"Exordium Wildlife","floor":7.0,"turns":5.0},{"damage":1.0,"enemies":"3 Louse","floor":10.0,"turns":3.0},{"damage":0.0,"enemies":"Blue Slaver","floor":12.0,"turns":2.0},{"damage":8.0,"enemies":"Exordium Wildlife","floor":14.0,"turns":4.0},{"damage":14.0,"enemies":"Hexaghost","floor":16.0,"turns":11.0},{"damage":4.0,"enemies":"Shell Parasite","floor":18.0,"turns":3.0},{"damage":3.0,"enemies":"3 Byrds","floor":20.0,"turns":5.0},{"damage":0.0,"enemies":"Shelled Parasite and Fungi","floor":22.0,"turns":4.0},{"damage":3.0,"enemies":"Slavers","floor":24.0,"turns":5.0},{"damage":22.0,"enemies":"Sentry and Sphere","floor":27.0,"turns":6.0},{"damage":5.0,"enemies":"Centurion and Healer","floor":28.0,"turns":5.0},{"damage":0.0,"enemies":"3 Cultists","floor":29.0,"turns":4.0},{"damage":0.0,"enemies":"Chosen and Byrds","floor":31.0,"turns":2.0},{"damage":0.0,"enemies":"Collector","floor":33.0,"turns":5.0},{"damage":3.0,"enemies":"3 Darklings","floor":35.0,"turns":4.0},{"damage":4.0,"enemies":"3 Shapes","floor":37.0,"turns":4.0},{"damage":9,"enemies":"Writhing Mass","floor":39,"turns":4},{"damage":0,"enemies":"Transient","floor":42,"turns":5},{"damage":0,"enemies":"Nemesis","floor":45,"turns":5},{"damage":0,"enemies":"Giant Head","floor":47,"turns":5},{"damage":8,"enemies":"Mind Bloom Boss Battle","floor":48,"turns":2},{"damage":0,"enemies":"Donu and Deca","floor":50,"turns":1},{"damage":0,"enemies":"Shield and Spear","floor":54,"turns":2},{"damage":68,"enemies":"The Heart","floor":55,"turns":3}],"seed_played":"4326913726952912451","potions_obtained":[{"floor":1.0,"key":"FearPotion"},{"floor":3.0,"key":"Swift Potion"},{"floor":7.0,"key":"DistilledChaos"}],"is_trial":false,"path_per_floor":["M","M","M","M","$","R","M","R","T","M","R","M","?","M","R","B",null,"M","?","M","?","M","$","E","R","T","M","M","M","$","M","R","B",null,"M","$","M","?","M","R","$","M","T","R","E","?","E","?","R","B",null,"R","$","E","B"],"character_chosen":"DEFECT","items_purchased":["Beam Cell","Ancient Tea Set","Hologram","Impatience"],"campfire_rested":0,"item_purchase_floors":[5,23,30,41],"current_hp_per_floor":[67,63,61,59,59,59,59,59,59,58,58,58,58,50,50,36,60,56,56,53,53,53,53,50,59,59,37,32,32,32,32,44,44,62,59,59,55,55,46,58,58,58,58,68,68,68,68,60,68,68,68,68,68,68,0,0],"gold":157,"neow_bonus":"ONE_RARE_RELIC","is_daily":false,"chose_seed":false,"campfire_upgraded":9,"win_rate":0.0,"timestamp":1609953733,"path_taken":["M","M","M","M","$","R","?","R","T","M","R","M","?","M","R","BOSS","M","?","M","?","?","$","E","R","T","?","M","M","?","M","R","BOSS","M","$","M","?","M","R","$","M","T","R","E","?","E","?","R","BOSS","R","$","E","BOSS"],"items_purchased_type":["Card","Relic","Card","Card"],"build_version":"2020-12-22","purchased_purges":4,"victory":false,"max_hp_per_floor":[68,68,68,68,68,68,68,68,68,68,68,68,68,68,68,68,68,68,68,68,68,68,68,68,68,68,68,68,68,68,68,68,68,68,68,68,68,68,68,68,68,68,68,68,68,68,68,68,68,68,68,68,68,68,68,68],"card_choices":[{"not_picked":["Loop","Barrage"],"picked":"Gash","floor":1.0},{"not_picked":["Leap","Double Energy"],"picked":"Go for the Eyes","floor":2.0},{"not_picked":["Streamline","Auto Shields"],"picked":"Hologram","floor":3.0},{"not_picked":["Leap","Steam Power"],"picked":"Reinforced Body","floor":4.0},{"not_picked":["Hello World","Turbo"],"picked":"Steam","floor":7.0},{"not_picked":["Coolheaded","Cold Snap"],"picked":"Beam Cell","floor":10.0},{"not_picked":["Core Surge","Leap","Sunder"],"picked":"SKIP","floor":12.0},{"not_picked":["Conserve Battery","Glacier"],"picked":"Aggregate","floor":14.0},{"not_picked":["Biased Cognition","Seek"],"picked":"All For One","floor":16.0},{"not_picked":["Ball Lightning","Capacitor","Coolheaded"],"picked":"SKIP","floor":18.0},{"not_picked":["Steam","Coolheaded","Compile Driver"],"picked":"SKIP","floor":20.0},{"not_picked":["Coolheaded","Compile Driver"],"picked":"Steam","floor":20.0},{"not_picked":["Steam","Skim","Turbo+1"],"picked":"SKIP","floor":22.0},{"not_picked":["Hologram","Sweeping Beam"],"picked":"Reprogram","floor":24.0},{"not_picked":["Barrage+1","Go for the Eyes"],"picked":"Steam+1","floor":27.0},{"not_picked":["Force Field","Leap"],"picked":"Streamline","floor":28.0},{"not_picked":["Skim","Defragment","Blizzard"],"picked":"SKIP","floor":29.0},{"not_picked":["Steam","Compile Driver"],"picked":"Gash","floor":31.0},{"not_picked":["Barrage+1","Stack+1"],"picked":"Hologram+1","floor":35.0},{"not_picked":["Cold Snap","Doom and Gloom+1","Sunder"],"picked":"SKIP","floor":37.0},{"not_picked":["Self Repair+1","Static Discharge","Stack"],"picked":"SKIP","floor":39},{"not_picked":["Streamline","Barrage+1","Consume"],"picked":"SKIP","floor":42},{"not_picked":["Electrodynamics","Double Energy+1"],"picked":"Gash","floor":45},{"not_picked":["Barrage","Echo Form"],"picked":"Gash","floor":47},{"not_picked":["Doom and Gloom","Loop+1","Turbo+1"],"picked":"SKIP","floor":54}],"player_experience":33596,"relics_obtained":[{"floor":9.0,"key":"Ornamental Fan"},{"floor":24.0,"key":"Eternal Feather"},{"floor":26.0,"key":"Nunchaku"},{"floor":45,"key":"Bag of Marbles"},{"floor":47,"key":"Toy Ornithopter"},{"floor":48,"key":"Torii"},{"floor":54,"key":"Boot"}],"event_choices":[{"damage_healed":0.0,"max_hp_gain":0.0,"max_hp_loss":0.0,"gold_gain":0.0,"event_name":"FaceTrader","player_choice":"Trade","floor":13.0,"gold_loss":0.0,"damage_taken":0.0,"relics_obtained":["SsserpentHead"]},{"damage_healed":0.0,"max_hp_gain":0.0,"max_hp_loss":0.0,"gold_gain":0.0,"event_name":"Ghosts","player_choice":"Ignored","floor":19.0,"gold_loss":0.0,"damage_taken":0.0},{"damage_healed":0.0,"max_hp_gain":0.0,"max_hp_loss":0.0,"gold_gain":0.0,"event_name":"Addict","player_choice":"Obtained Relic","floor":21.0,"gold_loss":85.0,"damage_taken":0.0,"relics_obtained":["Bronze Scales"]},{"damage_healed":0.0,"max_hp_gain":0.0,"max_hp_loss":0.0,"gold_gain":0.0,"event_name":"Mysterious Sphere","player_choice":"Ignored","floor":38.0,"gold_loss":0.0,"damage_taken":0.0},{"damage_healed":0,"gold_gain":0,"player_choice":"Paid","damage_taken":0,"relics_obtained":["Red Mask"],"max_hp_gain":0,"max_hp_loss":0,"event_name":"Tomb of Lord Red Mask","floor":46,"gold_loss":130},{"damage_healed":0,"gold_gain":0,"player_choice":"Fight","damage_taken":0,"max_hp_gain":0,"max_hp_loss":0,"event_name":"MindBloom","floor":48,"gold_loss":0}],"is_beta":false,"boss_relics":[{"not_picked":["Coffee Dripper","Cursed Key"],"picked":"Sozu"},{"not_picked":["Nuclear Battery","Busted Crown"],"picked":"Empty Cage"}],"items_purged_floors":[5,23,30,36],"is_endless":false,"potions_floor_spawned":[1,3,7,14,22,24,31,39,45,48],"killed_by":"The Heart","ascension_level":7}}