{"host":"qxeepl7ydvsgmfdb","time":1609938621,"event":{"mods":["AchievementEnabler","BaseMod","Colored Powertips","Minty Spire (QoL Compilation)","Quick Restart","slay the spire mod where everything is the same but ironclad has a cowboy hat"],"gold_per_floor":[111,128,128,142,142,171,184,81,81,42,57,57,90,109,109,211,211,226,237,237,187,205,232,248,248,248,248,259,271,1,26,26,26,26],"floor_reached":33,"playtime":1524,"items_purged":["Strike_G","Strike_G"],"score":299,"play_id":"972ac0c1-2ed0-44e8-9ae2-eafd110d6172","local_time":"20210106081021","is_ascension_mode":false,"campfire_choices":[{"data":"Dramatic Entrance","floor":12.0,"key":"SMITH"},{"floor":15.0,"key":"REST"},{"floor":25.0,"key":"REST"},{"floor":32.0,"key":"REST"}],"circlet_count":0,"master_deck":["Strike_G","Strike_G","Strike_G","Defend_G","Defend_G","Defend_G","Defend_G","Defend_G","Survivor","Neutralize","Poisoned Stab+1","Caltrops","Dagger Spray","Dramatic Entrance+1","Blade Dance","Cloak And Dagger","Blade Dance","Sucker Punch","Noxious Fumes","After Image","Quick Slash+1","Blade Dance+1","Poisoned Stab","Die Die Die"],"relics":["Ring of the Snake","NeowsBlessing","The Courier","White Beast Statue","Bottled Lightning","SlaversCollar","Ninja Scroll","Mercury Hourglass","MutagenicStrength","Letter Opener","Orichalcum"],"acts_visited":["Exordium","TheCity"],"potions_floor_usage":[33,33],"damage_taken":[{"damage":0.0,"enemies":"Jaw Worm","floor":1.0,"turns":1.0},{"damage":0.0,"enemies":"Cultist","floor":2.0,"turns":1.0},{"damage":0.0,"enemies":"Small Slimes","floor":4.0,"turns":1.0},{"damage":8.0,"enemies":"Lagavulin","floor":6.0,"turns":5.0},{"damage":0.0,"enemies":"Gremlin Gang","floor":7.0,"turns":3.0},{"damage":7.0,"enemies":"Exordium Thugs","floor":11.0,"turns":2.0},{"damage":17.0,"enemies":"3 Sentries","floor":13.0,"turns":4.0},{"damage":8.0,"enemies":"Large Slime","floor":14.0,"turns":3.0},{"damage":34.0,"enemies":"The Guardian","floor":16.0,"turns":10.0},{"damage":5.0,"enemies":"Chosen","floor":18.0,"turns":5.0},{"damage":1.0,"enemies":"3 Byrds","floor":19.0,"turns":4.0},{"damage":25.0,"enemies":"Centurion and Healer","floor":22.0,"turns":5.0},{"damage":13.0,"enemies":"Slavers","floor":23.0,"turns":3.0},{"damage":33.0,"enemies":"Snake Plant","floor":24.0,"turns":5.0},{"damage":6.0,"enemies":"Chosen and Byrds","floor":28.0,"turns":3.0},{"damage":0.0,"enemies":"Centurion and Healer","floor":29.0,"turns":3.0},{"damage":7.0,"enemies":"Gremlin Leader","floor":31.0,"turns":3.0},{"damage":47,"enemies":"Automaton","floor":33,"turns":6}],"seed_played":"-5681687186047967633","potions_obtained":[{"floor":1.0,"key":"LiquidMemories"},{"floor":11.0,"key":"Regen Potion"},{"floor":13.0,"key":"Swift Potion"},{"floor":14.0,"key":"Strength Potion"},{"floor":16.0,"key":"EntropicBrew"},{"floor":18.0,"key":"Explosive Potion"},{"floor":23.0,"key":"SpeedPotion"},{"floor":28.0,"key":"CultistPotion"},{"floor":31.0,"key":"AttackPotion"}],"is_trial":false,"path_per_floor":["M","M","?","M","?","E","M","$","T","$","M","R","E","M","R","B",null,"M","M","?","?","M","E","M","R","T","?","M","M","$","E","R","B"],"character_chosen":"THE_SILENT","items_purchased":["Blade Dance","Sucker Punch","Letter Opener"],"campfire_rested":3,"item_purchase_floors":[8,10,30],"current_hp_per_floor":[70,70,70,70,70,62,62,62,62,62,55,55,38,30,51,17,70,65,64,64,64,39,38,5,26,26,26,20,20,20,13,34,0,0],"gold":26,"neow_bonus":"THREE_ENEMY_KILL","is_daily":false,"chose_seed":false,"campfire_upgraded":1,"win_rate":0.0,"timestamp":1609938621,"path_taken":["M","M","?","?","?","E","?","$","T","?","M","R","E","M","R","BOSS","M","M","?","?","?","E","M","R","T","?","M","M","$","E","R","BOSS"],"items_purchased_type":["Card","Card","Relic"],"build_version":"2020-12-22","purchased_purges":2,"victory":false,"max_hp_per_floor":[70,70,70,70,70,70,70,70,70,70,70,70,70,70,70,70,70,70,70,70,70,70,70,70,70,70,70,70,70,70,70,70,70,70],"card_choices":[{"not_picked":["Blur","Dagger Spray"],"picked":"Poisoned Stab","floor":1.0},{"not_picked":["Dodge and Roll","Bane"],"picked":"Caltrops","floor":2.0},{"not_picked":["Terror","Dodge and Roll"],"picked":"Dagger Spray","floor":4.0},{"not_picked":["Choke","Eviscerate"],"picked":"Blade Dance","floor":6.0},{"not_picked":["Escape Plan","Slice"],"picked":"Cloak And Dagger","floor":7.0},{"not_picked":["Reflex","Flying Knee","Bane"],"picked":"SKIP","floor":11.0},{"not_picked":["Heel Hook","Quick Slash","Underhanded Strike"],"picked":"SKIP","floor":13.0},{"not_picked":["PiercingWail","Dagger Spray"],"picked":"Noxious Fumes","floor":14.0},{"not_picked":["Unload","Corpse Explosion"],"picked":"After Image","floor":16.0},{"not_picked":["Blur","Slice"],"picked":"Quick Slash+1","floor":18.0},{"not_picked":["Quick Slash","Wraith Form v2"],"picked":"Blade Dance+1","floor":19.0},{"not_picked":["Heel Hook+1","Choke","Dagger Throw"],"picked":"SKIP","floor":22.0},{"not_picked":["Bouncing Flask+1","Setup"],"picked":"Die Die Die","floor":23.0},{"not_picked":["Caltrops","Deflect","Bane"],"picked":"SKIP","floor":24.0},{"not_picked":["Bouncing Flask","Underhanded Strike","Escape Plan"],"picked":"SKIP","floor":28.0},{"not_picked":["Quick Slash","Dagger Spray","PiercingWail+1"],"picked":"SKIP","floor":29.0},{"not_picked":["Riddle With Holes+1","Tactician","Skewer"],"picked":"SKIP","floor":31.0}],"player_experience":376029,"relics_obtained":[{"floor":6.0,"key":"The Courier"},{"floor":9.0,"key":"White Beast Statue"},{"floor":13.0,"key":"Bottled Lightning"},{"floor":23.0,"key":"Ninja Scroll"},{"floor":26.0,"key":"Mercury Hourglass"},{"floor":31.0,"key":"Orichalcum"}],"event_choices":[{"damage_healed":0.0,"max_hp_gain":0.0,"max_hp_loss":0.0,"gold_gain":0.0,"event_name":"Upgrade Shrine","player_choice":"Upgraded","floor":3.0,"gold_loss":0.0,"damage_taken":0.0,"cards_upgraded":["Poisoned Stab"]},{"damage_healed":0.0,"max_hp_gain":0.0,"max_hp_loss":0.0,"gold_gain":0.0,"event_name":"Match and Keep!","player_choice":"1 cards matched","floor":5.0,"gold_loss":0.0,"damage_taken":0.0,"cards_obtained":["Dramatic Entrance"]},{"damage_healed":0.0,"max_hp_gain":0.0,"max_hp_loss":0.0,"gold_gain":0.0,"event_name":"The Library","player_choice":"Read","floor":20.0,"gold_loss":0.0,"damage_taken":0.0,"cards_obtained":["Poisoned Stab"]},{"damage_healed":0.0,"max_hp_gain":0.0,"max_hp_loss":0.0,"gold_gain":0.0,"event_name":"The Joust","player_choice":"Bet on Murderer","floor":21.0,"gold_loss":50.0,"damage_taken":0.0},{"damage_healed":0.0,"max_hp_gain":0.0,"max_hp_loss":0.0,"gold_gain":0.0,"event_name":"Drug Dealer","player_choice":"Inject Mutagens","floor":27.0,"gold_loss":0.0,"damage_taken":0.0,"relics_obtained":["MutagenicStrength"]}],"is_beta":false,"boss_relics":[{"not_picked":["Cursed Key","Pandora\u0027s Box"],"picked":"SlaversCollar"}],"items_purged_floors":[8,30],"is_endless":false,"potions_floor_spawned":[1,11,13,14,16,18,19,22,23,24,28,29,31],"killed_by":"Automaton","ascension_level":0}}