{"host":"wonp23fsqqcu31ie","time":1609922471,"event":{"mods":["2.2 Compatiblity","AchievementEnabler","Aspiration","BaseMod","Bestiary","Better Altar","Better Match","Better Sensory Stone","Better Skull","Better Third Choice","BetterRewards","Block Reminder","Colored Map","Colored Powertips","Conspire","Curses Come First","DeckTracker","Displayed Cursed Tome","Downfall","Evolution","Hermit","Highlight Path","Hubris","Marisa????????","Minty Spire (QoL Compilation)","Permanent Neow","Prisma Mod","Quick Restart","Rare Cards Sparkle","Relic Stats","Replay The Spire","Robot Space Explorer","Shade Mod","Shop Mod","StSLib","SuperFastMode","The Animator","The Bug Knight","The Construct","The Cursed","The Dragon Tamer","The Gatherer","The Marked","The Necromancer","The Runesmith","The Servant 0.9.4"],"gold_per_floor":[116,225,95,110,59,59,59,59,59,59,78,91,120,139,139,139,139],"floor_reached":16,"playtime":351,"items_purged":[],"score":115,"play_id":"e795e11e-d81b-4d0f-a2ce-5be2442385d5","local_time":"20210106194111","is_ascension_mode":true,"campfire_choices":[{"data":"Replay:SS_fish_3","floor":6,"key":"SMITH"},{"data":"Perfected Strike","floor":8,"key":"SMITH"},{"floor":10,"key":"RECALL"},{"floor":15,"key":"REST"}],"circlet_count":0,"master_deck":["Strike_R","Strike_R","Strike_R","Strike_R","Strike_R","Defend_R","Defend_R","Defend_R","Defend_R","Bash","Dramatic Entrance+1","Pommel Strike","Replay:SS_fish_3+1","Armaments+1","Perfected Strike+1","Twin Strike","Body Slam","Seeing Red","Cleave","ReplayTheSpireMod:LeadingStrike"],"relics":["Burning Blood","EVO:Axolotl","hubris:OldNail","HollowMod:PaleOreRelic","aspiration:SeaSaltIceCream","ReplayTheSpireMod:TigerMarble","King of Hearts"],"acts_visited":["Exordium"],"potions_floor_usage":[16],"damage_taken":[{"damage":1,"enemies":"Cultist","floor":1,"turns":3},{"damage":0,"enemies":"Small Slimes","floor":4,"turns":2},{"damage":0,"enemies":"2 Louse","floor":11,"turns":1},{"damage":9,"enemies":"2 Fungi Beasts","floor":12,"turns":2},{"damage":33,"enemies":"Lagavulin","floor":13,"turns":4},{"damage":0,"enemies":"Large Slime","floor":14,"turns":4},{"damage":50,"enemies":"The Guardian","floor":16,"turns":7}],"seed_played":"2897535475288451870","potions_obtained":[{"floor":4,"key":"Dexterity Potion"}],"is_trial":false,"path_per_floor":["M","?","$","M","$","R","?","R","T","R","M","M","E","M","R","B"],"character_chosen":"IRONCLAD","items_purchased":["Replay:SS_fish_3","Armaments+1","Twin Strike"],"campfire_rested":1,"item_purchase_floors":[3,3,5],"current_hp_per_floor":[80,34,34,40,40,40,40,40,40,40,46,43,16,22,46,0,0],"gold":139,"neow_bonus":"RANDOM_COLORLESS","is_daily":false,"chose_seed":false,"campfire_upgraded":2,"win_rate":0.0,"timestamp":1609922471,"path_taken":["M","?","?","M","$","R","?","R","T","R","M","M","E","?","R","BOSS"],"items_purchased_type":["Card","Card","Card"],"build_version":"2020-12-22","purchased_purges":0,"victory":false,"max_hp_per_floor":[80,80,80,80,80,80,80,80,80,80,80,80,80,80,80,80,80],"relic_stats":{"counters":[116,540],"obtain_stats":[{"Bottled Tornado":48,"Sling":24,"Replay:Ringing Soul":10,"MealTicket":42,"Fusion Hammer":34,"HandDrill":53,"HollowMod:PaleOreRelic":2,"Replay:Wax Seal":31,"MerchantsRug":31,"Pear":34,"Blue Candle":53,"hubris:SphereOfDissonance":12,"Eternal Feather":0,"aspiration:TrustyKnives":31,"Replay:Ancient Bell":17,"Akabeko":9,"Bird Faced Urn":19,"MysterySword":34,"hubris:TenFootPole":2,"conspire:BottledYoYo":11,"conspire:Flyswatter":6,"hubris:Reverence":11,"Regal Pillow":17,"aspiration:Lifesprig":0,"Torii":41,"King of Hearts":13,"Smiling Mask":25,"conspire:InfiniteJournal":0,"BranchBurnRelic":49,"m_SlimeRing":0,"Shovel":0,"hubris:Backtick":36,"aspiration:AnachronicSnailShell":6,"Chemical X":53,"Replay:Bottled Eggs":36,"hubris:GlazedTorus":25,"Runesmith:Nanobots":17,"PreservedInsect":23,"Ring of Greed":24,"hubris:Towel":22,"MawBank":24,"Replay:Arrowhead":39,"Busted Crown":19,"Ornamental Fan":11,"Orrery":46,"Durian":0,"Bottled Lightning":30,"hubris:CrackedHourglass":17,"hexamod:BolsterEngine":14,"ReplayTheSpireMod:Lightbulb":23,"Toy Ornithopter":47,"Vajra":26,"Uniform":0,"sneckomod:SneckoSoul":0,"HollowMod:StagPassRelic":10,"Lizard Tail":51,"Centennial Puzzle":6,"conspire:DecoderRing":29,"Iron Hammer":26,"hubris:Teleporter":0,"Happy Flower":34,"hubris:DuctTape":43,"aspiration:Nostalgia":0,"Dead Branch":46,"Replay:Grab Bag":34,"Oddly Smooth Stone":28,"aspiration:SeaSaltIceCream":9,"War Paint":12,"ReplayTheSpireMod:Shallot":23,"Bronze Scales":0,"Simple Rune":9,"Molten Egg 2":31,"hubris:PeanutButter":43,"ReplayTheSpireMod:TigerMarble":20,"aspiration:HatOfInfinitePower":0,"ReplayFunnel":0,"Replay:PocketPolymizer":39,"Mango":34,"Empty Cage":34,"ClockworkSouvenir":28,"m_ScarletBlood":8,"hubris:Icosahedron":32,"Chameleon Ring":25,"aspiration:DefectSkillbook":34,"Mummified Hand":54,"Tiny Chest":24,"Red Mask":28,"Gremlin Food":47,"BargainBundle":36,"aspiration:FetidBarrel":9,"Guide Book":31,"hubris:MedicalManual":0,"aspiration:HummingbirdHeart":8,"Medical Kit":0,"Calling Bell":34,"Pondfish Scales":26,"Runesmith:UraniumAnvil":34,"Ring of Fury":24,"hubris:BundleOfHerbs":17,"Membership Card":36,"FossilizedHelix":20,"TungstenRod":0,"hubris:OldNail":0},{"Bottled Tornado":25,"Sling":61,"Replay:Ringing Soul":56,"MealTicket":23,"Fusion Hammer":93,"HandDrill":100,"HollowMod:PaleOreRelic":110,"Replay:Wax Seal":17,"MerchantsRug":17,"Pear":18,"Blue Candle":100,"hubris:SphereOfDissonance":34,"Eternal Feather":28,"aspiration:TrustyKnives":17,"Replay:Ancient Bell":36,"Akabeko":5,"Bird Faced Urn":11,"MysterySword":93,"hubris:TenFootPole":29,"conspire:BottledYoYo":56,"conspire:Flyswatter":4,"hubris:Reverence":7,"Regal Pillow":36,"aspiration:Lifesprig":102,"Torii":23,"King of Hearts":114,"Smiling Mask":14,"conspire:InfiniteJournal":76,"BranchBurnRelic":74,"m_SlimeRing":0,"Shovel":51,"hubris:Backtick":68,"aspiration:AnachronicSnailShell":33,"Chemical X":26,"Replay:Bottled Eggs":45,"hubris:GlazedTorus":62,"Runesmith:Nanobots":84,"PreservedInsect":39,"Ring of Greed":14,"hubris:Towel":38,"MawBank":14,"Replay:Arrowhead":95,"Busted Crown":59,"Ornamental Fan":34,"Orrery":73,"Durian":102,"Bottled Lightning":42,"hubris:CrackedHourglass":10,"hexamod:BolsterEngine":83,"ReplayTheSpireMod:Lightbulb":14,"Toy Ornithopter":98,"Vajra":39,"Uniform":0,"sneckomod:SneckoSoul":76,"HollowMod:StagPassRelic":108,"Lizard Tail":75,"Centennial Puzzle":106,"conspire:DecoderRing":16,"Iron Hammer":90,"hubris:Teleporter":102,"Happy Flower":18,"hubris:DuctTape":23,"aspiration:Nostalgia":0,"Dead Branch":73,"Replay:Grab Bag":93,"Oddly Smooth Stone":63,"aspiration:SeaSaltIceCream":111,"War Paint":7,"ReplayTheSpireMod:Shallot":88,"Bronze Scales":28,"Simple Rune":55,"Molten Egg 2":66,"hubris:PeanutButter":72,"ReplayTheSpireMod:TigerMarble":86,"aspiration:HatOfInfinitePower":51,"ReplayFunnel":102,"Replay:PocketPolymizer":69,"Mango":18,"Empty Cage":93,"ClockworkSouvenir":90,"m_ScarletBlood":81,"hubris:Icosahedron":66,"Chameleon Ring":90,"aspiration:DefectSkillbook":93,"Mummified Hand":27,"Tiny Chest":14,"Red Mask":40,"Gremlin Food":24,"BargainBundle":45,"aspiration:FetidBarrel":33,"Guide Book":17,"hubris:MedicalManual":28,"aspiration:HummingbirdHeart":5,"Medical Kit":28,"Calling Bell":18,"Pondfish Scales":62,"Runesmith:UraniumAnvil":44,"Ring of Fury":14,"hubris:BundleOfHerbs":36,"Membership Card":68,"FossilizedHelix":11,"TungstenRod":28,"hubris:OldNail":76},{"Bottled Tornado":120,"Sling":326,"Replay:Ringing Soul":300,"MealTicket":107,"Fusion Hammer":469,"HandDrill":486,"HollowMod:PaleOreRelic":520,"Replay:Wax Seal":72,"MerchantsRug":72,"Pear":79,"Blue Candle":486,"hubris:SphereOfDissonance":185,"Eternal Feather":154,"aspiration:TrustyKnives":72,"Replay:Ancient Bell":203,"Akabeko":20,"Bird Faced Urn":44,"MysterySword":469,"hubris:TenFootPole":158,"conspire:BottledYoYo":300,"conspire:Flyswatter":14,"hubris:Reverence":26,"Regal Pillow":203,"aspiration:Lifesprig":496,"Torii":107,"King of Hearts":529,"Smiling Mask":59,"conspire:InfiniteJournal":411,"BranchBurnRelic":395,"m_SlimeRing":0,"Shovel":281,"hubris:Backtick":368,"aspiration:AnachronicSnailShell":182,"Chemical X":131,"Replay:Bottled Eggs":251,"hubris:GlazedTorus":334,"Runesmith:Nanobots":445,"PreservedInsect":222,"Ring of Greed":59,"hubris:Towel":215,"MawBank":59,"Replay:Arrowhead":474,"Busted Crown":315,"Ornamental Fan":185,"Orrery":391,"Durian":496,"Bottled Lightning":237,"hubris:CrackedHourglass":41,"hexamod:BolsterEngine":434,"ReplayTheSpireMod:Lightbulb":59,"Toy Ornithopter":480,"Vajra":222,"Uniform":0,"sneckomod:SneckoSoul":411,"HollowMod:StagPassRelic":514,"Lizard Tail":401,"Centennial Puzzle":509,"conspire:DecoderRing":68,"Iron Hammer":461,"hubris:Teleporter":496,"Happy Flower":79,"hubris:DuctTape":107,"aspiration:Nostalgia":0,"Dead Branch":391,"Replay:Grab Bag":469,"Oddly Smooth Stone":337,"aspiration:SeaSaltIceCream":522,"War Paint":26,"ReplayTheSpireMod:Shallot":456,"Bronze Scales":154,"Simple Rune":297,"Molten Egg 2":351,"hubris:PeanutButter":386,"ReplayTheSpireMod:TigerMarble":452,"aspiration:HatOfInfinitePower":281,"ReplayFunnel":496,"Replay:PocketPolymizer":373,"Mango":79,"Empty Cage":469,"ClockworkSouvenir":461,"m_ScarletBlood":427,"hubris:Icosahedron":351,"Chameleon Ring":461,"aspiration:DefectSkillbook":469,"Mummified Hand":142,"Tiny Chest":59,"Red Mask":227,"Gremlin Food":110,"BargainBundle":251,"aspiration:FetidBarrel":182,"Guide Book":72,"hubris:MedicalManual":154,"aspiration:HummingbirdHeart":20,"Medical Kit":154,"Calling Bell":79,"Pondfish Scales":334,"Runesmith:UraniumAnvil":249,"Ring of Fury":59,"hubris:BundleOfHerbs":203,"Membership Card":368,"FossilizedHelix":44,"TungstenRod":154,"hubris:OldNail":411}],"Burning Blood":31},"card_choices":[{"not_picked":["Replay:SS_forest_2","expansioncontent:SlimeTackle"],"picked":"Dramatic Entrance","floor":0},{"not_picked":["True Grit","Life Link"],"picked":"Pommel Strike","floor":1},{"not_picked":["Pommel Strike","Sword Boomerang"],"picked":"Perfected Strike","floor":4},{"not_picked":["ReplayTheSpireMod:Limb From Limb","True Grit"],"picked":"Body Slam","floor":11},{"not_picked":["Pommel Strike","Sword Boomerang"],"picked":"Seeing Red","floor":12},{"not_picked":["Power Through","Brutality"],"picked":"Cleave","floor":13},{"not_picked":["Evolve","Disarm"],"picked":"ReplayTheSpireMod:LeadingStrike","floor":14}],"player_experience":469693,"relics_obtained":[{"floor":9,"key":"aspiration:SeaSaltIceCream"},{"floor":13,"key":"King of Hearts"}],"event_choices":[{"damage_healed":0,"gold_gain":109,"player_choice":"RE RE GO ","damage_taken":51,"relics_obtained":["hubris:OldNail","HollowMod:PaleOreRelic"],"max_hp_gain":0,"max_hp_loss":0,"event_name":"betterSkull:BetterSkull","floor":2,"gold_loss":0,"cards_upgraded":[]},{"damage_healed":0,"gold_gain":0,"player_choice":"Upgraded","damage_taken":0,"max_hp_gain":0,"max_hp_loss":0,"event_name":"Upgrade Shrine","floor":7,"gold_loss":0,"cards_upgraded":["Dramatic Entrance"]}],"is_beta":false,"boss_relics":[],"items_purged_floors":[],"is_endless":false,"potions_floor_spawned":[4],"killed_by":"The Guardian","ascension_level":3}}