{"host":"yxzbjgn8r2ozgaoi","time":1609906869,"event":{"mods":["Act Like it!","BaseMod","CapriCore","Chen","Friendly Minions","Gensokyo","Hallownest","KinomotoSakuraMod(木之本樱)","Kiyohime（清姬）","Koishi","Lobotomy","LobotomyExtend","Marisa（F雨　魔理沙）","Minty Spire (QoL Compilation)","Prisma Mod","Quick Restart","Reimu（博丽灵梦）","Remilia（蕾米莉亚）","Replay The Spire","StSLib","The Bug Knight","The Immortal","Youmu（魂魄妖梦）","Yuyuko","【功能Mod】聪明的最终Boss","篝火指南"],"gold_per_floor":[117,129,29,29,29,59,59,73,73,73,73,73,90,105,105,208,208,223,241,253,273,0,27,27,39,39,39,70,81,81,41,41,138,238,253,299,299,299,299,299,331,344,344,344,344,361,361,377,377,276,276],"floor_reached":50,"playtime":2576,"items_purged":[],"score":745,"play_id":"7141ab0f-727e-4813-8937-4d5acfa85151","local_time":"20210106122109","is_ascension_mode":false,"campfire_choices":[{"data":"Stigmanizer","floor":7,"key":"SMITH"},{"data":"DiffusionOfMisfortune","floor":10,"key":"SMITH"},{"data":"HeartBreak","floor":15,"key":"SMITH"},{"data":"Stigmanizer","floor":24,"key":"SMITH"},{"data":"Stigmanizer","floor":27,"key":"SMITH"},{"floor":32,"key":"DIG"},{"data":"EternalNight","floor":40,"key":"SMITH"},{"data":"BloodRain","floor":44,"key":"SMITH"},{"floor":47,"key":"REST"},{"floor":49,"key":"REST"}],"circlet_count":0,"master_deck":["BodiesMountain","BodiesMountain","BodiesMountain","BodiesMountain","DespairKnight","Strike_RM","Strike_RM","Strike_RM","Defend_RM+1","Defend_RM+1","PunishingBird","Wellcheers","Stigmanizer+1","DiffusionOfMisfortune+1","HeartBreak+1","UnstableMagic+1","Stigmanizer+1","BigBadWolf","Stigmanizer+1","Stigmanizer+1","RedNightlessCastle+1","BombardNight+1","BloodRain+1","UnstableMagic+1","EternalNight+1","Freischutz"],"relics":["ScarletHat","CogitoBucket","LetterFromLob","Happy Flower","Kunai","Divine Protection","Mirror","Gensokyo:Companionship","FairyMaid","BackwardClock","Sozu","SkinProphecy","Justitia_r","ReplayTheSpireMod:Shallot","MealTicket","BehaviorAdjustment","AtMidnight","Gungnir","Replay:Wanted Poster","SwordSharpenedByTears_r","Ice Cream","Juzu Bracelet","Replay:Accelerometer","TheSmile_r"],"acts_visited":["Gensokyo:Gensokyo","Gensokyo:Gensokyoer","TheBeyond"],"potions_floor_usage":[12,13],"damage_taken":[{"damage":0,"enemies":"Gensokyo:Python","floor":1,"turns":4},{"damage":3,"enemies":"Gensokyo:3_Fairies","floor":2,"turns":4},{"damage":12,"enemies":"Gensokyo:Cirno","floor":6,"turns":6},{"damage":0,"enemies":"Gensokyo:2_Kodama","floor":8,"turns":6},{"damage":0,"enemies":"Gensokyo:Mamizou","floor":12,"turns":3},{"damage":26,"enemies":"Gensokyo:5_Fairies","floor":13,"turns":5},{"damage":0,"enemies":"Gensokyo:Python_and_Kodama","floor":14,"turns":3},{"damage":0,"enemies":"Gensokyo:Yukari","floor":16,"turns":6},{"damage":0,"enemies":"Gensokyo:CosmicMonolith","floor":18,"turns":4},{"damage":0,"enemies":"Gensokyo:3_Dogs","floor":19,"turns":2},{"damage":4,"enemies":"Gensokyo:Slime_Group","floor":20,"turns":5},{"damage":5,"enemies":"Gensokyo:Chomper_and_Gloop","floor":21,"turns":4},{"damage":65,"enemies":"Gensokyo:Koishi","floor":23,"turns":8},{"damage":0,"enemies":"Gensokyo:Monolith_and_Dog","floor":25,"turns":2},{"damage":0,"enemies":"Gensokyo:Tenshi","floor":28,"turns":1},{"damage":7,"enemies":"Gensokyo:3_Gloops","floor":29,"turns":5},{"damage":46,"enemies":"Gensokyo:Eternal_Rivals","floor":33,"turns":8},{"damage":67,"enemies":"3 Shapes","floor":35,"turns":4},{"damage":2,"enemies":"2 Orb Walkers","floor":36,"turns":2},{"damage":51,"enemies":"Nemesis","floor":41,"turns":4},{"damage":0,"enemies":"Orb Walker","floor":42,"turns":1},{"damage":47,"enemies":"4 Shapes","floor":46,"turns":3},{"damage":11,"enemies":"Sphere and 2 Shapes","floor":48,"turns":2},{"damage":129,"enemies":"Time Eater","floor":50,"turns":7}],"seed_played":"-7469709599212234387","potions_obtained":[{"floor":1,"key":"PowerPotion"},{"floor":8,"key":"Block Potion"}],"is_trial":false,"path_per_floor":["M","M","COS","$","?","E","R","M","T","R","?","E","M","M","R","B",null,"M","M","M","M","?","E","R","M","T","R","E","M","?","?","R","B",null,"M","?","?","$","?","R","E","M","T","R","T","M","R","M","R","B"],"character_chosen":"REMILIA","items_purchased":[],"campfire_rested":2,"item_purchase_floors":[],"current_hp_per_floor":[75,72,72,72,72,62,62,70,70,70,55,63,37,46,46,55,75,75,75,74,74,74,43,43,39,39,39,42,47,74,74,74,74,89,66,61,61,76,76,76,48,44,44,44,44,15,44,44,74,0,0],"gold":276,"neow_bonus":"","is_daily":false,"chose_seed":false,"campfire_upgraded":7,"win_rate":0.0,"timestamp":1609906869,"path_taken":["M","M","COS","?","?","E","R","M","T","R","?","E","M","M","R","BOSS","M","M","M","M","?","E","R","M","T","R","E","M","?","?","R","BOSS","M","?","?","$","?","R","E","M","T","R","?","M","R","M","R","BOSS"],"items_purchased_type":[],"build_version":"2020-12-22","purchased_purges":0,"victory":false,"max_hp_per_floor":[75,75,75,75,75,75,75,75,75,75,75,75,75,75,75,75,75,75,75,75,77,77,79,79,81,81,81,83,87,87,87,87,89,89,91,93,93,93,93,93,95,97,97,97,97,99,99,101,101,105,105],"card_choices":[{"not_picked":["SingingMachine","SpiderBud","FairyFestival"],"picked":"Singing Bowl","floor":1},{"not_picked":["UniverseFragment","Laetitia"],"picked":"PunishingBird","floor":1},{"not_picked":["DevilSight","BloodyTrap"],"picked":"BombardNight","floor":1},{"not_picked":["UniverseFragment","HeroicMonk","MeatLantern"],"picked":"Singing Bowl","floor":2},{"not_picked":["SpiderBud","VoidDream"],"picked":"Wellcheers","floor":2},{"not_picked":["RedRainbow","UnderTheZenith"],"picked":"Stigmanizer","floor":2},{"not_picked":["WallGazer","UniverseFragment","CherryBlossoms"],"picked":"Singing Bowl","floor":6},{"not_picked":["StarOfDavid","FavorOfDestiny","MastersStateliness"],"picked":"SKIP","floor":6},{"not_picked":["BeautyBeast","CherryBlossoms"],"picked":"LongBird","floor":8},{"not_picked":["BombardNight","UnderTheZenith"],"picked":"DiffusionOfMisfortune","floor":8},{"not_picked":["CrumblingArmor","BlueStar","OSAHOGD"],"picked":"Singing Bowl","floor":12},{"not_picked":["ScarletSymphony","MillenniumVampire"],"picked":"HeartBreak","floor":12},{"not_picked":["WhitesApple","OldLady","Rudolta"],"picked":"Singing Bowl","floor":13},{"not_picked":["CharismaGuard","BlasphemousPunishment","VampirishNight"],"picked":"SKIP","floor":13},{"not_picked":["FairyFestival","WallGazer"],"picked":"CENSORED","floor":14},{"not_picked":["EndlessAdversity","NightDance"],"picked":"UnstableMagic","floor":14},{"not_picked":["BlackSwan","Bloodbath","GalaxyChild"],"picked":"Singing Bowl","floor":16},{"not_picked":["TricksterDevil","KillingBlow"],"picked":"BloodRain","floor":16},{"not_picked":["Murderer","DreamingCurrent","SingingMachine"],"picked":"Singing Bowl","floor":18},{"not_picked":["BlasphemousPunishment","ScarletDevil","UnderTheZenith+1"],"picked":"SKIP","floor":18},{"not_picked":["LaLuna","ShyLook","CrumblingArmor"],"picked":"Singing Bowl","floor":19},{"not_picked":["ScarletImprint","DiffusionOfMisfortune"],"picked":"Stigmanizer","floor":19},{"not_picked":["DreamingCurrent","NakedNest"],"picked":"BigBadWolf","floor":20},{"not_picked":["BombardNight","ChainGang+1","Septette"],"picked":"SKIP","floor":20},{"not_picked":["MHz","SingingMachine","LittleHelper"],"picked":"Singing Bowl","floor":21},{"not_picked":["RedNightlessCastle","BombardNight"],"picked":"Stigmanizer","floor":21},{"not_picked":["OldLady","Funeral","Bloodbath"],"picked":"Singing Bowl","floor":23},{"not_picked":["Maim","FavorOfDestiny","BlasphemousPunishment"],"picked":"SKIP","floor":23},{"not_picked":["MHz","OldLady","OSAHOGD"],"picked":"Singing Bowl","floor":25},{"not_picked":["GalaxyChild","ShyLook"],"picked":"DespairKnight","floor":25},{"not_picked":["RedRainbow","BombardNight"],"picked":"Stigmanizer","floor":25},{"not_picked":["Porccubus","Rudolta","SilentOrchestra"],"picked":"Singing Bowl","floor":28},{"not_picked":["AfternoonTea+1","CharismaGuard"],"picked":"RedNightlessCastle+1","floor":28},{"not_picked":["FieryBird","OldLady","BodiesMountain"],"picked":"Singing Bowl","floor":29},{"not_picked":["ScarletSymphony","MastersStateliness"],"picked":"BombardNight+1","floor":29},{"not_picked":["HappyTeddy","Variant","Scarecrow"],"picked":"Singing Bowl","floor":33},{"not_picked":["FairyFestival","LaLuna"],"picked":"QueenOfHatred","floor":33},{"not_picked":["CurseOfVladTepes","HeartBreak"],"picked":"BloodRain","floor":33},{"not_picked":["DreamingCurrent","SilentOrchestra"],"picked":"BodiesMountain","floor":35},{"not_picked":["ScarletGensokyo+1","BloodHunter+1"],"picked":"UnstableMagic+1","floor":35},{"not_picked":["Rudolta","GalaxyChild","SnowQueen"],"picked":"Singing Bowl","floor":36},{"not_picked":["RedRainbow+1","ScarletDevilSign+1"],"picked":"EternalNight","floor":36},{"not_picked":["FieryBird","SingingMachine","FairyFestival"],"picked":"Singing Bowl","floor":41},{"not_picked":["EndlessAdversity+1","BloodHunter","UnderTheZenith+1"],"picked":"SKIP","floor":41},{"not_picked":["OldLady","SilentOrchestra","Scarecrow"],"picked":"Singing Bowl","floor":42},{"not_picked":["RedRainbow+1","TwelveNightmare","ScarletSymphony+1"],"picked":"SKIP","floor":42},{"not_picked":["Porccubus","LittleHelper","QueenBee"],"picked":"Singing Bowl","floor":46},{"not_picked":["ScarletImprint","FavorOfDestiny+1","ReincarnationDial+1"],"picked":"SKIP","floor":46},{"not_picked":["SingingMachine","FairyFestival"],"picked":"Freischutz","floor":48},{"not_picked":["FavorOfDestiny+1","RedRainbow","StarOfDavid"],"picked":"SKIP","floor":48}],"player_experience":133095,"relics_obtained":[{"floor":1,"key":"LetterFromLob"},{"floor":6,"key":"Kunai"},{"floor":9,"key":"Divine Protection"},{"floor":12,"key":"FairyMaid"},{"floor":23,"key":"Replay:Mystery Machine"},{"floor":26,"key":"ReplayTheSpireMod:Shallot"},{"floor":28,"key":"MealTicket"},{"floor":29,"key":"AtMidnight"},{"floor":32,"key":"Gungnir"},{"floor":36,"key":"Ice Cream"},{"floor":41,"key":"Juzu Bracelet"},{"floor":43,"key":"Replay:Accelerometer"}],"event_choices":[{"damage_healed":0,"gold_gain":0,"player_choice":"Fight","damage_taken":0,"max_hp_gain":0,"max_hp_loss":0,"event_name":"Mysterious Sphere","floor":36,"gold_loss":0},{"damage_healed":0,"gold_gain":0,"player_choice":"Ignored","damage_taken":0,"max_hp_gain":0,"max_hp_loss":0,"event_name":"Tomb of Lord Red Mask","floor":37,"gold_loss":0}],"is_beta":false,"boss_relics":[{"not_picked":["Kintsugi","Ring of Chaos"],"picked":"Sozu"},{"not_picked":["Fusion Hammer","SacredBark"],"picked":"Replay:Wanted Poster"}],"items_purged_floors":[],"is_endless":false,"potions_floor_spawned":[1,8,20,23,25,36,41],"killed_by":"Time Eater","ascension_level":0}}