{"host":"jm9833yuloeli2yd","time":1609900857,"event":{"mods":["BaseMod","Better Altar","Better Match","Better Note","Better Sensory Stone","Better Skull","Better Third Choice","Better Vampires","BetterRewards","Colored Map","Colored Powertips","DeckTracker","Minty Spire (QoL Compilation)","Permanent Neow","Quick Restart","StSLib","SuperFastMode"],"gold_per_floor":[16,35,35,54,19,53,65,83,83,83,102,121,146,146,146,242,242,267,267,267,43,62,62,96,96,96,96,96],"floor_reached":27,"playtime":597,"items_purged":[],"score":486,"play_id":"487eb815-9caa-4280-97b2-20c32e9311f1","local_time":"20210105214057","is_ascension_mode":true,"campfire_choices":[{"data":"1","floor":10,"key":"LIFT"},{"data":"2","floor":15,"key":"LIFT"},{"data":"3","floor":23,"key":"LIFT"}],"circlet_count":0,"master_deck":["AscendersBane","Defend_B","Defend_B","Zap","Dualcast","FTL","Static Discharge","Cold Snap","Sweeping Beam","Conserve Battery","Barrage","Go for the Eyes","Core Surge","Self Repair","Reboot","Coolheaded","Gash","Capacitor","Storm+1","Bite","Bite"],"relics":["Cracked Core","Strawberry","Du-Vu Doll","Girya","Shovel","Golden Idol","Empty Cage","Potion Belt","OrangePellets","Eternal Feather","Toy Ornithopter"],"acts_visited":["Exordium","TheCity"],"potions_floor_usage":[13,16,24],"damage_taken":[{"damage":12,"enemies":"Small Slimes","floor":1,"turns":4},{"damage":0,"enemies":"2 Louse","floor":2,"turns":2},{"damage":7,"enemies":"Jaw Worm","floor":4,"turns":3},{"damage":21,"enemies":"Lagavulin","floor":6,"turns":6},{"damage":9,"enemies":"Red Slaver","floor":7,"turns":3},{"damage":0,"enemies":"2 Fungi Beasts","floor":8,"turns":2},{"damage":2,"enemies":"Looter","floor":11,"turns":2},{"damage":8,"enemies":"Blue Slaver","floor":12,"turns":3},{"damage":14,"enemies":"3 Sentries","floor":13,"turns":5},{"damage":19,"enemies":"Hexaghost","floor":16,"turns":6},{"damage":21,"enemies":"Shell Parasite","floor":18,"turns":4},{"damage":6,"enemies":"3 Byrds","floor":22,"turns":2},{"damage":39,"enemies":"Slavers","floor":24,"turns":6},{"damage":15,"enemies":"Cultist and Chosen","floor":27,"turns":3}],"seed_played":"-3104048327474443201","potions_obtained":[{"floor":2,"key":"Dexterity Potion"},{"floor":4,"key":"LiquidMemories"},{"floor":7,"key":"FocusPotion"},{"floor":13,"key":"Regen Potion"},{"floor":16,"key":"FearPotion"}],"is_trial":false,"path_per_floor":["M","M","?","M","?","E","M","M","T","R","M","M","E","?","R","B",null,"M","?","?","$","M","R","E","?","T","M"],"character_chosen":"DEFECT","items_purchased":["OrangePellets","Gash"],"campfire_rested":0,"item_purchase_floors":[21,21],"current_hp_per_floor":[52,52,54,47,66,45,36,36,36,36,34,26,12,12,12,15,57,43,43,43,43,44,44,12,12,12,0,0],"gold":96,"neow_bonus":"REMOVE_TWO","is_daily":false,"chose_seed":false,"campfire_upgraded":0,"win_rate":0.0,"timestamp":1609900857,"path_taken":["M","M","?","M","?","E","M","M","T","R","M","M","E","?","R","BOSS","M","?","?","$","?","R","E","?","T","M"],"items_purchased_type":["Relic","Card"],"build_version":"2020-12-22","purchased_purges":0,"victory":false,"max_hp_per_floor":[71,71,78,78,78,78,78,78,78,78,78,78,78,71,71,71,71,71,71,71,71,71,71,71,62,62,62,62],"card_choices":[{"not_picked":["Coolheaded","Genetic Algorithm"],"picked":"FTL","floor":1},{"not_picked":["Leap","Recycle"],"picked":"Static Discharge","floor":2},{"not_picked":["Leap","Stack"],"picked":"Cold Snap","floor":4},{"not_picked":["Heatsinks","Steam Power"],"picked":"Sweeping Beam","floor":6},{"not_picked":["Beam Cell","Scrape"],"picked":"Conserve Battery","floor":7},{"not_picked":["Steam","Blizzard"],"picked":"Barrage","floor":8},{"not_picked":["Steam","Ball Lightning"],"picked":"Go for the Eyes","floor":11},{"not_picked":["Steam","Scrape"],"picked":"Core Surge","floor":12},{"not_picked":["Rebound","Redo"],"picked":"Self Repair","floor":13},{"not_picked":["Meteor Strike","Buffer"],"picked":"Reboot","floor":16},{"not_picked":["Melter","Go for the Eyes"],"picked":"Coolheaded","floor":18},{"not_picked":["Chaos","Skim"],"picked":"Capacitor","floor":22},{"not_picked":["Blizzard","Turbo"],"picked":"Storm+1","floor":24}],"player_experience":1259213,"relics_obtained":[{"floor":6,"key":"Du-Vu Doll"},{"floor":9,"key":"Girya"},{"floor":13,"key":"Shovel"},{"floor":24,"key":"Eternal Feather"},{"floor":26,"key":"Toy Ornithopter"}],"event_choices":[{"damage_healed":0,"gold_gain":0,"player_choice":"Relic ","damage_taken":5,"max_hp_gain":0,"max_hp_loss":0,"event_name":"betterThird:BetterScrap","floor":3,"gold_loss":0,"cards_obtained":["Calculated Gamble"]},{"damage_healed":19,"gold_gain":0,"player_choice":"Healed","damage_taken":0,"max_hp_gain":0,"max_hp_loss":0,"event_name":"The Cleric","floor":5,"gold_loss":35},{"damage_healed":0,"gold_gain":0,"player_choice":"Lose Max HP","damage_taken":0,"relics_obtained":["Golden Idol"],"max_hp_gain":0,"max_hp_loss":7,"event_name":"Golden Idol","floor":14,"gold_loss":0},{"damage_healed":0,"gold_gain":0,"player_choice":"Adaptability","damage_taken":0,"max_hp_gain":0,"max_hp_loss":0,"event_name":"betterThird:BetterWriting","floor":19,"gold_loss":0},{"damage_healed":0,"gold_gain":0,"player_choice":"Gave Potion","damage_taken":0,"relics_obtained":["Potion Belt"],"max_hp_gain":0,"max_hp_loss":0,"event_name":"WeMeetAgain","floor":20,"gold_loss":0},{"damage_healed":0,"gold_gain":0,"player_choice":"Became a vampire","damage_taken":0,"max_hp_gain":0,"max_hp_loss":9,"event_name":"Vampires","floor":25,"gold_loss":0,"cards_obtained":["Bite","Bite"]}],"is_beta":false,"boss_relics":[{"not_picked":["Fusion Hammer","Sozu"],"picked":"Empty Cage"}],"items_purged_floors":[],"is_endless":false,"potions_floor_spawned":[2,4,7,13,16],"killed_by":"Cultist and Chosen","ascension_level":20}}