{"host":"mi0eibewekhugwl1","time":1609923431,"event":{"mods":["AchievementEnabler","BaseMod","Colored Map","Colored Powertips","DeckTracker","Keyboard Shortcuts","Minty Spire (QoL Compilation)","Quick Restart","Rare Cards Sparkle","Relic Stats","StSLib","SuperFastMode","everything is the same but u backflip on backflip"],"gold_per_floor":[115,14,25,44,59,91,91,91,91,111,127,127,137,31,31,31,31],"floor_reached":16,"playtime":323,"items_purged":["Strike_R"],"score":208,"play_id":"5bf10003-a6d0-4379-9625-3e335a243637","local_time":"20210106175711","is_ascension_mode":true,"campfire_choices":[{"floor":12,"key":"REST"},{"data":"Whirlwind","floor":15,"key":"SMITH"}],"circlet_count":0,"master_deck":["AscendersBane","Strike_R","Strike_R","Strike_R","Strike_R","Defend_R","Defend_R","Defend_R","Defend_R","Bash","Shrug It Off","Whirlwind+1","Pommel Strike","Power Through","Wild Strike","Flex","Twin Strike","Pommel Strike","Purity"],"relics":["Burning Blood","Smiling Mask","Regal Pillow","Mercury Hourglass","Happy Flower"],"acts_visited":["Exordium"],"potions_floor_usage":[6,6,10],"damage_taken":[{"damage":1,"enemies":"2 Louse","floor":1,"turns":3},{"damage":15,"enemies":"Small Slimes","floor":3,"turns":5},{"damage":3,"enemies":"Cultist","floor":4,"turns":4},{"damage":13,"enemies":"Red Slaver","floor":5,"turns":5},{"damage":39,"enemies":"Lagavulin","floor":6,"turns":8},{"damage":0,"enemies":"Blue Slaver","floor":10,"turns":3},{"damage":9,"enemies":"Exordium Thugs","floor":11,"turns":3},{"damage":17,"enemies":"Exordium Wildlife","floor":13,"turns":6},{"damage":41,"enemies":"The Guardian","floor":16,"turns":11}],"seed_played":"-1219941549606901754","potions_obtained":[{"floor":3,"key":"ElixirPotion"},{"floor":4,"key":"LiquidBronze"},{"floor":6,"key":"SkillPotion"}],"is_trial":false,"path_per_floor":["M","$","M","M","M","E","?","?","T","M","M","R","M","$","R","B"],"character_chosen":"IRONCLAD","items_purchased":["Shrug It Off","Purity"],"campfire_rested":1,"item_purchase_floors":[2,14],"current_hp_per_floor":[73,73,64,67,60,27,9,9,9,15,12,49,38,38,38,0,0],"gold":31,"neow_bonus":"RANDOM_COMMON_RELIC","is_daily":false,"chose_seed":false,"campfire_upgraded":1,"win_rate":0.0,"timestamp":1609923431,"path_taken":["M","$","M","M","M","E","?","?","T","M","?","R","M","$","R","BOSS"],"items_purchased_type":["Card","Card"],"build_version":"2020-12-22","purchased_purges":1,"victory":false,"max_hp_per_floor":[75,75,75,75,75,75,75,75,75,75,75,75,75,75,75,75,75],"relic_stats":{"Regal Pillow":15,"Happy Flower":[7],"counters":[9,48],"Smiling Mask":25,"obtain_stats":[{"Regal Pillow":6,"Happy Flower":9,"Smiling Mask":0,"Burning Blood":0,"Mercury Hourglass":7},{"Regal Pillow":5,"Happy Flower":5,"Smiling Mask":0,"Burning Blood":0,"Mercury Hourglass":5},{"Regal Pillow":25,"Happy Flower":25,"Smiling Mask":0,"Burning Blood":0,"Mercury Hourglass":25}],"Burning Blood":48,"Mercury Hourglass":[63]},"card_choices":[{"not_picked":["True Grit","Metallicize","Iron Wave"],"picked":"SKIP","floor":1},{"not_picked":["Armaments","Sword Boomerang"],"picked":"Whirlwind","floor":3},{"not_picked":["Intimidate","Iron Wave"],"picked":"Pommel Strike","floor":4},{"not_picked":["Dual Wield","Shockwave"],"picked":"Power Through","floor":5},{"not_picked":["Reaper","Whirlwind"],"picked":"Wild Strike","floor":6},{"not_picked":["Anger","Metallicize","Thunderclap"],"picked":"SKIP","floor":10},{"not_picked":["Anger","Metallicize","Thunderclap"],"picked":"SKIP","floor":10},{"not_picked":["Armaments","Shockwave"],"picked":"Twin Strike","floor":11},{"not_picked":["Ghostly Armor","Perfected Strike"],"picked":"Pommel Strike","floor":13}],"player_experience":1736301,"relics_obtained":[{"floor":6,"key":"Regal Pillow"},{"floor":9,"key":"Happy Flower"}],"event_choices":[{"damage_healed":0,"gold_gain":0,"player_choice":"Success","damage_taken":18,"relics_obtained":["Mercury Hourglass"],"max_hp_gain":0,"max_hp_loss":0,"event_name":"Scrap Ooze","floor":7,"gold_loss":0},{"damage_healed":0,"gold_gain":0,"player_choice":"1 cards matched","damage_taken":0,"max_hp_gain":0,"max_hp_loss":0,"event_name":"Match and Keep!","floor":8,"gold_loss":0,"cards_obtained":["Flex"]}],"is_beta":false,"boss_relics":[],"items_purged_floors":[2],"is_endless":false,"potions_floor_spawned":[3,4,6],"killed_by":"The Guardian","ascension_level":20}}