{"host":"79pwvnyrdes6uj7k","time":1609913434,"event":{"mods":["2.2 Compatiblity","Astrologer","BaseMod","Beaked The Cultist","Colored Powertips","Downfall","Exacting","Friendly Minions","HexUI Lib","Highlight Path","Hubris","Infinite Spire","JesterMod","Mad Scientist","Mimic Mod","Minty Spire (QoL Compilation)","Random Character Button","Replay The Spire","Reworked Bosses","Shop Mod","Somnambulant","StSLib","The Cursed","The Disciple","The Factory","The Judge","The Jungle","The Marked","The Poker Player","The Runesmith","TheHeartMod"],"gold_per_floor":[99,99,159,63,63,63,63,78,125,73,84,84,9,9,22,121,121,46,79,94,94,94,109,109,3,3,3,3,35,45,45,62,160,160,160,187,199,214,214,214,214,214,28,28,104,149,149],"floor_reached":46,"playtime":3478,"items_purged":[],"score":517,"play_id":"0e67af52-e9ee-46ee-abaf-9d5935188d8a","local_time":"20210106001034","is_ascension_mode":false,"campfire_choices":[{"floor":1,"key":"RECALL"},{"data":"theMarked:Opportunist","floor":13,"key":"SMITH"},{"floor":26,"key":"REST"},{"data":"theMarked:ComboAttacks","floor":28,"key":"SMITH"},{"data":"theMarked:MagicAdept","floor":35,"key":"SMITH"}],"circlet_count":0,"master_deck":["theMarked:SoldierOfQuellstein","theMarked:WardOff","ReplayTheSpireMod:Splinters","theMarked:TakeCover","theMarked:Panic","theMarked:Opportunist+1","theMarked:DeterminationOfTheMarked","theMarked:SwordAndMagic","theMarked:EmpowerWeapon","theMarked:Overcharge","theMarked:Opportunist","theMarked:Electrocute","theMarked:Opportunist","theMarked:RogueSparks","Parasite","theMarked:WardOff","theMarked:Levitate","theMarked:Electrify","theMarked:CreepingChasm","theMarked:ChainLightning","theMarked:RogueSparks","theMarked:ShockingTouch","theMarked:CreepingChasm","theMarked:ShockingTouch","theMarked:Frustration","theMarked:GodGivenPower+1","theMarked:ReduceFriction","theMarked:KeepCalmAndFightOn","theMarked:ComboAttacks+1","theMarked:Aftermath","theMarked:RogueSparks+1","theMarked:SelfDefenseTraining","Ghostly","Ghostly","Ghostly","Ghostly","Ghostly","theMarked:MagicAdept+1","theMarked:ElectricStrings+1","theMarked:ContemptForTheProud+1","theMarked:Standoff+1","theMarked:Defy","Panache"],"relics":["theMarked:ArtifactOfAir","downfall:HeartsMalice","hubris:OldNail","WarpedTongs","White Beast Statue","downfall:HeartBlessingRed","hubris:Icosahedron","downfall:HeartBlessingBlue","infinitespire:Satchel","hubris:DeckOfHolding","beaked:MawFillet","Coffee Dripper","SacredBark","hubris:Towel","Ice Cream","Ring of Panic","ReplayTheSpireMod:Ring of Challenge","MerchantsRug","Bronze Scales","hubris:MobiusCoin"],"acts_visited":["Exordium","TheCity","TheBeyond"],"potions_floor_usage":[11,16,16,16,20,20,29,29,33,33,43,43,45,46],"damage_taken":[{"damage":0,"enemies":"Small Slimes","floor":2,"turns":1},{"damage":0,"enemies":"downfall:FleeingMerchant","floor":4,"turns":1},{"damage":0,"enemies":"Jaw Worm","floor":6,"turns":1},{"damage":0,"enemies":"Cultist","floor":8,"turns":3},{"damage":8,"enemies":"3 Sentries","floor":9,"turns":7},{"damage":16,"enemies":"downfall:FleeingMerchant","floor":10,"turns":4},{"damage":18,"enemies":"Red Slaver","floor":11,"turns":3},{"damage":19,"enemies":"Large Slime","floor":15,"turns":3},{"damage":15,"enemies":"downfall:Silent","floor":16,"turns":6},{"damage":30,"enemies":"3 Byrds","floor":19,"turns":4},{"damage":0,"enemies":"Chosen","floor":20,"turns":2},{"damage":5,"enemies":"Snecko","floor":23,"turns":3},{"damage":20,"enemies":"downfall:FleeingMerchant","floor":25,"turns":4},{"damage":0,"enemies":"Shelled Parasite and Fungi","floor":29,"turns":3},{"damage":33,"enemies":"Shelled Parasite and Fungi","floor":30,"turns":3},{"damage":14,"enemies":"Centurion and Healer","floor":32,"turns":6},{"damage":16,"enemies":"downfall:Watcher","floor":33,"turns":8},{"damage":7,"enemies":"3 Shapes","floor":36,"turns":4},{"damage":2,"enemies":"Orb Walker","floor":37,"turns":4},{"damage":0,"enemies":"Sphere and 2 Shapes","floor":38,"turns":3},{"damage":0,"enemies":"downfall:FleeingMerchant","floor":43,"turns":4},{"damage":2,"enemies":"Reptomancer","floor":45,"turns":4},{"damage":31,"enemies":"Writhing Mass","floor":46,"turns":4}],"seed_played":"8089417976364851474","potions_obtained":[{"floor":3,"key":"sneckomod:MuddlingPotion"},{"floor":9,"key":"Venom Potion"},{"floor":10,"key":"ColorlessPotion"},{"floor":11,"key":"Elixir"},{"floor":15,"key":"Strength Potion"},{"floor":16,"key":"DistilledChaos"},{"floor":19,"key":"Adrenaline Potion"},{"floor":20,"key":"Dexterity Potion"},{"floor":23,"key":"BlessingOfTheForge"},{"floor":25,"key":"Explosive Potion"},{"floor":29,"key":"BlessingOfTheForge"},{"floor":30,"key":"SpeedPotion"},{"floor":33,"key":"LiquidMemories"},{"floor":36,"key":"EssenceOfSteel"},{"floor":37,"key":"Reflective Coating"},{"floor":43,"key":"Explosive Potion"},{"floor":45,"key":"FearPotion"}],"is_trial":false,"path_per_floor":["R","M","?","$","?","M","T","M","E","$","M","?","R","?","M","B",null,"R","M","M","?","?","M","T","$","R","?","R","MIM","M","?","M","B",null,"R","M","M","M","?","?","T","?","$","?","E","M"],"character_chosen":"THE_DEFAULT","items_purchased":["theMarked:DeterminationOfTheMarked","theMarked:SwordAndMagic","theMarked:Opportunist","theMarked:ComboAttacks","theMarked:Aftermath","MerchantsRug","Panache","Bronze Scales"],"campfire_rested":1,"item_purchase_floors":[4,4,10,25,25,43,43,43],"current_hp_per_floor":[70,70,70,70,70,70,70,70,70,54,36,53,53,53,34,27,70,64,34,80,65,65,60,60,40,65,65,65,65,32,32,18,2,42,42,35,33,33,33,33,33,33,33,33,31,0,0],"gold":149,"neow_bonus":"THREE_ENEMY_KILL","is_daily":false,"chose_seed":false,"campfire_upgraded":3,"win_rate":0.0,"timestamp":1609913434,"path_taken":["R","M","?","$","?","M","T","?","E","?","M","?","R","?","M","BOSS","R","M","M","?","?","M","T","$","R","?","R","?","M","?","M","BOSS","R","M","M","M","?","?","T","?","?","?","E","?"],"items_purchased_type":["Card","Card","Card","Card","Card","Relic","Card","Relic"],"build_version":"2020-12-22","purchased_purges":0,"victory":false,"max_hp_per_floor":[70,70,70,70,70,70,70,70,70,70,70,70,70,70,70,70,70,80,80,80,85,85,85,85,85,85,85,85,85,85,42,42,42,42,42,42,42,42,42,42,42,42,42,42,42,42,42],"card_choices":[{"not_picked":["theMarked:Electrify","theMarked:Aftermath"],"picked":"theMarked:WardOff","floor":2},{"not_picked":["theMarked:WastefulAttack","theMarked:ChainLightning"],"picked":"theMarked:TakeCover","floor":3},{"not_picked":["theMarked:WardOff","theMarked:ElementalBlade"],"picked":"theMarked:Panic","floor":3},{"not_picked":["theMarked:Overcharge","theMarked:Panic"],"picked":"theMarked:Opportunist","floor":4},{"not_picked":["theMarked:Reabsorb","theMarked:Static"],"picked":"theMarked:EmpowerWeapon","floor":6},{"not_picked":["theMarked:Levitate","theMarked:WardOff"],"picked":"theMarked:Overcharge","floor":8},{"not_picked":["theMarked:ElectricStrings","theMarked:TakeCover"],"picked":"theMarked:Opportunist","floor":9},{"not_picked":["theMarked:Improvise","theMarked:WastefulAttack"],"picked":"theMarked:Electrocute","floor":10},{"not_picked":["theMarked:CreepingChasm","theMarked:Polarize"],"picked":"theMarked:RogueSparks","floor":11},{"not_picked":["theMarked:ElectricStrings","theMarked:HeightenedSenses"],"picked":"theMarked:WardOff","floor":15},{"not_picked":["theMarked:Snap","theMarked:BindingBlade"],"picked":"theMarked:Levitate","floor":16},{"not_picked":["theMarked:TwofoldDefense","theMarked:BanishingWave+1"],"picked":"theMarked:GodGivenPower+1","floor":19},{"not_picked":["theMarked:Static","theMarked:WastefulAttack"],"picked":"theMarked:ReduceFriction","floor":20},{"not_picked":["theMarked:WastefulDefense","theMarked:Parkour+1","theMarked:SwordAndMagic"],"picked":"SKIP","floor":23},{"not_picked":["theMarked:LightningStrikesTwice+1","theMarked:WastefulAttack"],"picked":"theMarked:KeepCalmAndFightOn","floor":25},{"not_picked":["theMarked:SwordAndMagic","theMarked:Frustration"],"picked":"theMarked:RogueSparks+1","floor":29},{"not_picked":["theMarked:Panic","theMarked:HeightenedSenses"],"picked":"theMarked:SelfDefenseTraining","floor":30},{"not_picked":["theMarked:TakeCover","theMarked:TwofoldDefense","theMarked:WastefulAttack"],"picked":"SKIP","floor":32},{"not_picked":["theMarked:Abjuration","theMarked:ThrowWeapon"],"picked":"theMarked:MagicAdept","floor":33},{"not_picked":["theMarked:Frustration","theMarked:ReduceFriction"],"picked":"theMarked:ElectricStrings+1","floor":36},{"not_picked":["theMarked:ParalyzingBlade+1","theMarked:ElementalBlade"],"picked":"theMarked:ContemptForTheProud+1","floor":37},{"not_picked":["theMarked:WastefulAttack+1","theMarked:RepellingDischarge+1"],"picked":"theMarked:Standoff+1","floor":38},{"not_picked":["theMarked:Improvise+1","theMarked:Frustration"],"picked":"theMarked:Defy","floor":43},{"not_picked":["theMarked:EmpowerWeapon+1","theMarked:Static+1","theMarked:StartUp+1"],"picked":"SKIP","floor":45}],"player_experience":364707,"relics_obtained":[{"floor":3,"key":"hubris:OldNail"},{"floor":9,"key":"White Beast Statue"},{"floor":24,"key":"infinitespire:Satchel"},{"floor":29,"key":"hubris:DeckOfHolding"},{"floor":41,"key":"Ice Cream"},{"floor":42,"key":"Ring of Panic"},{"floor":42,"key":"ReplayTheSpireMod:Ring of Challenge"},{"floor":45,"key":"hubris:MobiusCoin"}],"event_choices":[{"damage_healed":0,"gold_gain":0,"player_choice":"Rummage","damage_taken":0,"relics_obtained":["WarpedTongs"],"max_hp_gain":0,"max_hp_loss":0,"event_name":"Accursed Blacksmith","floor":5,"gold_loss":0,"cards_obtained":["Pain"]},{"damage_healed":17,"gold_gain":0,"player_choice":"Healed and dodged fight","damage_taken":0,"max_hp_gain":0,"max_hp_loss":0,"event_name":"Mushrooms","floor":12,"gold_loss":0,"cards_obtained":["Parasite"]},{"cards_removed":["Pain"],"damage_healed":0,"gold_gain":0,"player_choice":"Elegance","damage_taken":0,"max_hp_gain":0,"max_hp_loss":0,"event_name":"Back to Basics","floor":22,"gold_loss":0},{"damage_healed":0,"gold_gain":0,"player_choice":"Became a Ghost","damage_taken":0,"max_hp_gain":0,"max_hp_loss":43,"event_name":"Ghosts","floor":31,"gold_loss":0,"cards_obtained":["Ghostly","Ghostly","Ghostly","Ghostly","Ghostly"]},{"cards_removed":["theMarked:UnarmedFury"],"damage_healed":0,"gold_gain":0,"player_choice":"Removed Attack","damage_taken":0,"max_hp_gain":0,"max_hp_loss":0,"event_name":"Falling","floor":44,"gold_loss":0}],"is_beta":false,"boss_relics":[{"not_picked":["Velvet Choker","Replay:Ancient Bell"],"picked":"Pandora\u0027s Box"},{"not_picked":["Abe\u0027s Treasure","ChewingGum"],"picked":"Replay:Grab Bag"},{"not_picked":["Runesmith:UraniumAnvil","Cursed Key"],"picked":"beaked:MawFillet"},{"not_picked":["hubris:TerracottaHorce","infinitespire:Cupcake"],"picked":"Coffee Dripper"},{"not_picked":["Astrolabe","Empty Cage"],"picked":"SacredBark"}],"items_purged_floors":[],"is_endless":false,"potions_floor_spawned":[9,10,11,15,16,19,20,23,25,29,30,32,33,36,37,38,43,45],"killed_by":"Writhing Mass","ascension_level":0}}