{"host":"r6jigiblrojhp6xe","time":1609937825,"event":{"mods":["AchievementEnabler","BaseMod","DeckTracker","Minty Spire (QoL Compilation)","Quick Restart","Rare Cards Sparkle","Relic Stats","StSLib","SuperFastMode","The Cursed","everything is the same but u backflip on backflip"],"gold_per_floor":[115,115,115,130,50,50,85,105,105,120,120,120],"floor_reached":11,"playtime":234,"items_purged":[],"score":196,"play_id":"f8dadfee-17d6-4bb0-a124-c9deafb7d307","local_time":"20210106215705","is_ascension_mode":true,"campfire_choices":[{"data":"Bouncing Flask","floor":6,"key":"SMITH"}],"circlet_count":0,"master_deck":["AscendersBane","Strike_G","Strike_G","Strike_G","Strike_G","Strike_G","Defend_G","Defend_G","Defend_G","Defend_G","Defend_G+1","Survivor+1","Neutralize","Footwork","Bouncing Flask+1","Escape Plan","Flechettes"],"relics":["Ring of the Snake","NeowsBlessing","Singing Bowl","Frozen Egg 2"],"acts_visited":["Exordium"],"potions_floor_usage":[11],"damage_taken":[{"damage":0,"enemies":"Cultist","floor":1,"turns":1},{"damage":0,"enemies":"Jaw Worm","floor":4,"turns":1},{"damage":0,"enemies":"Gremlin Nob","floor":7,"turns":1},{"damage":1,"enemies":"2 Louse","floor":8,"turns":3},{"damage":8,"enemies":"Large Slime","floor":10,"turns":7},{"damage":33,"enemies":"3 Sentries","floor":11,"turns":12}],"seed_played":"1489611641770983008","potions_obtained":[{"floor":7,"key":"EssenceOfSteel"}],"is_trial":false,"path_per_floor":["M","?","?","M","$","R","E","M","T","M","E"],"character_chosen":"THE_SILENT","items_purchased":["Bouncing Flask"],"campfire_rested":0,"item_purchase_floors":[5],"current_hp_per_floor":[59,39,44,44,44,44,44,43,43,37,4,4],"gold":120,"neow_bonus":"THREE_ENEMY_KILL","is_daily":false,"chose_seed":false,"campfire_upgraded":1,"win_rate":0.0,"timestamp":1609937825,"path_taken":["M","?","?","M","$","R","E","?","T","M","E"],"items_purchased_type":["Card"],"build_version":"2020-12-22","purchased_purges":0,"victory":false,"max_hp_per_floor":[66,66,71,71,71,71,71,71,71,73,73,73],"relic_stats":{"Singing Bowl":2,"counters":[6,25],"obtain_stats":[{"NeowsBlessing":0,"Singing Bowl":7,"Frozen Egg 2":9,"Ring of the Snake":0},{"NeowsBlessing":0,"Singing Bowl":3,"Frozen Egg 2":4,"Ring of the Snake":0},{"NeowsBlessing":0,"Singing Bowl":3,"Frozen Egg 2":6,"Ring of the Snake":0}],"Ring of the Snake":[12]},"card_choices":[{"not_picked":["Slice","Deadly Poison"],"picked":"Footwork","floor":1},{"not_picked":["Concentrate","Outmaneuver","Poisoned Stab"],"picked":"SKIP","floor":4},{"not_picked":["Backflip","Tools of the Trade"],"picked":"Escape Plan","floor":7},{"not_picked":["Backstab","Masterful Stab"],"picked":"Flechettes","floor":8},{"not_picked":["Caltrops+1","Deflect","Prepared"],"picked":"Singing Bowl","floor":10}],"player_experience":572677,"relics_obtained":[{"floor":7,"key":"Singing Bowl"},{"floor":9,"key":"Frozen Egg 2"}],"event_choices":[{"damage_healed":0,"gold_gain":0,"player_choice":"Entered Light","damage_taken":20,"max_hp_gain":0,"max_hp_loss":0,"event_name":"Shining Light","floor":2,"gold_loss":0,"cards_upgraded":["Survivor","Defend_G"]},{"damage_healed":0,"gold_gain":0,"player_choice":"Donut","damage_taken":0,"max_hp_gain":5,"max_hp_loss":0,"event_name":"Big Fish","floor":3,"gold_loss":0}],"is_beta":false,"boss_relics":[],"items_purged_floors":[],"is_endless":false,"potions_floor_spawned":[7],"killed_by":"3 Sentries","ascension_level":20}}