{"host":"a2lvm7nbw6nkrc91","time":1609907050,"event":{"mods":["BaseMod","Friendly Minions","Hermit","Kiyohime£¨?ýï£©","Koishi","Lobotomy","Minty Spire (QoL Compilation)","Prisma Mod","Replay The Spire","StSLib","The Bug Knight"],"gold_per_floor":[275,292,287,287,287,321,321,335,385,385,335,75,92,124,124,229,229,244,255,195,69,69,69],"floor_reached":22,"playtime":865,"items_purged":["hermit:Defend_Hermit","hermit:Strike_Hermit"],"score":192,"play_id":"6bbe63ba-5e4f-4990-9748-d07d133890d4","local_time":"20210106132410","is_ascension_mode":false,"campfire_choices":[{"floor":7,"key":"REST"},{"data":"hermit:BlackWind","floor":10,"key":"SMITH"},{"data":"hermit:Determination","floor":15,"key":"SMITH"}],"circlet_count":0,"master_deck":["hermit:Strike_Hermit","hermit:Strike_Hermit","hermit:Strike_Hermit+1","hermit:Defend_Hermit+1","hermit:Defend_Hermit","hermit:Snapshot","hermit:Covet","MHz","hermit:Horror","LaLuna","hermit:Enervate","Replay:Hysterical Blindness","hermit:BlackWind+1","BlackArmy","hermit:GoldenBullet","VoidDream","hermit:HighCaliber","hermit:Determination","hermit:Determination+1","hermit:Desperado","hermit:Coalescence","QueenOfHatred","hermit:WideOpen","CrumblingArmor","hermit:FlashPowder","OSAHOGD","hermit:BlackWind","MeltingLove","hermit:Desperado","HeroicMonk","hermit:Enervate","Secret Weapon","Finesse","Replay:Sssssssssstrike"],"relics":["hermit:Momento","CogitoBucket","ReplayTheSpireMod:CursedCoin","Lantern","Replay:Baseball","Tiny Chest","Philosopher\u0027s Stone","Theresia","ReplayTheSpireMod:ShopPack"],"acts_visited":["Exordium","TheCity"],"potions_floor_usage":[16,18],"damage_taken":[{"damage":1,"enemies":"Cultist","floor":1,"turns":3},{"damage":0,"enemies":"Small Slimes","floor":2,"turns":2},{"damage":52,"enemies":"3 Sentries","floor":6,"turns":10},{"damage":2,"enemies":"2 Louse","floor":8,"turns":2},{"damage":0,"enemies":"Large Slime","floor":13,"turns":1},{"damage":25,"enemies":"Lagavulin","floor":14,"turns":4},{"damage":13,"enemies":"Hexaghost","floor":16,"turns":6},{"damage":78,"enemies":"Spheric Guardian","floor":18,"turns":6},{"damage":7,"enemies":"Chosen","floor":19,"turns":2},{"damage":24,"enemies":"Snake Plant","floor":22,"turns":2}],"seed_played":"1419082207528199153","potions_obtained":[{"floor":6,"key":"SteroidPotion"},{"floor":14,"key":"LifebloodPotion"},{"floor":16,"key":"SkillPotion"},{"floor":18,"key":"FairyPotion"},{"floor":19,"key":"Reflective Coating"}],"is_trial":false,"path_per_floor":["M","M","$","?","?","E","R","M","T","R","?","$","M","E","R","B",null,"M","M","?","$","M"],"character_chosen":"HERMIT","items_purchased":["ReplayTheSpireMod:CursedCoin","hermit:BlackWind","hermit:Determination","hermit:Desperado","hermit:Coalescence","ReplayTheSpireMod:ShopPack"],"campfire_rested":1,"item_purchase_floors":[3,3,12,12,12,21],"current_hp_per_floor":[74,74,74,59,75,23,45,43,43,43,43,43,43,27,27,24,75,7,22,22,22,0,0],"gold":69,"neow_bonus":"","is_daily":false,"chose_seed":false,"campfire_upgraded":2,"win_rate":0.0,"timestamp":1609907050,"path_taken":["M","?","$","?","?","E","R","M","T","R","?","$","M","E","R","BOSS","M","M","?","$","M"],"items_purchased_type":["Relic","Card","Card","Card","Card","Relic"],"build_version":"2020-12-22","purchased_purges":2,"victory":false,"max_hp_per_floor":[75,75,75,75,75,75,75,75,75,75,75,75,75,75,75,75,75,75,75,75,75,75,75],"card_choices":[{"not_picked":["Funeral","Freischutz"],"picked":"MHz","floor":1},{"not_picked":["hermit:GhostlyPresence","hermit:Quickdraw"],"picked":"hermit:Horror","floor":1},{"not_picked":["WallGazer","BigBird","Murderer"],"picked":"Singing Bowl","floor":2},{"not_picked":["OldLady","FairyFestival"],"picked":"LaLuna","floor":2},{"not_picked":["hermit:Combo","hermit:Ricochet"],"picked":"hermit:Enervate","floor":2},{"not_picked":["UniverseFragment","Wellcheers"],"picked":"BlackArmy","floor":6},{"not_picked":["hermit:Grudge","hermit:Shortfuse"],"picked":"hermit:GoldenBullet","floor":6},{"not_picked":["NakedNest","DreamingCurrent"],"picked":"VoidDream","floor":8},{"not_picked":["hermit:BodyArmor","hermit:Roulette"],"picked":"hermit:HighCaliber","floor":8},{"not_picked":["Bloodbath","Wellcheers"],"picked":"QueenOfHatred","floor":13},{"not_picked":["hermit:Spite","hermit:Horror"],"picked":"hermit:WideOpen","floor":13},{"not_picked":["CherryBlossoms","SpiderBud"],"picked":"CrumblingArmor","floor":14},{"not_picked":["hermit:Dissolve","hermit:FullyLoaded"],"picked":"hermit:FlashPowder","floor":14},{"not_picked":["LittleHelper","Murderer"],"picked":"OSAHOGD","floor":16},{"not_picked":["hermit:Magnum","hermit:HeroicBravado"],"picked":"hermit:BlackWind","floor":16},{"not_picked":["Laetitia","BeautyBeast"],"picked":"MeltingLove","floor":18},{"not_picked":["hermit:Cheat","hermit:Midnight"],"picked":"hermit:Desperado","floor":18},{"not_picked":["Scorched","DespairKnight"],"picked":"HeroicMonk","floor":19},{"not_picked":["hermit:Coalescence","hermit:SprayPray"],"picked":"hermit:Enervate","floor":19},{"not_picked":["ReplayTheSpireMod:Necrogeddon","ReplayTheSpireMod:Brewmster"],"picked":"Secret Weapon","floor":21},{"not_picked":["Transmutation","Metamorphosis"],"picked":"Finesse","floor":21},{"not_picked":["Blind","ReplayTheSpireMod:Trickstab"],"picked":"Replay:Sssssssssstrike","floor":21}],"player_experience":522961,"relics_obtained":[{"floor":6,"key":"Lantern"},{"floor":9,"key":"Replay:Baseball"},{"floor":14,"key":"Tiny Chest"}],"event_choices":[{"damage_healed":0,"gold_gain":0,"player_choice":"Entered Light","damage_taken":15,"max_hp_gain":0,"max_hp_loss":0,"event_name":"Shining Light","floor":4,"gold_loss":0,"cards_upgraded":["hermit:Defend_Hermit","hermit:Strike_Hermit"]},{"damage_healed":25,"gold_gain":0,"player_choice":"Banana","damage_taken":0,"max_hp_gain":0,"max_hp_loss":0,"event_name":"Big Fish","floor":5,"gold_loss":0},{"cards_removed":["hermit:Defend_Hermit"],"damage_healed":0,"gold_gain":0,"player_choice":"Card Removal","damage_taken":0,"max_hp_gain":0,"max_hp_loss":0,"event_name":"The Cleric","floor":11,"gold_loss":50}],"is_beta":false,"boss_relics":[{"not_picked":["Fusion Hammer","hermit:DentedPlate"],"picked":"Philosopher\u0027s Stone"}],"items_purged_floors":[3,12],"is_endless":false,"potions_floor_spawned":[6,14,16,18,19],"killed_by":"Snake Plant","ascension_level":0}}