{"host":"vumwfieg2b2mnrfl","time":1609962978,"event":{"mods":["AchievementEnabler","BaseMod","Minty Spire (QoL Compilation)","Rare Cards Sparkle","Relic Stats"],"gold_per_floor":[117,117,117,133,152,184,184,219,219,245,245,254,254,278,278,359,386,405,433,455,473,156,197,197,197,197,172,200,227,227,152,152,152,152],"floor_reached":33,"playtime":914,"items_purged":["Dark Embrace"],"score":527,"play_id":"7af64b4d-601d-4fdf-a267-0394a7a08811","local_time":"20210106135618","is_ascension_mode":true,"campfire_choices":[{"floor":7,"key":"REST"},{"data":"Armaments","floor":11,"key":"SMITH"},{"floor":15,"key":"REST"},{"floor":24,"key":"REST"},{"data":"Entrench","floor":32,"key":"SMITH"}],"circlet_count":0,"master_deck":["AscendersBane","Strike_R","Strike_R","Defend_R","Defend_R","Defend_R","Bash","Immolate","Armaments+1","Shockwave","Reaper","Spot Weakness","Juggernaut","Double Tap+1","Warcry+1","Uppercut","Pummel","Armaments","Iron Wave","Rampage","Limit Break+1","Barricade","Battle Trance","Entrench+1"],"relics":["Burning Blood","NeowsBlessing","Paper Frog","Potion Belt","White Beast Statue","Kunai","CeramicFish","Astrolabe","Sling","Molten Egg 2","Bronze Scales","Centennial Puzzle","Ancient Tea Set"],"acts_visited":["Exordium","TheCity"],"potions_floor_usage":[8,16,18,20,23,29,29],"damage_taken":[{"damage":1.0,"enemies":"Small Slimes","floor":1.0,"turns":2.0},{"damage":0.0,"enemies":"2 Louse","floor":4.0,"turns":1.0},{"damage":0.0,"enemies":"Cultist","floor":5.0,"turns":1.0},{"damage":52,"enemies":"Lagavulin","floor":6,"turns":9},{"damage":20,"enemies":"Gremlin Nob","floor":8,"turns":4},{"damage":15,"enemies":"Lagavulin","floor":10,"turns":6},{"damage":8,"enemies":"Exordium Wildlife","floor":14,"turns":3},{"damage":29,"enemies":"Hexaghost","floor":16,"turns":9},{"damage":6,"enemies":"3 Byrds","floor":18,"turns":3},{"damage":28,"enemies":"Spheric Guardian","floor":19,"turns":4},{"damage":24,"enemies":"Snake Plant","floor":20,"turns":4},{"damage":76,"enemies":"Slavers","floor":23,"turns":5},{"damage":18,"enemies":"3 Cultists","floor":28,"turns":2},{"damage":50,"enemies":"Gremlin Leader","floor":29,"turns":8},{"damage":107,"enemies":"Automaton","floor":33,"turns":10}],"seed_played":"-7442463612895204870","potions_obtained":[{"floor":1.0,"key":"Ancient Potion"},{"floor":3.0,"key":"Block Potion"},{"floor":3.0,"key":"Fire Potion"},{"floor":10,"key":"CultistPotion"},{"floor":14,"key":"LiquidBronze"},{"floor":16,"key":"FairyPotion"},{"floor":18,"key":"Weak Potion"},{"floor":19,"key":"Fire Potion"},{"floor":20,"key":"PowerPotion"},{"floor":23,"key":"Weak Potion"},{"floor":28,"key":"BlessingOfTheForge"},{"floor":29,"key":"LiquidBronze"}],"is_trial":false,"path_per_floor":["M","?","?","M","M","E","R","E","T","E","R","?","?","M","R","B",null,"M","M","M","?","$","E","R","?","T","$","M","E","?","$","R","B"],"character_chosen":"IRONCLAD","items_purchased":["Rampage","Limit Break","Sling","Battle Trance"],"campfire_rested":3,"item_purchase_floors":[22,22,22,27],"current_hp_per_floor":[73,73,73,75,75,29,51,37,37,28,28,28,28,26,48,25,63,63,41,28,28,28,30,52,52,52,52,61,70,70,70,70,0,0],"gold":152,"neow_bonus":"THREE_ENEMY_KILL","is_daily":false,"chose_seed":false,"campfire_upgraded":2,"win_rate":0.0,"timestamp":1609962978,"path_taken":["M","?","?","?","M","E","R","E","T","E","R","?","?","M","R","BOSS","M","M","?","?","?","E","R","?","T","$","?","E","?","?","R","BOSS"],"items_purchased_type":["Card","Card","Relic","Card"],"build_version":"2020-12-22","purchased_purges":1,"victory":false,"max_hp_per_floor":[75,75,75,75,75,75,75,75,75,75,75,75,75,75,75,75,75,75,75,75,75,75,75,75,75,75,75,75,75,75,75,75,75,75],"relic_stats":{"Centennial Puzzle":[3],"counters":[15,71],"CeramicFish":144,"Astrolabe":["Double Tap","Warcry","Wild Strike"],"Bronze Scales":[48],"Kunai":[0],"obtain_stats":[{"Potion Belt":8,"NeowsBlessing":0,"CeramicFish":12,"Astrolabe":17,"Sling":22,"Ancient Tea Set":30,"Burning Blood":0,"White Beast Statue":9,"Centennial Puzzle":29,"Bronze Scales":26,"Molten Egg 2":23,"Kunai":10,"Paper Frog":6},{"Potion Belt":5,"NeowsBlessing":0,"CeramicFish":6,"Astrolabe":8,"Sling":11,"Ancient Tea Set":14,"Burning Blood":0,"White Beast Statue":5,"Centennial Puzzle":14,"Bronze Scales":12,"Molten Egg 2":12,"Kunai":6,"Paper Frog":4},{"Potion Belt":17,"NeowsBlessing":0,"CeramicFish":23,"Astrolabe":35,"Sling":46,"Ancient Tea Set":61,"Burning Blood":0,"White Beast Statue":17,"Centennial Puzzle":61,"Bronze Scales":51,"Molten Egg 2":51,"Kunai":23,"Paper Frog":13}],"Burning Blood":74},"card_choices":[{"not_picked":["Ghostly Armor","Anger"],"picked":"Carnage","floor":1.0},{"not_picked":["Body Slam","Flex","Pummel"],"picked":"SKIP","floor":4.0},{"not_picked":["Iron Wave","Thunderclap"],"picked":"Armaments","floor":5.0},{"not_picked":["Reckless Charge","Corruption","Offering"],"picked":"SKIP","floor":6},{"not_picked":["Pommel Strike","Sentinel"],"picked":"Shockwave","floor":8},{"not_picked":["Heavy Blade","Pommel Strike"],"picked":"Reaper","floor":10},{"not_picked":["Wild Strike","Cleave"],"picked":"Spot Weakness","floor":14},{"not_picked":["Bludgeon","Corruption"],"picked":"Juggernaut","floor":16},{"not_picked":["Armaments","Havoc"],"picked":"Uppercut","floor":18},{"not_picked":["Clash+1","Sword Boomerang"],"picked":"Pummel","floor":19},{"not_picked":["Sentinel","Sever Soul"],"picked":"Armaments","floor":20},{"not_picked":["Immolate+1","Headbutt+1"],"picked":"Barricade","floor":23},{"not_picked":["Thunderclap+1","Uppercut+1"],"picked":"Entrench","floor":28},{"not_picked":["Armaments","True Grit","Wild Strike+1"],"picked":"SKIP","floor":29}],"player_experience":379493,"relics_obtained":[{"floor":6,"key":"Paper Frog"},{"floor":8,"key":"Potion Belt"},{"floor":9,"key":"White Beast Statue"},{"floor":10,"key":"Kunai"},{"floor":23,"key":"Molten Egg 2"},{"floor":26,"key":"Bronze Scales"},{"floor":29,"key":"Centennial Puzzle"}],"event_choices":[{"damage_healed":0.0,"max_hp_gain":0.0,"max_hp_loss":0.0,"gold_gain":0.0,"cards_transformed":["Strike_R"],"event_name":"Living Wall","player_choice":"Change","floor":2.0,"gold_loss":0.0,"damage_taken":0.0,"cards_obtained":["Immolate"]},{"damage_healed":0.0,"max_hp_gain":0.0,"max_hp_loss":0.0,"gold_gain":0.0,"event_name":"Lab","player_choice":"Got Potions","floor":3.0,"gold_loss":0.0,"damage_taken":0.0},{"damage_healed":0,"gold_gain":0,"player_choice":"Box","damage_taken":0,"relics_obtained":["CeramicFish"],"max_hp_gain":0,"max_hp_loss":0,"event_name":"Big Fish","floor":12,"gold_loss":0,"cards_obtained":["Regret"]},{"cards_removed":["Regret"],"damage_healed":0,"gold_gain":0,"player_choice":"Removed Curses","damage_taken":0,"max_hp_gain":0,"max_hp_loss":0,"event_name":"Fountain of Cleansing","floor":13,"gold_loss":0},{"damage_healed":0,"gold_gain":0,"cards_transformed":["Wild Strike","Strike_R"],"player_choice":"Became Test Subject","damage_taken":0,"max_hp_gain":0,"max_hp_loss":0,"event_name":"Drug Dealer","floor":21,"gold_loss":0,"cards_obtained":["Iron Wave","Dark Embrace"]},{"damage_healed":0,"gold_gain":0,"player_choice":"Upgraded","damage_taken":0,"max_hp_gain":0,"max_hp_loss":0,"event_name":"Upgrade Shrine","floor":25,"gold_loss":0,"cards_upgraded":["Limit Break"]},{"damage_healed":0,"gold_gain":0,"player_choice":"Gave Potion","damage_taken":0,"relics_obtained":["Ancient Tea Set"],"max_hp_gain":0,"max_hp_loss":0,"event_name":"WeMeetAgain","floor":30,"gold_loss":0}],"is_beta":false,"boss_relics":[{"not_picked":["Calling Bell","Pandora\u0027s Box"],"picked":"Astrolabe"}],"items_purged_floors":[31],"is_endless":false,"potions_floor_spawned":[1,10,14,16,18,19,20,23,28,29],"killed_by":"Automaton","ascension_level":15}}