{"host":"68ypu360vyldwzrz","time":1609955782,"event":{"mods":["Act Like it!","BaseMod","Better Third Choice","Better Vampires","BetterRewards","CapriCore","Downfall","Friendly Minions","GifTheSpireLib","Hermit","Hubris","Jorbs\u0027s Wanderer Trilogy","Luminous","Marisa????????","Minty Spire (QoL Compilation)","Quick Restart","Relic Stats","Remilia??????","Shade Mod","Shop Mod","StSLib","Td1madao Mod","The Administrix","The Alterego","The Cursed","The Hierophant","The Immortal","The Necromancer","The Senshi","The Servant 0.9.4","TheVacant","Wandering Minibosses"],"gold_per_floor":[99,117,117,127,147,161,161,611,611,711,711,721,721,740,752,752,752],"floor_reached":16,"playtime":1073,"items_purged":[],"score":94,"play_id":"56b060ac-acad-4e7d-b373-74b7f5a4b036","local_time":"20210106115622","is_ascension_mode":false,"campfire_choices":[{"data":"Negative_Energy_Arrows","floor":1,"key":"SMITH"},{"data":"Bone_Shift","floor":9,"key":"SMITH"}],"circlet_count":0,"master_deck":["Strike_W","Strike_W","Strike_W","Strike_W","Defend_W","Defend_W","Defend_W","Defend_W","Negative_Energy_Arrows+1","Bone_Wall","Bone_Prison+1","Blood_Curse+1","Whirlwind_of_Bones","Slimebound:Icky","Slimebound:Icky","Negative_Energy_Mist","Exploit","Burst","Flesh_Made_Foul","Grasp_Heart","Negative_Energy_Shield"],"relics":["Vampire_Amulet","TungstenRod","hubris:Towel"],"acts_visited":["Exordium"],"potions_floor_usage":[10,16,16,16],"damage_taken":[{"damage":7,"enemies":"Jaw Worm","floor":2,"turns":7},{"damage":10,"enemies":"Cultist","floor":4,"turns":7},{"damage":1,"enemies":"2 Louse","floor":5,"turns":2},{"damage":7,"enemies":"2 Fungi Beasts","floor":6,"turns":5},{"damage":39,"enemies":"downfall:Heads","floor":10,"turns":9},{"damage":12,"enemies":"Large Slime","floor":12,"turns":6},{"damage":10,"enemies":"3 Louse","floor":14,"turns":5},{"damage":6,"enemies":"Exordium Wildlife","floor":15,"turns":5},{"damage":30,"enemies":"downfall:Defect","floor":16,"turns":5}],"seed_played":"-1330794046403276308","potions_obtained":[{"floor":5,"key":"hexamod:EctoCoolerPotion"},{"floor":12,"key":"Strength Potion"},{"floor":14,"key":"Energy Potion"},{"floor":15,"key":"FearPotion"}],"is_trial":false,"path_per_floor":["R","M","?","M","M","M","T","?","R","?","?","M","?","M","M","B"],"character_chosen":"NECROMANCER","items_purchased":[],"campfire_rested":0,"item_purchase_floors":[],"current_hp_per_floor":[82,77,77,71,74,71,71,71,71,38,37,29,29,25,23,0,0],"gold":752,"neow_bonus":"TEN_PERCENT_HP_BONUS","is_daily":false,"chose_seed":false,"campfire_upgraded":2,"win_rate":0.0,"timestamp":1609955782,"path_taken":["R","M","?","M","?","M","T","?","R","?","?","M","?","M","M","BOSS"],"items_purchased_type":[],"build_version":"2020-12-22","purchased_purges":0,"victory":false,"max_hp_per_floor":[82,82,82,82,82,82,82,82,82,82,82,82,82,82,82,82,82],"relic_stats":{"counters":[9,51],"obtain_stats":[{"Vampire_Amulet":0,"hubris:Towel":13,"TungstenRod":7},{"Vampire_Amulet":0,"hubris:Towel":6,"TungstenRod":4},{"Vampire_Amulet":0,"hubris:Towel":36,"TungstenRod":21}],"TungstenRod":25},"card_choices":[{"not_picked":["Negative_Energy_Javelin","Exploit"],"picked":"Bone_Prison","floor":2},{"not_picked":["Consume_Illness","Blood_Whip"],"picked":"Blood_Curse","floor":4},{"not_picked":["Chill_Blood","Bone_Armory"],"picked":"Bone_Shift","floor":5},{"not_picked":["Consume_Illness","Scare"],"picked":"Whirlwind_of_Bones","floor":6},{"not_picked":["Epidemic","Bone_Spikes"],"picked":"Exploit","floor":10},{"not_picked":["Blood_Is_Power","Shackles_Of_Pain"],"picked":"Flesh_Made_Foul","floor":12},{"not_picked":["Plague_Bolt","Negative_Energy_Shield"],"picked":"Grasp_Heart","floor":14},{"not_picked":["Negative_Energy_Javelin","Stop_Heart"],"picked":"Negative_Energy_Shield","floor":15}],"player_experience":365647,"relics_obtained":[{"floor":7,"key":"TungstenRod"}],"event_choices":[{"damage_healed":0,"gold_gain":0,"player_choice":"Upgraded","damage_taken":0,"max_hp_gain":0,"max_hp_loss":0,"event_name":"Upgrade Shrine","floor":3,"gold_loss":0,"cards_upgraded":["Bone_Prison"]},{"damage_healed":0,"gold_gain":0,"player_choice":"Card ","damage_taken":2,"max_hp_gain":0,"max_hp_loss":0,"event_name":"betterThird:BetterScrap","floor":11,"gold_loss":0,"cards_obtained":["Burst"]}],"is_beta":false,"boss_relics":[],"items_purged_floors":[],"is_endless":false,"potions_floor_spawned":[5,12,14,15],"killed_by":"downfall:Defect","ascension_level":0}}