{"host":"szp1d6dso4pv7ddl","time":1609894867,"event":{"mods":["AchievementEnabler","Alarm Clock","BaseMod","Bestiary","Block Reminder","Colored Map","Colored Powertips","Curses Come First","Displayed Cursed Tome","Highlight Path","Minty Spire (QoL Compilation)","Permanent Neow","Quick Restart","Relic Sorter","Relic Stats","StSLib","Synergy Search"],"gold_per_floor":[119,119,119,67,91,91,111,111,157,173,173,192,49,82,82,82,82],"floor_reached":16,"playtime":498,"items_purged":[],"score":170,"play_id":"26359efa-6c04-43ae-9e2c-2e3c0ded64f4","local_time":"20210105170107","is_ascension_mode":true,"campfire_choices":[{"floor":6,"key":"REST"},{"data":"Pummel","floor":8,"key":"SMITH"},{"floor":15,"key":"REST"}],"circlet_count":0,"master_deck":["AscendersBane","Strike_R","Strike_R","Strike_R","Strike_R+1","Defend_R","Defend_R","Defend_R","Defend_R","Bash+1","Havoc","Cleave","Pummel+1","Flex","Twin Strike","Flex","Sword Boomerang"],"relics":["Burning Blood","FossilizedHelix","Golden Idol","Nunchaku","Dream Catcher","Blue Candle"],"acts_visited":["Exordium"],"potions_floor_usage":[14,16,16],"damage_taken":[{"damage":7,"enemies":"2 Louse","floor":1,"turns":3},{"damage":0,"enemies":"Small Slimes","floor":5,"turns":3},{"damage":0,"enemies":"Cultist","floor":7,"turns":2},{"damage":11,"enemies":"Lots of Slimes","floor":10,"turns":4},{"damage":0,"enemies":"2 Fungi Beasts","floor":12,"turns":2},{"damage":27,"enemies":"Gremlin Nob","floor":14,"turns":4},{"damage":45,"enemies":"The Guardian","floor":16,"turns":9}],"seed_played":"-4009088388991624402","potions_obtained":[{"floor":7,"key":"GamblersBrew"},{"floor":10,"key":"PowerPotion"},{"floor":12,"key":"SpeedPotion"},{"floor":14,"key":"Block Potion"}],"is_trial":false,"path_per_floor":["M","?","?","$","M","R","M","R","T","M","?","M","$","E","R","B"],"character_chosen":"IRONCLAD","items_purchased":["Cleave","Dream Catcher"],"campfire_rested":2,"item_purchase_floors":[4,13],"current_hp_per_floor":[49,34,16,16,22,44,50,50,50,45,38,44,44,23,45,0,0],"gold":82,"neow_bonus":"ONE_RARE_RELIC","is_daily":false,"chose_seed":false,"campfire_upgraded":1,"win_rate":0.0,"timestamp":1609894867,"path_taken":["M","?","?","$","M","R","M","R","T","M","?","M","$","E","R","BOSS"],"items_purchased_type":["Card","Relic"],"build_version":"2020-12-22","purchased_purges":0,"victory":false,"max_hp_per_floor":[75,75,75,75,75,75,75,75,75,75,75,75,75,75,75,75,75],"relic_stats":{"Nunchaku":[3],"Dream Catcher":1,"counters":[7,27],"Golden Idol":23,"Blue Candle":[1],"obtain_stats":[{"Nunchaku":9,"Dream Catcher":13,"Golden Idol":3,"Blue Candle":14,"Burning Blood":0,"FossilizedHelix":0},{"Nunchaku":3,"Dream Catcher":5,"Golden Idol":1,"Blue Candle":6,"Burning Blood":0,"FossilizedHelix":0},{"Nunchaku":8,"Dream Catcher":14,"Golden Idol":3,"Blue Candle":18,"Burning Blood":0,"FossilizedHelix":0}],"Burning Blood":36},"card_choices":[{"not_picked":["Clothesline","Shockwave"],"picked":"Havoc","floor":1},{"not_picked":["Body Slam","Combust","Burning Pact"],"picked":"SKIP","floor":5},{"not_picked":["Uppercut","Whirlwind"],"picked":"Pummel","floor":7},{"not_picked":["Flame Barrier","Blood for Blood"],"picked":"Flex","floor":10},{"not_picked":["Havoc","Intimidate"],"picked":"Twin Strike","floor":12},{"not_picked":["Battle Trance","Havoc"],"picked":"Flex","floor":14},{"not_picked":["Bloodletting","Carnage"],"picked":"Sword Boomerang","floor":15}],"player_experience":1129178,"relics_obtained":[{"floor":9,"key":"Nunchaku"},{"floor":14,"key":"Blue Candle"}],"event_choices":[{"damage_healed":0,"gold_gain":0,"player_choice":"Entered Light","damage_taken":15,"max_hp_gain":0,"max_hp_loss":0,"event_name":"Shining Light","floor":2,"gold_loss":0,"cards_upgraded":["Bash","Strike_R"]},{"damage_healed":0,"gold_gain":0,"player_choice":"Take Damage","damage_taken":18,"relics_obtained":["Golden Idol"],"max_hp_gain":0,"max_hp_loss":0,"event_name":"Golden Idol","floor":3,"gold_loss":0},{"cards_removed":["Strike_R"],"damage_healed":0,"gold_gain":0,"player_choice":"Card Removal","damage_taken":7,"max_hp_gain":0,"max_hp_loss":0,"event_name":"Golden Wing","floor":11,"gold_loss":0}],"is_beta":false,"boss_relics":[],"items_purged_floors":[],"is_endless":false,"potions_floor_spawned":[7,10,12,14],"killed_by":"The Guardian","ascension_level":14}}