{"host":"61r95uy0hn86b9iu","time":1609895458,"event":{"mods":["AchievementEnabler","BaseMod","Better Vampires","BetterRewards","Colored Powertips","Hubris","Minty Spire (QoL Compilation)","Shop Mod","StSLib"],"gold_per_floor":[137,60,60,335,373,373,392,392,392,429,429,379,0,0,0,93,93,108,123,48,73,97,97,97,97,97,142,161,76,76,110,110,110,110],"floor_reached":33,"playtime":934,"items_purged":[],"score":573,"play_id":"c20ed2c2-240d-4d50-83bf-b3b9b2fb7dfe","local_time":"20210105191058","is_ascension_mode":true,"campfire_choices":[{"floor":8.0,"key":"REST"},{"data":"Transmutation","floor":11.0,"key":"SMITH"},{"floor":15.0,"key":"REST"},{"floor":23.0,"key":"REST"},{"data":"Whirlwind","floor":25.0,"key":"SMITH"},{"floor":32,"key":"REST"}],"circlet_count":0,"master_deck":["AscendersBane","Strike_R","Strike_R","Strike_R","Strike_R","Strike_R","Defend_R","Defend_R","Defend_R","Defend_R","Bash","HandOfGreed","Transmutation+1","Pommel Strike","Cleave","Shockwave","Sever Soul","Whirlwind+1","Limit Break+1","Inflame","Iron Wave+1","Heavy Blade"],"relics":["Black Blood","Gremlin Horn","hubris:Towel","StoneCalendar","MerchantsRug","Singing Bowl","Golden Idol","Meat on the Bone","Orichalcum","Champion Belt"],"acts_visited":["Exordium","TheCity"],"potions_floor_usage":[33],"damage_taken":[{"damage":2.0,"enemies":"Jaw Worm","floor":1.0,"turns":3.0},{"damage":9.0,"enemies":"Small Slimes","floor":5.0,"turns":5.0},{"damage":4.0,"enemies":"Cultist","floor":7.0,"turns":3.0},{"damage":7.0,"enemies":"Blue Slaver","floor":10.0,"turns":3.0},{"damage":24.0,"enemies":"Slime Boss","floor":16.0,"turns":7.0},{"damage":10.0,"enemies":"Chosen","floor":18.0,"turns":6.0},{"damage":0.0,"enemies":"3 Byrds","floor":19.0,"turns":3.0},{"damage":26.0,"enemies":"Snecko","floor":21.0,"turns":6.0},{"damage":39.0,"enemies":"3 Cultists","floor":22.0,"turns":6.0},{"damage":12.0,"enemies":"Cultist and Chosen","floor":27.0,"turns":4.0},{"damage":33.0,"enemies":"Snake Plant","floor":28.0,"turns":4.0},{"damage":10,"enemies":"Snecko","floor":31,"turns":5},{"damage":104,"enemies":"Collector","floor":33,"turns":9}],"seed_played":"-3115704159750516981","potions_obtained":[{"floor":5.0,"key":"FearPotion"},{"floor":10.0,"key":"Energy Potion"},{"floor":16.0,"key":"Regen Potion"},{"floor":22.0,"key":"Energy Potion"},{"floor":27.0,"key":"Weak Potion"},{"floor":31,"key":"ElixirPotion"}],"is_trial":false,"path_per_floor":["M","$","?","?","M","?","M","R","T","M","R","?","$","?","R","B",null,"M","M","$","M","M","R","?","R","T","M","M","?","T","M","R","B"],"character_chosen":"IRONCLAD","items_purchased":["HandOfGreed","Pommel Strike","Fire Potion","Shockwave","MerchantsRug","Singing Bowl","Whirlwind","Inflame"],"campfire_rested":4,"item_purchase_floors":[0,0,0,2,13,13,13,20],"current_hp_per_floor":[58,58,58,58,55,37,39,61,61,60,60,60,60,42,64,46,68,72,79,79,67,42,66,66,66,66,77,56,56,56,58,83,0,0],"gold":110,"neow_bonus":"","is_daily":false,"chose_seed":false,"campfire_upgraded":2,"win_rate":0.0,"timestamp":1609895458,"path_taken":["M","$","?","?","?","?","M","R","T","M","R","?","$","?","R","BOSS","M","M","$","M","M","R","?","R","T","?","M","?","?","M","R","BOSS"],"items_purchased_type":["Card","Card","Potion","Card","Relic","Relic","Card","Card"],"build_version":"2020-12-22","purchased_purges":0,"victory":false,"max_hp_per_floor":[75,75,75,75,75,75,75,75,75,75,75,75,75,75,75,75,75,77,79,79,81,83,83,83,83,83,85,85,85,85,85,85,85,85],"card_choices":[{"not_picked":["Havoc","Wild Strike"],"picked":"Cleave","floor":1.0},{"not_picked":["Clash","Carnage","Cleave"],"picked":"SKIP","floor":5.0},{"not_picked":["True Grit","Wild Strike","Havoc"],"picked":"SKIP","floor":7.0},{"not_picked":["Uppercut","hubris:ReadiedAction"],"picked":"Sever Soul","floor":10.0},{"not_picked":["Double Tap","Impervious"],"picked":"Limit Break","floor":16.0},{"not_picked":["Intimidate","Armaments","Twin Strike"],"picked":"Singing Bowl","floor":18.0},{"not_picked":["Anger","Clash","Warcry"],"picked":"Singing Bowl","floor":19.0},{"not_picked":["Bloodletting","Twin Strike","hubris:ReadiedAction"],"picked":"Singing Bowl","floor":21.0},{"not_picked":["Armaments","Perfected Strike","Thunderclap"],"picked":"Singing Bowl","floor":22.0},{"not_picked":["Disarm","Feel No Pain","Evolve"],"picked":"Singing Bowl","floor":27.0},{"not_picked":["Uppercut","Seeing Red"],"picked":"Iron Wave+1","floor":28.0},{"not_picked":["Pommel Strike","Searing Blow"],"picked":"Heavy Blade","floor":31}],"player_experience":3234706,"relics_obtained":[{"floor":9.0,"key":"Blue Candle"},{"floor":26.0,"key":"Meat on the Bone"},{"floor":30.0,"key":"Champion Belt"}],"event_choices":[{"damage_healed":0.0,"max_hp_gain":0.0,"max_hp_loss":0.0,"gold_gain":275.0,"event_name":"Golden Shrine","player_choice":"Desecrate","floor":4.0,"gold_loss":0.0,"damage_taken":0.0,"cards_obtained":["Regret"]},{"damage_healed":0.0,"max_hp_gain":0.0,"max_hp_loss":0.0,"gold_gain":0.0,"event_name":"Scrap Ooze","player_choice":"Success","floor":6.0,"gold_loss":0.0,"damage_taken":18.0,"relics_obtained":["StoneCalendar"]},{"cards_removed":["Regret"],"damage_healed":0.0,"max_hp_gain":0.0,"max_hp_loss":0.0,"gold_gain":0.0,"event_name":"The Cleric","player_choice":"Card Removal","floor":12.0,"gold_loss":50.0,"damage_taken":0.0},{"damage_healed":0.0,"max_hp_gain":0.0,"max_hp_loss":0.0,"gold_gain":0.0,"event_name":"Golden Idol","player_choice":"Take Damage","floor":14.0,"gold_loss":0.0,"damage_taken":18.0,"relics_obtained":["Golden Idol"]},{"damage_healed":0.0,"max_hp_gain":0.0,"max_hp_loss":0.0,"gold_gain":0.0,"event_name":"Upgrade Shrine","player_choice":"Upgraded","floor":24.0,"gold_loss":0.0,"damage_taken":0.0,"cards_upgraded":["Limit Break"]},{"damage_healed":0.0,"max_hp_gain":0.0,"max_hp_loss":0.0,"gold_gain":0.0,"event_name":"Addict","player_choice":"Obtained Relic","floor":29.0,"gold_loss":85.0,"damage_taken":0.0,"relics_obtained":["Orichalcum"]}],"is_beta":false,"boss_relics":[{"not_picked":["Runic Dome","hubris:BlackHole"],"picked":"Black Blood"}],"items_purged_floors":[],"is_endless":false,"potions_floor_spawned":[5,10,16,22,27,31],"killed_by":"Collector","ascension_level":14}}