{"host":"51mqhfpmwwd4kxyt","time":1609908415,"event":{"mods":["BaseMod","Downfall","Googly Eyes","Highlight Path","Minty Spire (QoL Compilation)","READ ME - Guardian Mod","StSLib","The Cursed","The Servant 0.9.4"],"gold_per_floor":[110,285,285,299,374,374,37,69,69,0,31,50,70,84,84,189,189,202,202,221,232,245,270,270,305,305,334,352,90,107,107,107],"floor_reached":31,"playtime":1434,"items_purged":["Regret","Decay"],"score":409,"play_id":"6723618c-4005-45ca-be03-93c00f445ecd","local_time":"20210105234655","is_ascension_mode":true,"campfire_choices":[{"floor":6,"key":"REST"},{"data":"Creative AI","floor":15,"key":"SMITH"},{"data":"Turbo","floor":24,"key":"SMITH"}],"circlet_count":0,"master_deck":["Zap","Dualcast","Glacier","Doubt","Hologram","Storm","Conserve Battery","Creative AI+1","Hologram","Turbo+1","Machine Learning","Biased Cognition","Consume","Undo","Hologram","Creative AI","Defragment","Multi-Cast","Redo","Redo+1","Hologram","Core Surge","Conserve Battery+1","Loop+1","Heatsinks","expansioncontent:SuperHexaguard"],"relics":["Cracked Core","PreservedInsect","Bird Faced Urn","Anchor","Bottled Tornado","Bottled Lightning","Akabeko","Pandora\u0027s Box","Cables","Calipers","Emotion Chip","Art of War"],"acts_visited":["Exordium","TheCity"],"potions_floor_usage":[25,25,30],"damage_taken":[{"damage":1,"enemies":"2 Louse","floor":1,"turns":3},{"damage":8,"enemies":"Small Slimes","floor":4,"turns":4},{"damage":12,"enemies":"Gremlin Nob","floor":8,"turns":4},{"damage":19,"enemies":"Lagavulin","floor":11,"turns":7},{"damage":4,"enemies":"Jaw Worm","floor":12,"turns":4},{"damage":1,"enemies":"Red Slaver","floor":13,"turns":7},{"damage":6,"enemies":"2 Fungi Beasts","floor":14,"turns":4},{"damage":39,"enemies":"Slime Boss","floor":16,"turns":7},{"damage":10,"enemies":"3 Byrds","floor":18,"turns":2},{"damage":4,"enemies":"Spheric Guardian","floor":20,"turns":3},{"damage":19,"enemies":"Centurion and Healer","floor":21,"turns":6},{"damage":13,"enemies":"Snake Plant","floor":22,"turns":3},{"damage":27,"enemies":"Book of Stabbing","floor":23,"turns":5},{"damage":6,"enemies":"Gremlin Leader","floor":25,"turns":4},{"damage":39,"enemies":"Book of Stabbing","floor":27,"turns":4},{"damage":2,"enemies":"Chosen and Byrds","floor":28,"turns":3},{"damage":15,"enemies":"3 Cultists","floor":30,"turns":4},{"damage":41,"enemies":"Gremlin Leader","floor":31,"turns":2}],"seed_played":"7092900458260272481","potions_obtained":[{"floor":1,"key":"Energy Potion"},{"floor":11,"key":"Swift Potion"},{"floor":16,"key":"champ:CounterPotion"},{"floor":27,"key":"Fire Potion"},{"floor":30,"key":"Guardian:BlockOnCardUsePotion"}],"is_trial":false,"path_per_floor":["M","?","?","M","?","R","$","E","T","$","E","M","M","M","R","B",null,"M","?","M","M","M","E","R","E","T","E","M","$","M","E"],"character_chosen":"DEFECT","items_purchased":["Storm","Anchor","Conserve Battery","Creative AI","Heatsinks","expansioncontent:SuperHexaguard"],"campfire_rested":1,"item_purchase_floors":[7,7,7,10,29,29],"current_hp_per_floor":[74,74,74,66,55,75,75,63,63,63,52,60,67,63,63,48,68,66,66,72,70,63,52,52,60,60,29,35,35,36,0,0],"gold":107,"neow_bonus":"RANDOM_COMMON_RELIC","is_daily":false,"chose_seed":false,"campfire_upgraded":2,"win_rate":0.0,"timestamp":1609908415,"path_taken":["M","?","?","M","?","R","$","E","T","?","E","M","?","M","R","BOSS","M","?","M","M","M","E","R","E","T","E","?","$","?","E"],"items_purchased_type":["Card","Relic","Card","Card","Card","Card"],"build_version":"2020-12-22","purchased_purges":2,"victory":false,"max_hp_per_floor":[75,75,75,75,75,75,75,75,75,75,75,75,75,75,75,75,75,75,75,75,75,75,75,75,75,75,75,75,75,75,75,75],"card_choices":[{"not_picked":["Tempest","Stack"],"picked":"Glacier","floor":1},{"not_picked":["Leap","Compile Driver"],"picked":"Hologram","floor":4},{"not_picked":["Leap","Go for the Eyes","Stack"],"picked":"SKIP","floor":8},{"not_picked":["Streamline","Rebound"],"picked":"Hologram","floor":11},{"not_picked":["Streamline","Go for the Eyes","Reprogram"],"picked":"SKIP","floor":12},{"not_picked":["Darkness","Rebound","Biased Cognition"],"picked":"SKIP","floor":13},{"not_picked":["Beam Cell","Rebound"],"picked":"Turbo","floor":14},{"not_picked":["Meteor Strike","Rainbow"],"picked":"Machine Learning","floor":16},{"not_picked":["Sweeping Beam","Gash"],"picked":"Redo+1","floor":18},{"not_picked":["Compile Driver","Barrage","Sweeping Beam+1"],"picked":"SKIP","floor":20},{"not_picked":["Compile Driver","Barrage","Sweeping Beam+1"],"picked":"SKIP","floor":20},{"not_picked":["Gash","Multi-Cast","Rebound"],"picked":"SKIP","floor":21},{"not_picked":["Reinforced Body","Auto Shields","Consume"],"picked":"SKIP","floor":22},{"not_picked":["Aggregate","Reprogram"],"picked":"Hologram","floor":23},{"not_picked":["Cold Snap","Coolheaded"],"picked":"Core Surge","floor":25},{"not_picked":["Double Energy","Cold Snap"],"picked":"Conserve Battery+1","floor":27},{"not_picked":["Redo","Coolheaded"],"picked":"Loop+1","floor":28},{"not_picked":["Sunder","Streamline","Sweeping Beam"],"picked":"SKIP","floor":30}],"player_experience":322754,"relics_obtained":[{"floor":8,"key":"Bottled Tornado"},{"floor":9,"key":"Bottled Lightning"},{"floor":11,"key":"Akabeko"},{"floor":23,"key":"Cables"},{"floor":25,"key":"Calipers"},{"floor":26,"key":"Emotion Chip"},{"floor":27,"key":"Art of War"}],"event_choices":[{"damage_healed":0,"gold_gain":175,"player_choice":"AGREE","damage_taken":0,"max_hp_gain":0,"max_hp_loss":0,"event_name":"Liars Game","floor":2,"gold_loss":0,"cards_obtained":["Doubt"]},{"damage_healed":0,"gold_gain":0,"player_choice":"Box","damage_taken":0,"relics_obtained":["Bird Faced Urn"],"max_hp_gain":0,"max_hp_loss":0,"event_name":"Big Fish","floor":3,"gold_loss":0,"cards_obtained":["Regret"]},{"damage_healed":0,"gold_gain":75,"player_choice":"Gather Gold","damage_taken":11,"max_hp_gain":0,"max_hp_loss":0,"event_name":"World of Goop","floor":5,"gold_loss":0},{"damage_healed":0,"gold_gain":0,"player_choice":"Cursed","damage_taken":0,"max_hp_gain":0,"max_hp_loss":0,"event_name":"Wheel of Change","floor":19,"gold_loss":0,"cards_obtained":["Decay"]}],"is_beta":false,"boss_relics":[{"not_picked":["Philosopher\u0027s Stone","Astrolabe"],"picked":"Pandora\u0027s Box"}],"items_purged_floors":[7,29],"is_endless":false,"potions_floor_spawned":[1,11,16,18,27,30],"killed_by":"Gremlin Leader","ascension_level":5}}