{"host":"ueaobptuyu87ouwy","time":1609930266,"event":{"mods":["Aspiration","Bard","BaseMod","Better Altar","Better Match","Better Note","Better Sensory Stone","Better Skull","Better Third Choice","BetterRewards","CCEM","Colored Map","Conspire","Downfall","GifTheSpireLib","Googly Eyes","Halation","Hermit","Highlight Path","Hubris","Infinite Spire","Jedi Mod","Jorbs\u0027s Wanderer Trilogy","Marisa????????","Mimic Mod","Minty Spire (QoL Compilation)","Permanent Neow","Replay The Spire","StSLib","Stuff the Spire","The Runesmith","Unceasing Turn Reminder","everything is the same but u backflip on backflip","slay the spire mod where everything is the same but ironclad has a cowboy hat"],"gold_per_floor":[109,37,47,59,75,110,110,128,128,161,161,187,37,53,53,53,53,148,148,159,109,121,121,139,139,172,185,209,234,244,254,287,287,287,410,410,453,497,544,544,591,591,675,675,700,819,898,972,1051,1133,1133,1133],"floor_reached":53,"playtime":3315,"items_purged":["Pain"],"score":825,"play_id":"3077002e-bab1-4c14-a6e9-d3f863113fe6","local_time":"20210106185106","is_ascension_mode":false,"campfire_choices":[{"data":"Armaments","floor":7.0,"key":"SMITH"},{"data":"Limit Break","floor":11.0,"key":"SMITH"},{"data":"infinitespire:OneForAll","floor":17.0,"key":"SMITH"},{"data":"jedi:bloodyhammer","floor":25,"key":"SMITH"},{"floor":34,"key":"DIG"},{"data":"Metallicize","floor":42,"key":"SMITH"},{"floor":51,"key":"REST"}],"circlet_count":0,"master_deck":["Strike_R","Strike_R","Strike_R","Strike_R","Strike_R","Defend_R","Defend_R","Defend_R","Defend_R","Bash","infinitespire:OneForAll+1","Guardian:FloatingOrbs+1","Armaments+1","Flex","Spot Weakness+1","Defy Death","hubris:ReadiedAction","Limit Break+1","Bloodletting+1","hubris:ReadiedAction","jedi:bloodyhammer+1","Disarm","Metallicize+1","conspire:HitWhereItHurts+1","Rupture+1","Inflame","Clothesline","Inflame","Feed","stsjorbsmod:Procrastination","infinitespire:Fortify+1","expansioncontent:YouAreMine+1","Barricade","hubris:MerchantsHand+1","Flex+1","Double Tap","Run Through+1","hubris:ReadiedAction","Burning Pact+1","Wraith","expansioncontent:DefensiveStance","Rupture","Thunderclap+1","StuffTheSpire:Resist+1","Parasite","Metallicize+1"],"relics":["Burning Blood","aspiration:Nostalgia","m_GuardianBlood","aspiration:HiddenCompartment","hubris:SphereOfDissonance","Centennial Puzzle","jedi:crownofsimplicity","ClockworkSouvenir","Replay:Bronze Core","WarpedTongs","CCEMRelics:FryingPan","Bronze Scales","hubris:TenFootPole","Blood Vial","Ice Cream","infinitespire:EvilPickle","ReplayTheSpireMod:SealedPack","Honey Jar","Bag of Marbles","CCEMRelics:DerglesHeadphones","Anchor","Mercury Hourglass"],"acts_visited":["Exordium","TheCity","TheBeyond"],"potions_floor_usage":[26,29,35,35,39,52,52,52],"damage_taken":[{"damage":6.0,"enemies":"Cultist","floor":1.0,"turns":3.0},{"damage":17.0,"enemies":"Small Slimes","floor":3.0,"turns":4.0},{"damage":8.0,"enemies":"Jaw Worm","floor":4.0,"turns":4.0},{"damage":10.0,"enemies":"Looter","floor":5.0,"turns":4.0},{"damage":42.0,"enemies":"Lagavulin","floor":6.0,"turns":9.0},{"damage":16.0,"enemies":"2 Fungi Beasts","floor":8.0,"turns":4.0},{"damage":9.0,"enemies":"Replay:BlueRogue","floor":10.0,"turns":4.0},{"damage":13.0,"enemies":"Lagavulin","floor":12.0,"turns":5.0},{"damage":0.0,"enemies":"Gremlin Gang","floor":14.0,"turns":4.0},{"damage":21,"enemies":"Fading Forest","floor":18,"turns":11},{"damage":21,"enemies":"Shell Parasite","floor":20,"turns":3},{"damage":0,"enemies":"Spheric Guardian","floor":22,"turns":3},{"damage":3,"enemies":"Snecko","floor":24,"turns":3},{"damage":8,"enemies":"Book of Stabbing","floor":26,"turns":3},{"damage":29,"enemies":"3 Cultists","floor":27,"turns":4},{"damage":17,"enemies":"conspire:Head Lice","floor":29,"turns":3},{"damage":11,"enemies":"Snake Plant","floor":30,"turns":2},{"damage":0,"enemies":"Cultist and Chosen","floor":31,"turns":3},{"damage":57,"enemies":"Nightmare","floor":32,"turns":5},{"damage":32,"enemies":"Pondfish","floor":35,"turns":5},{"damage":28,"enemies":"3 Darklings","floor":37,"turns":5},{"damage":29,"enemies":"3 Shapes","floor":38,"turns":7},{"damage":1,"enemies":"Transient","floor":39,"turns":5},{"damage":35,"enemies":"3 Darklings","floor":41,"turns":4},{"damage":14,"enemies":"Giant Head","floor":43,"turns":4},{"damage":5,"enemies":"Sphere and 2 Shapes","floor":47,"turns":3},{"damage":24,"enemies":"4 Shapes","floor":48,"turns":6},{"damage":6,"enemies":"3 Darklings","floor":49,"turns":3},{"damage":27,"enemies":"Writhing Mass","floor":50,"turns":5},{"damage":58,"enemies":"Replay:Hell Engine","floor":52,"turns":9}],"seed_played":"3599503935427105410","potions_obtained":[{"floor":3.0,"key":"Adrenaline Potion"},{"floor":6.0,"key":"AttackPotion"},{"floor":8.0,"key":"Strength Potion"},{"floor":10.0,"key":"ElixirPotion"},{"floor":20,"key":"ColorlessPotion"},{"floor":27,"key":"Elixir"},{"floor":30,"key":"jedi:holywater"},{"floor":31,"key":"Regen Potion"},{"floor":35,"key":"Weak Potion"},{"floor":39,"key":"Dexterity Potion"},{"floor":41,"key":"Block Potion"},{"floor":46,"key":"FairyPotion"},{"floor":47,"key":"jedi:StrikingPotion"},{"floor":50,"key":"FearPotion"}],"is_trial":false,"path_per_floor":["M","$","M","M","M","E","R","M","T","E","R","E","$","M","R_BF","PTL","R","B",null,"M","?","M","?","M","R","E","M","T","E","M","M","NM","?","R_BF","B",null,"M","M","M","AVR","M","R","E","?","T","?","M","M","M","M","R","B",null],"character_chosen":"IRONCLAD","items_purchased":["Guardian:FloatingOrbs","ClockworkSouvenir"],"campfire_rested":1,"item_purchase_floors":[2,13],"current_hp_per_floor":[80,80,75,79,80,50,50,46,46,49,49,48,48,60,60,60,60,51,80,71,71,80,80,80,80,80,63,63,58,59,71,26,26,26,22,80,64,49,62,62,41,41,41,41,41,41,53,47,55,42,68,24],"gold":1133,"neow_bonus":"NOSTALGIA","is_daily":false,"chose_seed":false,"campfire_upgraded":5,"win_rate":0.0,"timestamp":1609930266,"path_taken":["M","?","M","M","M","E","R","M","T","E","R","E","$","M","R_BF","PTL","R","BOSS","M","?","M","?","M","R","E","M","T","E","M","M","NM","?","R_BF","BOSS","M","M","M","AVR","M","R","E","?","T","?","?","M","M","M","R","BOSS"],"items_purchased_type":["Card","Relic"],"build_version":"2020-12-13","purchased_purges":1,"victory":true,"max_hp_per_floor":[80,80,80,80,80,80,80,80,80,80,80,80,80,80,80,80,80,80,80,80,80,80,80,80,80,80,80,80,80,80,80,80,80,80,80,80,80,80,80,80,80,80,80,80,80,80,83,87,87,87,87,87],"card_choices":[{"not_picked":["hubris:SharpeningStone","Massacre"],"picked":"infinitespire:OneForAll","floor":1.0},{"not_picked":["Iron Wave","True Grit"],"picked":"Armaments","floor":3.0},{"not_picked":["Shrug It Off","StuffTheSpire:RockThrow"],"picked":"Flex","floor":4.0},{"not_picked":["Warcry","Pommel Strike"],"picked":"Spot Weakness","floor":5.0},{"not_picked":["StuffTheSpire:Resist","Fire Breathing"],"picked":"Defy Death","floor":6.0},{"not_picked":["Bludgeon","Flex"],"picked":"hubris:ReadiedAction","floor":8.0},{"not_picked":["StuffTheSpire:RockThrow","Warcry"],"picked":"Limit Break","floor":10.0},{"not_picked":["jedi:controlledanger","Life Link"],"picked":"Bloodletting","floor":12.0},{"not_picked":["True Grit","Flex"],"picked":"hubris:ReadiedAction","floor":14.0},{"not_picked":["Bludgeon","jedi:unlimitedpower"],"picked":"jedi:bloodyhammer","floor":18},{"not_picked":["Abandon","Thunderclap+1","Clothesline"],"picked":"SKIP","floor":20},{"not_picked":["StuffTheSpire:Slingshot","jedi:fear"],"picked":"Disarm","floor":22},{"not_picked":["Thunderclap","Run Through","jedi:hate"],"picked":"SKIP","floor":24},{"not_picked":["Iron Wave","Twin Strike"],"picked":"Metallicize","floor":26},{"not_picked":["Iron Wave","Anger"],"picked":"conspire:HitWhereItHurts","floor":27},{"not_picked":["StuffTheSpire:Slingshot+1","Pommel Strike"],"picked":"Rupture+1","floor":29},{"not_picked":["StuffTheSpire:Pyroclast","Blood for Blood+1"],"picked":"Inflame","floor":30},{"not_picked":["Warcry+1","Replay:Undeath\u0027s Touch"],"picked":"Clothesline","floor":31},{"not_picked":["Searing Blow","Shrug It Off+1"],"picked":"Inflame","floor":32},{"not_picked":["Bludgeon","jedi:bloodyhammer"],"picked":"Feed","floor":35},{"not_picked":["infinitespire:DeathsTouch","Replay:Fractal Strike"],"picked":"infinitespire:Fortify","floor":36},{"not_picked":["Dramatic Entrance","expansioncontent:Sear"],"picked":"expansioncontent:YouAreMine","floor":36},{"not_picked":["Offering","Fiend Fire"],"picked":"Barricade","floor":36},{"not_picked":["Slimebound:Split","sneckomod:TailWhip"],"picked":"hubris:MerchantsHand","floor":36},{"not_picked":["Perfected Strike+1","jedi:fear+1"],"picked":"Flex","floor":37},{"not_picked":["Body Slam+1","Inflame+1"],"picked":"Double Tap","floor":38},{"not_picked":["StuffTheSpire:Incineration","Perfected Strike"],"picked":"Run Through+1","floor":39},{"not_picked":["Intimidate","Iron Wave+1","Power Through"],"picked":"hubris:ReadiedAction","floor":41},{"not_picked":["StuffTheSpire:RockThrow","Dual Wield","Hemokinesis+1"],"picked":"Burning Pact+1","floor":43},{"not_picked":["Jack Of All Trades","expansioncontent:GoopSpray","Master of Strategy"],"picked":"expansioncontent:DefensiveStance","floor":46},{"not_picked":["Rampage","Heavy Blade+1","StuffTheSpire:Incineration"],"picked":"Rupture","floor":47},{"not_picked":["Anger","True Grit","StuffTheSpire:RockThrow+1"],"picked":"Thunderclap+1","floor":48},{"not_picked":["Shrug It Off+1","infinitespire:OneForAll+1","Heavy Blade+1"],"picked":"StuffTheSpire:Resist+1","floor":49},{"not_picked":["ReplayTheSpireMod:LeadingStrike","Anger+1","Pommel Strike"],"picked":"Metallicize+1","floor":50}],"player_experience":30557,"relics_obtained":[{"floor":6.0,"key":"aspiration:HiddenCompartment"},{"floor":9.0,"key":"hubris:SphereOfDissonance"},{"floor":10.0,"key":"Centennial Puzzle"},{"floor":12.0,"key":"jedi:crownofsimplicity"},{"floor":26,"key":"CCEMRelics:FryingPan"},{"floor":28,"key":"Bronze Scales"},{"floor":29,"key":"hubris:TenFootPole"},{"floor":32,"key":"Blood Vial"},{"floor":34,"key":"Ice Cream"},{"floor":43,"key":"CCEMRelics:DerglesHeadphones"},{"floor":45,"key":"Anchor"},{"floor":46,"key":"Mercury Hourglass"}],"event_choices":[{"damage_healed":0,"gold_gain":0,"player_choice":"Bet on Murderer","damage_taken":0,"max_hp_gain":0,"max_hp_loss":0,"event_name":"The Joust","floor":21,"gold_loss":50},{"damage_healed":0,"gold_gain":0,"player_choice":"Rummage","damage_taken":0,"relics_obtained":["WarpedTongs"],"max_hp_gain":0,"max_hp_loss":0,"event_name":"Accursed Blacksmith","floor":23,"gold_loss":0,"cards_obtained":["Pain"]},{"cards_removed":["jedi:bloodyhammer"],"damage_healed":0,"gold_gain":0,"player_choice":"Give","damage_taken":0,"max_hp_gain":0,"max_hp_loss":0,"event_name":"betterNote:BetterNote","floor":33,"gold_loss":0,"cards_obtained":["StuffTheSpire:GnomedCurse"]},{"damage_healed":0,"gold_gain":0,"player_choice":"Ignored","damage_taken":0,"max_hp_gain":0,"max_hp_loss":0,"event_name":"OrinTheCat","floor":44,"gold_loss":0},{"damage_healed":0,"gold_gain":0,"player_choice":"Random: Red","damage_taken":0,"max_hp_gain":0,"max_hp_loss":0,"event_name":"betterThird:BetterPortal","floor":46,"gold_loss":0}],"is_beta":false,"boss_relics":[{"not_picked":["CCEMRelics:TransientCore","ChewingGum"],"picked":"Replay:Bronze Core"},{"not_picked":["Electric Blood","SlaversCollar"],"picked":"ReplayTheSpireMod:SealedPack"}],"items_purged_floors":[40],"is_endless":false,"potions_floor_spawned":[3,6,8,10,20,27,30,31,35,39,41,47,50],"ascension_level":0}}