{"host":"9vecvdjkx64cw9bo","time":1609932172,"event":{"mods":["Ascension Unlocker","BaseMod","Custom Start","Keyboard Shortcuts","Minty Spire (QoL Compilation)","Quick Restart","StSLib","SuperFastMode"],"gold_per_floor":[112,112,131,281,206,234,252,252,297,297,309,338,349,362,362,436,436,450,375,385,275,293,320,320,333,333,333,352,368,368,388,388,466,466,479,479,479,496,421,421,267,279,279,296,296,313,313,331,331,331,331],"floor_reached":50,"playtime":1231,"items_purged":["Strike_B","Strike_B"],"score":1006,"play_id":"484efa71-34d4-4114-9776-ad5e67945607","local_time":"20210106202252","is_ascension_mode":true,"campfire_choices":[{"data":"Redo","floor":8.0,"key":"SMITH"},{"data":"Darkness","floor":10.0,"key":"SMITH"},{"data":"Chaos","floor":15.0,"key":"SMITH"},{"floor":24.0,"key":"REST"},{"floor":27.0,"key":"REST"},{"data":"Multi-Cast","floor":30.0,"key":"SMITH"},{"data":"Dualcast","floor":32.0,"key":"SMITH"},{"floor":40.0,"key":"REST"},{"floor":47.0,"key":"REST"},{"data":"Turbo","floor":49.0,"key":"SMITH"}],"circlet_count":0,"master_deck":["AscendersBane","Defend_B","Defend_B+1","Defend_B","Defend_B","Zap","Dualcast+1","Sunder","Darkness+1","Buffer","Redo+1","Chaos+1","Skim","Multi-Cast+1","Seek","Hologram","Turbo+1"],"relics":["FrozenCore","NeowsBlessing","Bag of Marbles","Centennial Puzzle","Mercury Hourglass","Busted Crown","White Beast Statue","Eternal Feather","Kunai"],"acts_visited":["Exordium","TheCity","TheBeyond"],"potions_floor_usage":[],"damage_taken":[{"damage":0.0,"enemies":"2 Louse","floor":1.0,"turns":1.0},{"damage":0.0,"enemies":"Jaw Worm","floor":3.0,"turns":1.0},{"damage":0.0,"enemies":"Lagavulin","floor":6.0,"turns":1.0},{"damage":3.0,"enemies":"Small Slimes","floor":7.0,"turns":3.0},{"damage":23.0,"enemies":"Gremlin Gang","floor":11.0,"turns":5.0},{"damage":20.0,"enemies":"3 Sentries","floor":12.0,"turns":6.0},{"damage":0.0,"enemies":"Large Slime","floor":13.0,"turns":3.0},{"damage":16.0,"enemies":"Exordium Wildlife","floor":14.0,"turns":4.0},{"damage":6.0,"enemies":"Hexaghost","floor":16.0,"turns":8.0},{"damage":10.0,"enemies":"2 Thieves","floor":18.0,"turns":4.0},{"damage":14.0,"enemies":"Shell Parasite","floor":20.0,"turns":4.0},{"damage":5.0,"enemies":"Snecko","floor":22.0,"turns":4.0},{"damage":24.0,"enemies":"Book of Stabbing","floor":23.0,"turns":4.0},{"damage":18.0,"enemies":"3 Cultists","floor":25.0,"turns":4.0},{"damage":24.0,"enemies":"Centurion and Healer","floor":28.0,"turns":7.0},{"damage":11.0,"enemies":"Snake Plant","floor":29.0,"turns":2.0},{"damage":0.0,"enemies":"Snecko","floor":31.0,"turns":3.0},{"damage":25.0,"enemies":"Collector","floor":33.0,"turns":4.0},{"damage":59.0,"enemies":"3 Darklings","floor":35.0,"turns":7.0},{"damage":0.0,"enemies":"3 Shapes","floor":38.0,"turns":6.0},{"damage":0.0,"enemies":"Maw","floor":42.0,"turns":7.0},{"damage":17.0,"enemies":"Jaw Worm Horde","floor":44.0,"turns":6.0},{"damage":0.0,"enemies":"4 Shapes","floor":46.0,"turns":6.0},{"damage":0.0,"enemies":"Sphere and 2 Shapes","floor":48.0,"turns":3.0},{"damage":64,"enemies":"Awakened One","floor":50,"turns":6}],"seed_played":"-7550068519338940455","potions_obtained":[{"floor":6.0,"key":"FocusPotion"},{"floor":13.0,"key":"Regen Potion"},{"floor":14.0,"key":"SkillPotion"},{"floor":18.0,"key":"Weak Potion"},{"floor":23.0,"key":"GamblersBrew"},{"floor":25.0,"key":"Regen Potion"},{"floor":28.0,"key":"Swift Potion"},{"floor":29.0,"key":"Regen Potion"},{"floor":33.0,"key":"PotionOfCapacity"},{"floor":35.0,"key":"BlessingOfTheForge"},{"floor":38.0,"key":"DistilledChaos"},{"floor":42.0,"key":"AttackPotion"},{"floor":44.0,"key":"Dexterity Potion"},{"floor":46.0,"key":"Weak Potion"}],"is_trial":false,"path_per_floor":["M","?","M","?","?","E","M","R","T","R","M","E","M","M","R","B",null,"M","?","M","?","M","E","R","M","T","R","M","M","R","M","R","B",null,"M","?","?","M","$","R","$","M","T","M","?","M","R","M","R","B"],"character_chosen":"DEFECT","items_purchased":["Turbo"],"campfire_rested":4,"item_purchase_floors":[41],"current_hp_per_floor":[64,69,69,69,69,69,66,66,66,66,43,23,23,19,19,13,60,50,50,36,36,31,7,29,11,11,42,33,22,31,31,40,27,64,5,5,5,5,5,35,35,35,35,18,18,18,48,48,57,0,0],"gold":331,"neow_bonus":"THREE_ENEMY_KILL","is_daily":false,"chose_seed":false,"campfire_upgraded":6,"win_rate":0.0,"timestamp":1609932172,"path_taken":["M","?","M","?","?","E","M","R","T","R","?","E","M","M","R","BOSS","M","?","M","?","?","E","R","M","T","R","M","?","R","?","R","BOSS","M","?","?","M","?","R","$","M","T","M","?","M","R","M","R","BOSS"],"items_purchased_type":["Card"],"build_version":"2020-12-22","purchased_purges":2,"victory":false,"max_hp_per_floor":[71,76,76,76,76,76,76,76,76,76,76,76,76,76,76,76,76,76,76,76,76,76,76,76,76,76,76,76,76,76,76,76,76,76,76,72,72,72,72,72,72,72,72,72,72,72,72,72,72,72,72],"card_choices":[{"not_picked":["Leap","Redo"],"picked":"Sunder","floor":1.0},{"not_picked":["Coolheaded","Skim"],"picked":"Darkness","floor":3.0},{"not_picked":["Conserve Battery","Scrape"],"picked":"Buffer","floor":6.0},{"not_picked":["Streamline","Conserve Battery"],"picked":"Redo","floor":7.0},{"not_picked":["White Noise","Rebound","Chaos"],"picked":"SKIP","floor":11.0},{"not_picked":["White Noise","Rebound"],"picked":"Chaos","floor":11.0},{"not_picked":["Buffer","Reinforced Body"],"picked":"Skim","floor":12.0},{"not_picked":["Static Discharge","Skim","Go for the Eyes"],"picked":"SKIP","floor":13.0},{"not_picked":["Leap","Hello World","Heatsinks"],"picked":"SKIP","floor":14.0},{"not_picked":["Rainbow","Seek"],"picked":"Multi-Cast","floor":16.0},{"not_picked":["Sweeping Beam"],"picked":"SKIP","floor":18.0},{"not_picked":["Sweeping Beam"],"picked":"SKIP","floor":20.0},{"not_picked":["Conserve Battery"],"picked":"SKIP","floor":22.0},{"not_picked":["Hello World"],"picked":"SKIP","floor":23.0},{"not_picked":["Tempest+1"],"picked":"SKIP","floor":25.0},{"not_picked":["Rip and Tear"],"picked":"SKIP","floor":28.0},{"not_picked":["Cold Snap"],"picked":"SKIP","floor":29.0},{"not_picked":["Static Discharge"],"picked":"SKIP","floor":31.0},{"not_picked":[],"picked":"Seek","floor":33.0},{"not_picked":["Blizzard+1"],"picked":"SKIP","floor":35.0},{"not_picked":[],"picked":"Hologram","floor":38.0},{"not_picked":["Ball Lightning+1"],"picked":"SKIP","floor":42.0},{"not_picked":["Melter+1"],"picked":"SKIP","floor":44.0},{"not_picked":["Storm+1"],"picked":"SKIP","floor":46.0},{"not_picked":["Sweeping Beam"],"picked":"SKIP","floor":48.0}],"player_experience":777362,"relics_obtained":[{"floor":6.0,"key":"Bag of Marbles"},{"floor":9.0,"key":"Centennial Puzzle"},{"floor":12.0,"key":"Mercury Hourglass"},{"floor":23.0,"key":"White Beast Statue"},{"floor":26.0,"key":"Eternal Feather"},{"floor":43.0,"key":"Kunai"}],"event_choices":[{"damage_healed":0.0,"max_hp_gain":5.0,"max_hp_loss":0.0,"gold_gain":0.0,"event_name":"Big Fish","player_choice":"Donut","floor":2.0,"gold_loss":0.0,"damage_taken":0.0},{"damage_healed":0.0,"max_hp_gain":0.0,"max_hp_loss":0.0,"gold_gain":150.0,"event_name":"Liars Game","player_choice":"AGREE","floor":4.0,"gold_loss":0.0,"damage_taken":0.0,"cards_obtained":["Doubt"]},{"cards_removed":["Doubt"],"damage_healed":0.0,"max_hp_gain":0.0,"max_hp_loss":0.0,"gold_gain":0.0,"event_name":"The Cleric","player_choice":"Card Removal","floor":5.0,"gold_loss":75.0,"damage_taken":0.0},{"cards_removed":["Strike_B"],"damage_healed":0.0,"max_hp_gain":0.0,"max_hp_loss":0.0,"gold_gain":0.0,"event_name":"Beggar","player_choice":"Gave Gold","floor":19.0,"gold_loss":75.0,"damage_taken":0.0},{"cards_removed":["Strike_B"],"damage_healed":0.0,"max_hp_gain":0.0,"max_hp_loss":0.0,"gold_gain":0.0,"event_name":"Designer","player_choice":"Upgrade and Remove","floor":21.0,"gold_loss":110.0,"damage_taken":0.0,"cards_upgraded":["Defend_B"]},{"damage_healed":0.0,"max_hp_gain":0.0,"max_hp_loss":4.0,"gold_gain":0.0,"event_name":"Winding Halls","player_choice":"Max HP","floor":36.0,"gold_loss":0.0,"damage_taken":0.0},{"damage_healed":0.0,"max_hp_gain":0.0,"max_hp_loss":0.0,"gold_gain":0.0,"event_name":"Tomb of Lord Red Mask","player_choice":"Ignored","floor":37.0,"gold_loss":0.0,"damage_taken":0.0},{"damage_healed":0.0,"max_hp_gain":0.0,"max_hp_loss":0.0,"gold_gain":0.0,"event_name":"SensoryStone","player_choice":"Memory 1","floor":45.0,"gold_loss":0.0,"damage_taken":0.0}],"is_beta":false,"boss_relics":[{"not_picked":["Runic Dome","SlaversCollar"],"picked":"Busted Crown"},{"not_picked":["Snecko Eye","Black Star"],"picked":"FrozenCore"}],"items_purged_floors":[39,41],"is_endless":false,"potions_floor_spawned":[6,13,14,18,23,25,28,29,31,33,35,38,42,44,46,48],"killed_by":"Awakened One","ascension_level":20}}