{"host":"d61fcf2p3sjwe6yo","time":1609962708,"event":{"mods":["AchievementEnabler","BaseMod","Colored Map","Downfall","Minty Spire (QoL Compilation)","StSLib","SuperFastMode"],"gold_per_floor":[349,368,447,466,466,416,443,393,393,406,416,449,249,249,267,371,371,321,334,350,435,435,435,435,435],"floor_reached":23,"playtime":655,"items_purged":[],"score":255,"play_id":"b9ef3d51-7e9e-4987-bcb9-78326ace4f55","local_time":"20210106225148","is_ascension_mode":true,"campfire_choices":[{"data":"Slimebound:Split","floor":1.0,"key":"SMITH"},{"data":"Slimebound:CorrosiveSpit","floor":6.0,"key":"SMITH"},{"floor":8.0,"key":"RECALL"},{"data":"Slimebound:SplitSpecialist","floor":13.0,"key":"SMITH"},{"data":"Slimebound:MassFeed","floor":18.0,"key":"SMITH"}],"circlet_count":0,"master_deck":["Slimebound:Strike_Slimebound+1","Slimebound:Strike_Slimebound+1","Slimebound:Strike_Slimebound","Slimebound:Tackle","Slimebound:Defend_Slimebound","Slimebound:Defend_Slimebound","Slimebound:Defend_Slimebound","Slimebound:Defend_Slimebound+1","Slimebound:Split+1","Slimebound:CorrosiveSpit+1","Slimebound:SplitMire+1","Slimebound:SplitSpecialist+1","Regret","Slimebound:MassFeed+1"],"relics":["Slimebound:AbsorbEndCombat","Kunai","Slimebound:GreedOozeRelic","sneckomod:BlankCard","Bronze Scales","downfall:HeartBlessingRed","downfall:HeartBlessingGreen","expansioncontent:StudyCardRelic"],"acts_visited":["Exordium","TheCity"],"potions_floor_usage":[23],"damage_taken":[{"damage":14.0,"enemies":"Cultist","floor":2.0,"turns":4.0},{"damage":18.0,"enemies":"Small Slimes","floor":4.0,"turns":4.0},{"damage":12.0,"enemies":"2 Louse","floor":10.0,"turns":2.0},{"damage":15.0,"enemies":"2 Fungi Beasts","floor":11.0,"turns":2.0},{"damage":40.0,"enemies":"Lagavulin","floor":12.0,"turns":5.0},{"damage":21.0,"enemies":"3 Louse","floor":15.0,"turns":3.0},{"damage":40.0,"enemies":"downfall:Watcher","floor":16.0,"turns":5.0},{"damage":26.0,"enemies":"3 Byrds","floor":19.0,"turns":3.0},{"damage":15.0,"enemies":"Chosen","floor":20.0,"turns":3.0},{"damage":15,"enemies":"Snake Plant","floor":23,"turns":2}],"seed_played":"-187758355289103081","potions_obtained":[{"floor":10.0,"key":"Explosive Potion"},{"floor":11.0,"key":"champ:CounterPotion"},{"floor":20.0,"key":"sneckomod:MuddlingPotion"}],"is_trial":false,"path_per_floor":["R","M","T","M","?","R","T","R","?","M","M","E","R","?","M","B",null,"R","M","M","?","?","M"],"character_chosen":"SLIMEBOUND","items_purchased":[],"campfire_rested":0,"item_purchase_floors":[],"current_hp_per_floor":[54,49,49,45,45,45,45,45,45,49,50,32,32,32,31,19,45,45,27,34,22,13,0,0,0],"gold":435,"neow_bonus":"TWO_FIFTY_GOLD","is_daily":false,"chose_seed":false,"campfire_upgraded":4,"win_rate":0.0,"timestamp":1609962708,"path_taken":["R","M","?","?","?","R","T","R","?","M","?","E","R","?","M","BOSS","R","M","M","?","?","M"],"items_purchased_type":[],"build_version":"2020-12-22","purchased_purges":0,"victory":false,"max_hp_per_floor":[54,54,54,54,54,54,54,54,54,54,54,54,54,54,54,54,54,54,54,54,54,59,59,59,59],"card_choices":[{"not_picked":["Slimebound:RollThrough","Slimebound:FormOfPuddle","Slimebound:SplitBruiser"],"picked":"SKIP","floor":2.0},{"not_picked":["Slimebound:SplitAcid","Slimebound:SplitLeeching"],"picked":"Slimebound:SplitMire","floor":4.0},{"not_picked":["Slimebound:SplitAcid","Slimebound:SplitLeeching","Slimebound:AcidTongue"],"picked":"SKIP","floor":10.0},{"not_picked":["Slimebound:RollThrough","Slimebound:SamplingLick"],"picked":"Slimebound:SplitSpecialist","floor":11.0},{"not_picked":["Slimebound:PressTheAttack","Slimebound:Schlurp","Slimebound:SplitMire"],"picked":"SKIP","floor":12.0},{"not_picked":["Slimebound:PressTheAttack","Slimebound:ComboTackle","Slimebound:SplitMire"],"picked":"SKIP","floor":15.0},{"not_picked":["Slimebound:LeechLife","Slimebound:DuplicatedForm"],"picked":"Slimebound:MassFeed","floor":16.0},{"not_picked":["Slimebound:GrowthPunch","Slimebound:FirmFortitude","Slimebound:LeechingTouch"],"picked":"SKIP","floor":19.0},{"not_picked":["Slimebound:ItLooksTasty","Slimebound:GrowthPunch","Slimebound:LivingWall"],"picked":"SKIP","floor":20.0}],"player_experience":447623,"relics_obtained":[{"floor":3.0,"key":"Kunai"},{"floor":7.0,"key":"sneckomod:BlankCard"},{"floor":12.0,"key":"Bronze Scales"}],"event_choices":[{"damage_healed":0.0,"max_hp_gain":0.0,"max_hp_loss":0.0,"gold_gain":0.0,"event_name":"Upgrade Shrine","player_choice":"Upgraded","floor":9.0,"gold_loss":0.0,"damage_taken":0.0,"cards_upgraded":["Slimebound:SplitMire"]}],"is_beta":false,"boss_relics":[{"not_picked":["Tiny House","Busted Crown"],"picked":"expansioncontent:StudyCardRelic"}],"items_purged_floors":[],"is_endless":false,"potions_floor_spawned":[10,11,20],"killed_by":"Snake Plant","ascension_level":7}}