{"host":"dh8vptmequbrae31","time":1609976181,"event":{"mods":["2.2 Compatiblity","AchievementEnabler","BaseMod","Colored Map","Evolution","Minty Spire (QoL Compilation)","Td1madao Mod"],"gold_per_floor":[109,284,284,296,309,342,342,373,400,426,438,464,464,475,475,580,630,646,675,119,119,135,163,163,195,195,195,221,221,251,265,265,364,364,378,394,394,420,174,174,24,53,53,87,87,121,170,21,21,21,21,21,21,55,55,55],"floor_reached":55,"playtime":19641,"items_purged":[],"score":1041,"play_id":"b653ee77-dc66-4b2e-8049-ab972ae9f49f","local_time":"20210106183621","is_ascension_mode":true,"campfire_choices":[{"data":"Eruption","floor":7.0,"key":"SMITH"},{"data":"Pray","floor":15.0,"key":"SMITH"},{"floor":24.0,"key":"REST"},{"floor":32.0,"key":"REST"},{"data":"Crescendo","floor":40.0,"key":"SMITH"},{"floor":45.0,"key":"RECALL"},{"data":"Devotion","floor":49.0,"key":"SMITH"},{"data":"1","floor":52.0,"key":"LIFT"}],"circlet_count":0,"master_deck":["FlyingSleeves","FollowUp","CrushJoints","EmptyBody+1","ThirdEye","Evaluate","Eruption+1","Vigilance+1","MentalFortress+1","Worship","CutThroughFate","Ragnarok","SignatureMove","FearNoEvil","Pray+1","DeusExMachina","Sanctity","Meditate+1","TalkToTheHand","Brilliance","Halt","TalkToTheHand","ForeignInfluence+1","Prostrate","Devotion+1","Swivel","Madness","Madness","Crescendo+1","DevaForm","MasterReality"],"relics":["PureWater","EVO:Axolotl","Boot","Vajra","Tiny Chest","Odd Mushroom","Bag of Preparation","Tiny House","Red Mask","Bronze Scales","DollysMirror","InkBottle","Lantern","PreservedInsect","TeardropLocket","Ornamental Fan","Yang","SacredBark","War Paint","Medical Kit","Darkstone Periapt","Meat on the Bone","Akabeko","Toxic Egg 2","Girya","Lee\u0027s Waffle","Toy Ornithopter"],"acts_visited":["Exordium","TheCity","TheBeyond","TheEnding"],"potions_floor_usage":[55,55],"damage_taken":[{"damage":0.0,"enemies":"2 Louse","floor":1.0,"turns":3.0},{"damage":0.0,"enemies":"Jaw Worm","floor":4.0,"turns":3.0},{"damage":0.0,"enemies":"Small Slimes","floor":5.0,"turns":3.0},{"damage":14.0,"enemies":"3 Sentries","floor":6.0,"turns":9.0},{"damage":15.0,"enemies":"Gremlin Nob","floor":8.0,"turns":4.0},{"damage":0.0,"enemies":"The Mushroom Lair","floor":10.0,"turns":2.0},{"damage":0.0,"enemies":"3 Louse","floor":11.0,"turns":2.0},{"damage":0.0,"enemies":"Lagavulin","floor":12.0,"turns":5.0},{"damage":0.0,"enemies":"2 Fungi Beasts","floor":14.0,"turns":2.0},{"damage":27.0,"enemies":"The Guardian","floor":16.0,"turns":4.0},{"damage":6.0,"enemies":"2 Thieves","floor":18.0,"turns":3.0},{"damage":17.0,"enemies":"Masked Bandits","floor":19.0,"turns":4.0},{"damage":0.0,"enemies":"Spheric Guardian","floor":22.0,"turns":3.0},{"damage":45.0,"enemies":"Gremlin Leader","floor":23.0,"turns":7.0},{"damage":8.0,"enemies":"Book of Stabbing","floor":25.0,"turns":4.0},{"damage":12.0,"enemies":"Slavers","floor":28.0,"turns":4.0},{"damage":0.0,"enemies":"Gremlin Leader","floor":30.0,"turns":3.0},{"damage":2.0,"enemies":"Centurion and Healer","floor":31.0,"turns":4.0},{"damage":0.0,"enemies":"Collector","floor":33.0,"turns":3.0},{"damage":3.0,"enemies":"3 Darklings","floor":35.0,"turns":3.0},{"damage":0.0,"enemies":"Orb Walker","floor":36.0,"turns":1.0},{"damage":7.0,"enemies":"Nemesis","floor":42.0,"turns":3.0},{"damage":9.0,"enemies":"Giant Head","floor":44.0,"turns":6.0},{"damage":7.0,"enemies":"Reptomancer","floor":46.0,"turns":4.0},{"damage":16.0,"enemies":"2 Orb Walkers","floor":47.0,"turns":5.0},{"damage":24.0,"enemies":"Time Eater","floor":50.0,"turns":10.0},{"damage":30.0,"enemies":"Shield and Spear","floor":54.0,"turns":4.0},{"damage":65,"enemies":"The Heart","floor":55,"turns":8}],"seed_played":"-7073998795015234694","potions_obtained":[{"floor":1.0,"key":"DuplicationPotion"},{"floor":8.0,"key":"Block Potion"},{"floor":10.0,"key":"AttackPotion"},{"floor":17.0,"key":"FairyPotion"},{"floor":18.0,"key":"BottledMiracle"},{"floor":19.0,"key":"Swift Potion"},{"floor":31.0,"key":"StancePotion"},{"floor":33.0,"key":"SpeedPotion"},{"floor":47.0,"key":"Strength Potion"}],"is_trial":false,"path_per_floor":["M","?","?","M","M","E","R","E","T","?","M","E","?","M","R","B",null,"M","?","$","T","M","E","R","E","T","?","E","?","E","M","R","B",null,"M","M","?","T","$","R","$","E","T","E","R","E","?","$","R","B",null,"R","$","E","B"],"character_chosen":"WATCHER","items_purchased":["TalkToTheHand","Bronze Scales","Brilliance","Halt","DollysMirror","Crescendo","War Paint","AttackPotion","Medical Kit","Lee\u0027s Waffle"],"campfire_rested":2,"item_purchase_floors":[20,20,20,20,20,39,39,39,41,48],"current_hp_per_floor":[67,67,60,60,60,46,46,31,31,31,31,31,31,31,31,4,72,66,49,49,49,49,4,25,17,17,4,15,15,15,13,36,36,77,74,74,64,64,64,64,64,57,57,48,48,41,37,84,84,60,84,84,84,54,0,0],"gold":55,"neow_bonus":"TRANSFORM_TWO_CARDS","is_daily":false,"chose_seed":false,"campfire_upgraded":4,"win_rate":0.0,"timestamp":1609976181,"path_taken":["M","?","?","M","M","E","R","E","T","?","M","E","?","M","R","BOSS","M","?","$","?","M","E","R","E","T","?","E","?","E","M","R","BOSS","M","M","?","?","$","R","?","E","T","E","R","E","?","?","R","BOSS","R","$","E","BOSS"],"items_purchased_type":["Card","Relic","Card","Card","Relic","Card","Relic","Potion","Relic","Relic"],"build_version":"2020-12-22","purchased_purges":0,"victory":false,"max_hp_per_floor":[67,67,67,67,67,67,67,67,67,67,67,67,67,67,67,67,72,72,72,72,72,72,72,72,72,72,77,77,77,77,77,77,77,77,77,77,77,77,77,77,77,77,77,77,77,77,77,84,84,84,84,84,84,84,84,84],"card_choices":[{"not_picked":["Perseverance","PathToVictory","WaveOfTheHand"],"picked":"SKIP","floor":1.0},{"not_picked":["CrushJoints","WheelKick"],"picked":"CutThroughFate","floor":4.0},{"not_picked":["FlurryOfBlows","ThirdEye","EmptyFist"],"picked":"SKIP","floor":5.0},{"not_picked":["CrushJoints","Sanctity"],"picked":"Ragnarok","floor":6.0},{"not_picked":["BowlingBash","EmptyBody"],"picked":"SignatureMove","floor":8.0},{"not_picked":["Crescendo","ReachHeaven"],"picked":"FearNoEvil","floor":11.0},{"not_picked":["BattleHymn","WaveOfTheHand","Worship"],"picked":"SKIP","floor":12.0},{"not_picked":["Protect","Sanctity"],"picked":"Pray","floor":14.0},{"not_picked":["ConjureBlade","Scrawl"],"picked":"DeusExMachina","floor":16.0},{"not_picked":["FollowUp","Halt"],"picked":"Sanctity","floor":18.0},{"not_picked":["Consecrate","SashWhip+1"],"picked":"Meditate","floor":19.0},{"not_picked":["WheelKick","EmptyFist","EmptyBody+1"],"picked":"SKIP","floor":22.0},{"not_picked":["JustLucky","ConjureBlade"],"picked":"ForeignInfluence+1","floor":23.0},{"not_picked":["BowlingBash","Protect+1","Conclude+1"],"picked":"SKIP","floor":25.0},{"not_picked":["Judgement","FlurryOfBlows","Halt"],"picked":"SKIP","floor":28.0},{"not_picked":["FearNoEvil","ClearTheMind"],"picked":"Prostrate","floor":30.0},{"not_picked":["InnerPeace","FlyingSleeves","CrushJoints"],"picked":"SKIP","floor":31.0},{"not_picked":["ConjureBlade","Brilliance"],"picked":"Devotion","floor":33.0},{"not_picked":["FlyingSleeves","TalkToTheHand","PathToVictory+1"],"picked":"SKIP","floor":35.0},{"not_picked":["ClearTheMind","FlurryOfBlows+1"],"picked":"Swivel","floor":36.0},{"not_picked":["FlyingSleeves","ThirdEye+1","Sanctity"],"picked":"SKIP","floor":42.0},{"not_picked":["Sanctity+1","LikeWater+1","Ragnarok"],"picked":"SKIP","floor":44.0},{"not_picked":["PathToVictory+1","SashWhip"],"picked":"DevaForm","floor":46.0},{"not_picked":["SignatureMove+1","Collect+1"],"picked":"MasterReality","floor":54.0}],"player_experience":230493,"relics_obtained":[{"floor":6.0,"key":"Boot"},{"floor":8.0,"key":"Vajra"},{"floor":9.0,"key":"Tiny Chest"},{"floor":10.0,"key":"Odd Mushroom"},{"floor":12.0,"key":"Bag of Preparation"},{"floor":19.0,"key":"Red Mask"},{"floor":21.0,"key":"InkBottle"},{"floor":23.0,"key":"Lantern"},{"floor":25.0,"key":"PreservedInsect"},{"floor":26.0,"key":"TeardropLocket"},{"floor":28.0,"key":"Ornamental Fan"},{"floor":30.0,"key":"Yang"},{"floor":42.0,"key":"Darkstone Periapt"},{"floor":43.0,"key":"Meat on the Bone"},{"floor":44.0,"key":"Akabeko"},{"floor":46.0,"key":"Toxic Egg 2"},{"floor":47.0,"key":"Girya"},{"floor":54.0,"key":"Toy Ornithopter"}],"event_choices":[{"damage_healed":0.0,"max_hp_gain":0.0,"max_hp_loss":0.0,"gold_gain":175.0,"event_name":"Liars Game","player_choice":"AGREE","floor":2.0,"gold_loss":0.0,"damage_taken":0.0,"cards_obtained":["Doubt"]},{"cards_removed":["Doubt"],"damage_healed":0.0,"max_hp_gain":0.0,"max_hp_loss":0.0,"gold_gain":0.0,"event_name":"Golden Wing","player_choice":"Card Removal","floor":3.0,"gold_loss":0.0,"damage_taken":7.0},{"damage_healed":0.0,"max_hp_gain":0.0,"max_hp_loss":0.0,"gold_gain":0.0,"event_name":"Mushrooms","player_choice":"Fought Mushrooms","floor":10.0,"gold_loss":0.0,"damage_taken":0.0},{"damage_healed":0.0,"max_hp_gain":0.0,"max_hp_loss":0.0,"gold_gain":0.0,"event_name":"Living Wall","player_choice":"Grow","floor":13.0,"gold_loss":0.0,"damage_taken":0.0,"cards_upgraded":["MentalFortress"]},{"damage_healed":0.0,"max_hp_gain":0.0,"max_hp_loss":0.0,"gold_gain":0.0,"event_name":"Masked Bandits","player_choice":"Fought Bandits","floor":19.0,"gold_loss":0.0,"damage_taken":0.0},{"damage_healed":0.0,"max_hp_gain":5.0,"max_hp_loss":0.0,"gold_gain":0.0,"event_name":"Forgotten Altar","player_choice":"Shed Blood","floor":27.0,"gold_loss":0.0,"damage_taken":18.0},{"damage_healed":0.0,"max_hp_gain":0.0,"max_hp_loss":0.0,"gold_gain":0.0,"event_name":"Back to Basics","player_choice":"Simplicity","floor":29.0,"gold_loss":0.0,"damage_taken":0.0,"cards_upgraded":[]},{"damage_healed":0.0,"max_hp_gain":0.0,"max_hp_loss":0.0,"gold_gain":0.0,"event_name":"Winding Halls","player_choice":"Embrace Madness","floor":37.0,"gold_loss":0.0,"damage_taken":10.0,"cards_obtained":["Madness","Madness"]},{"damage_healed":0.0,"max_hp_gain":0.0,"max_hp_loss":0.0,"gold_gain":0.0,"event_name":"Mysterious Sphere","player_choice":"Fight","floor":47.0,"gold_loss":0.0,"damage_taken":0.0}],"is_beta":false,"boss_relics":[{"not_picked":["Velvet Choker","Ectoplasm"],"picked":"Tiny House"},{"not_picked":["Fusion Hammer","Runic Pyramid"],"picked":"SacredBark"}],"items_purged_floors":[],"is_endless":false,"potions_floor_spawned":[1,8,10,18,19,31,33,42,47],"killed_by":"The Heart","ascension_level":1}}