{"host":"b0l902yh1rk3g5bq","time":1609902614,"event":{"mods":["AchievementEnabler","Act Like it!","Aspiration","BaseMod","Better Match","Better Sensory Stone","Better Skull","Better Third Choice","BetterRewards","Challenge The Spire","Colored Map","Colored Powertips","Conspire","Downfall","Energized Spire","GifTheSpireLib","Halation","Hubris","Infinite Spire","Minty Spire (QoL Compilation)","Quick Restart","Rare Cards Sparkle","Replay The Spire","StSLib","Stuff the Spire","Trackpad","Virulent Crown","Wandering Minibosses","egg","everything is the same but u backflip on backflip","vexMod"],"gold_per_floor":[114,134,7,7,20,55,55,80,80,80,113,113,142,175,175,298,298,315,79,79,79,178,211,211,241,267,303,338,371,399,399,399,501,501,501],"floor_reached":34,"playtime":1498,"items_purged":["Acrobatics","ReplayTheSpireMod:Speed Training"],"score":783,"play_id":"11f6a3c1-5aa1-48f8-a23a-4c0eb7dedbb2","local_time":"20210106041014","daily_mods":["Draft","Heirloom","Flight","DeadlyEvents","Elite Swarm"],"is_ascension_mode":true,"campfire_choices":[{"floor":7,"key":"REST"},{"data":"expansioncontent:Chronoboost","floor":10,"key":"SMITH"},{"data":"conspire:DoublingDagger","floor":10,"key":"SMITH"},{"floor":12,"key":"REST"},{"data":"Cloak And Dagger","floor":15,"key":"SMITH"},{"data":"After Image","floor":15,"key":"SMITH"},{"data":"Infinite Blades","floor":24,"key":"SMITH"},{"data":"Cloak And Dagger","floor":24,"key":"SMITH"},{"data":"Accuracy","floor":32,"key":"SMITH"},{"data":"Dodge and Roll","floor":32,"key":"SMITH"}],"circlet_count":0,"master_deck":["Poisoned Stab","Blade Dance","Poisoned Stab","Blade Dance","Dodge and Roll+1","Blade Dance","conspire:DoublingDagger+1","Cloak And Dagger+1","Blur","ReplayTheSpireMod:Shiv Toss","Deflect","Accuracy+1","Cloak And Dagger+1","Infinite Blades+1","expansioncontent:Chronoboost+1","After Image+1","Dodge and Roll+1","Infinite Blades","expansioncontent:DefensiveStance","infinitespire:Collect+1","A Thousand Cuts+1","Envenom+1","Adrenaline+1"],"relics":["Ring of the Snake","Replay:Arrowhead","trackpad:AdjectivePendant","aspiration:VileToxins","Toxic Egg 2","conspire:BottledYoYo","vexMod:ConsolationPrize","Pantograph","sneckomod:SneckoTalon","Ginger","Black Star","Golden Egg","infinitespire:BottledMercury","StuffTheSpire:Tea","trackpad:AncestralArmaments","Centennial Puzzle","Ornamental Fan","StuffTheSpire:RubySignet","StuffTheSpire:Wildfire","trackpad:ZombieHeart","Happy Flower","hubris:64BitClover","StuffTheSpire:EmeraldSignet","conspire:DeflatedDodgeball","Eternal Feather","vexMod:MysteryBossChallenge","sneckomod:SuperSneckoSoul"],"acts_visited":["Exordium","TheCity","TheBeyond"],"potions_floor_usage":[],"damage_taken":[{"damage":0,"enemies":"Cultist","floor":1,"turns":2},{"damage":7,"enemies":"Jaw Worm","floor":2,"turns":2},{"damage":0,"enemies":"2 Louse","floor":5,"turns":2},{"damage":27,"enemies":"3 Sentries","floor":6,"turns":5},{"damage":0,"enemies":"Lagavulin","floor":8,"turns":5},{"damage":15,"enemies":"3 Sentries","floor":11,"turns":5},{"damage":0,"enemies":"Lagavulin","floor":13,"turns":4},{"damage":8,"enemies":"3 Sentries","floor":14,"turns":6},{"damage":18,"enemies":"Slime Boss","floor":16,"turns":4},{"damage":4,"enemies":"2 Thieves","floor":18,"turns":4},{"damage":6,"enemies":"Slavers","floor":23,"turns":6},{"damage":0,"enemies":"Book of Stabbing","floor":25,"turns":4},{"damage":9,"enemies":"Gremlin Leader","floor":27,"turns":4},{"damage":0,"enemies":"Book of Stabbing","floor":28,"turns":5},{"damage":0,"enemies":"Gremlin Leader","floor":29,"turns":4},{"damage":0,"enemies":"Book of Stabbing","floor":30,"turns":4},{"damage":0,"enemies":"Automaton","floor":33,"turns":4}],"seed_played":"328815470646111634","potions_obtained":[{"floor":1,"key":"PowerPotion"},{"floor":11,"key":"EssenceOfSteel"},{"floor":13,"key":"Swift Potion"}],"is_trial":true,"path_per_floor":["M","M","$","?","M","E","R","E","T","R","E","R","E","E","R","B",null,"M","$","AVR","?","?","E","R","E","T","E","E","E","E","T","R","B",null],"character_chosen":"THE_SILENT","items_purchased":["Infinite Blades","expansioncontent:Chronoboost","Infinite Blades","expansioncontent:DefensiveStance"],"campfire_rested":2,"item_purchase_floors":[3,3,19,19],"current_hp_per_floor":[70,63,63,56,56,29,50,50,50,50,35,56,56,48,48,52,70,66,66,66,66,66,60,60,60,60,51,51,52,53,53,65,73,73,73],"gold":501,"neow_bonus":"","is_daily":false,"chose_seed":false,"campfire_upgraded":8,"win_rate":0.0,"timestamp":1609902614,"path_taken":["M","?","$","?","M","E","R","E","T","R","E","R","E","E","R","BOSS","M","$","AVR","?","?","E","R","E","T","E","E","E","E","?","R","BOSS"],"items_purchased_type":["Card","Card","Card","Card"],"build_version":"2020-12-22","purchased_purges":2,"victory":false,"max_hp_per_floor":[70,70,70,70,70,70,70,70,70,70,70,70,70,70,70,70,70,70,70,70,70,70,70,70,70,70,70,70,71,72,72,72,73,73,73],"card_choices":[{"not_picked":["PiercingWail","Slice"],"picked":"Poisoned Stab","floor":0},{"not_picked":["Quick Slash","StuffTheSpire:Injection"],"picked":"ReplayTheSpireMod:Speed Training","floor":0},{"not_picked":["ReplayTheSpireMod:The Works","Quick Slash"],"picked":"Blade Dance","floor":0},{"not_picked":["Catalyst","Quick Slash"],"picked":"Poisoned Stab","floor":0},{"not_picked":["All Out Attack","Deadly Poison"],"picked":"Blade Dance","floor":0},{"not_picked":["Flying Knee","Poisoned Stab"],"picked":"Dodge and Roll","floor":0},{"not_picked":["Dagger Throw","StuffTheSpire:ClusterCrunch"],"picked":"Prepared","floor":0},{"not_picked":["ReplayTheSpireMod:The Works","Dagger Spray"],"picked":"Blade Dance","floor":0},{"not_picked":["hubris:Sniper","Outmaneuver"],"picked":"Acrobatics","floor":0},{"not_picked":["Underhanded Strike","StuffTheSpire:Python"],"picked":"conspire:DoublingDagger","floor":0},{"not_picked":["Acrobatics","Dodge and Roll"],"picked":"Cloak And Dagger","floor":0},{"not_picked":["Sucker Punch","Flying Knee"],"picked":"Blur","floor":0},{"not_picked":["Deflect","StuffTheSpire:Injection"],"picked":"ReplayTheSpireMod:Shiv Toss","floor":0},{"not_picked":["Poisoned Stab","Flying Knee"],"picked":"Deflect","floor":0},{"not_picked":["Cloak And Dagger","Predator"],"picked":"Accuracy","floor":0},{"not_picked":["StuffTheSpire:BumpUp","ReplayTheSpireMod:Shiv Toss","Choke"],"picked":"SKIP","floor":1},{"not_picked":["Blade Dance","StuffTheSpire:ClusterCrunch"],"picked":"Cloak And Dagger","floor":2},{"not_picked":["Riddle With Holes","Prepared","Bane"],"picked":"SKIP","floor":5},{"not_picked":["Glass Knife","StuffTheSpire:FinalStruggle","Wraith Form v2"],"picked":"SKIP","floor":6},{"not_picked":["Night Terror","Replay:Bag of Tricks","StuffTheSpire:FinalStruggle"],"picked":"SKIP","floor":8},{"not_picked":["Grand Finale","Venomology+1","Glass Knife"],"picked":"SKIP","floor":11},{"not_picked":["Night Terror+1","Replay:Bag of Tricks+1"],"picked":"After Image","floor":13},{"not_picked":["Doppelganger+1","Glass Knife","StuffTheSpire:FinalStruggle"],"picked":"SKIP","floor":14},{"not_picked":["Replay:Poison Smokescreen+1","Concentrate+1"],"picked":"Dodge and Roll+1","floor":18},{"not_picked":["aspiration:Lunge","infinitespire:Neurotoxin+1","StuffTheSpire:FinalStruggle"],"picked":"SKIP","floor":23},{"not_picked":["Unload","Glass Knife","Venomology+1"],"picked":"SKIP","floor":25},{"not_picked":["StuffTheSpire:FinalStruggle","Wraith Form v2","aspiration:Lunge"],"picked":"SKIP","floor":27},{"not_picked":["ReplayTheSpireMod:Necrosis+1","Atom Bomb"],"picked":"A Thousand Cuts","floor":28},{"not_picked":["Replay:Bag of Tricks+1","Wraith Form v2"],"picked":"Envenom","floor":29},{"not_picked":["Corpse Explosion+1","Bullet Time+1"],"picked":"Adrenaline+1","floor":30}],"player_experience":621284,"relics_obtained":[{"floor":6,"key":"trackpad:AdjectivePendant"},{"floor":8,"key":"aspiration:VileToxins"},{"floor":9,"key":"Toxic Egg 2"},{"floor":11,"key":"conspire:BottledYoYo"},{"floor":13,"key":"vexMod:ConsolationPrize"},{"floor":14,"key":"Pantograph"},{"floor":23,"key":"Golden Egg"},{"floor":23,"key":"infinitespire:BottledMercury"},{"floor":25,"key":"StuffTheSpire:Tea"},{"floor":25,"key":"trackpad:AncestralArmaments"},{"floor":26,"key":"Centennial Puzzle"},{"floor":27,"key":"Ornamental Fan"},{"floor":27,"key":"StuffTheSpire:RubySignet"},{"floor":28,"key":"StuffTheSpire:Wildfire"},{"floor":28,"key":"trackpad:ZombieHeart"},{"floor":29,"key":"Happy Flower"},{"floor":29,"key":"hubris:64BitClover"},{"floor":30,"key":"StuffTheSpire:EmeraldSignet"},{"floor":30,"key":"conspire:DeflatedDodgeball"},{"floor":31,"key":"Eternal Feather"}],"event_choices":[{"cards_removed":["Prepared"],"damage_healed":0,"gold_gain":0,"player_choice":"Card Removal","damage_taken":7,"max_hp_gain":0,"max_hp_loss":0,"event_name":"Golden Wing","floor":4,"gold_loss":0},{"damage_healed":0,"gold_gain":99,"player_choice":"Steal","damage_taken":0,"max_hp_gain":0,"max_hp_loss":0,"event_name":"betterThird:BetterNest","floor":22,"gold_loss":0}],"is_beta":false,"boss_relics":[{"not_picked":["vexMod:FluxCapacitor","Painkiller Herb"],"picked":"sneckomod:SneckoTalon"},{"not_picked":["Runic Pyramid","halation:PinkAlligatorPlush"],"picked":"vexMod:MysteryBossChallenge"}],"items_purged_floors":[19,20],"is_endless":false,"potions_floor_spawned":[1,11,13,14,27,29],"ascension_level":1}}