{"host":"w3q5ijqu8eoknil3","time":1609899924,"event":{"mods":["AchievementEnabler","BaseMod","Block Reminder","Colored Map","Colored Powertips","Curses Come First","Minty Spire (QoL Compilation)","Quick Restart","Relic Stats","StSLib","ojb\u0027s Better Paths Mod","ojb\u0027s Info Mod","slay the spire mod where everything is the same but ironclad has a cowboy hat"],"gold_per_floor":[160,9,23,23,123,151,170,170,241,252,282,292,292,304,304,304,304],"floor_reached":16,"playtime":475,"items_purged":["Strike_G"],"score":207,"play_id":"61c49e8a-f1ca-489e-88ee-dae9c8d2bf3a","local_time":"20210106022524","is_ascension_mode":true,"campfire_choices":[{"data":"Terror","floor":8,"key":"SMITH"},{"floor":13,"key":"REST"},{"data":"Blade Dance","floor":15,"key":"SMITH"}],"circlet_count":0,"master_deck":["AscendersBane","Strike_G","Strike_G","Strike_G+1","Strike_G","Defend_G","Defend_G","Defend_G","Defend_G","Defend_G","Survivor","Neutralize","Sucker Punch","Terror+1","Poisoned Stab","PiercingWail","Acrobatics","Blade Dance+1","Blur","Choke","Dash","Caltrops+1","Expertise"],"relics":["Tiny House","Pantograph","Strawberry","Frozen Egg 2","Tingsha"],"acts_visited":["Exordium"],"potions_floor_usage":[6,11,11],"damage_taken":[{"damage":4,"enemies":"Cultist","floor":1,"turns":4},{"damage":1,"enemies":"Jaw Worm","floor":3,"turns":6},{"damage":36,"enemies":"Gremlin Nob","floor":6,"turns":6},{"damage":2,"enemies":"2 Louse","floor":7,"turns":3},{"damage":6,"enemies":"Red Slaver","floor":10,"turns":3},{"damage":17,"enemies":"Lagavulin","floor":11,"turns":5},{"damage":2,"enemies":"Looter","floor":12,"turns":3},{"damage":1,"enemies":"2 Fungi Beasts","floor":14,"turns":3},{"damage":51,"enemies":"Slime Boss","floor":16,"turns":10}],"seed_played":"-3671124618805352876","potions_obtained":[{"floor":0,"key":"EssenceOfSteel"},{"floor":1,"key":"Energy Potion"},{"floor":10,"key":"AttackPotion"}],"is_trial":false,"path_per_floor":["M","$","M","T","?","E","M","R","T","M","E","M","R","M","R","B"],"character_chosen":"THE_SILENT","items_purchased":["Poisoned Stab","PiercingWail"],"campfire_rested":1,"item_purchase_floors":[2,2],"current_hp_per_floor":[60,60,59,59,59,30,28,28,28,22,5,3,26,25,25,0,0],"gold":304,"neow_bonus":"BOSS_RELIC","is_daily":false,"chose_seed":false,"campfire_upgraded":2,"win_rate":0.0,"timestamp":1609899924,"path_taken":["M","$","M","?","?","E","M","R","T","M","E","M","R","?","R","BOSS"],"items_purchased_type":["Card","Card"],"build_version":"2020-12-22","purchased_purges":1,"victory":false,"max_hp_per_floor":[71,71,71,71,71,78,78,78,78,78,78,78,78,78,78,78,78],"relic_stats":{"counters":[9,43],"Pantograph":25,"Tingsha":[9],"obtain_stats":[{"Tiny House":0,"Pantograph":4,"Strawberry":6,"Tingsha":11,"Frozen Egg 2":9,"Ring of the Snake":0},{"Tiny House":0,"Pantograph":2,"Strawberry":3,"Tingsha":6,"Frozen Egg 2":4,"Ring of the Snake":0},{"Tiny House":0,"Pantograph":10,"Strawberry":16,"Tingsha":27,"Frozen Egg 2":19,"Ring of the Snake":0}]},"card_choices":[{"not_picked":["Flechettes","Backflip"],"picked":"Sucker Punch","floor":0},{"not_picked":["Sucker Punch","A Thousand Cuts"],"picked":"Terror","floor":1},{"not_picked":["Outmaneuver","Dagger Throw"],"picked":"Acrobatics","floor":3},{"not_picked":["Prepared","Terror"],"picked":"Blade Dance","floor":6},{"not_picked":["Escape Plan","Underhanded Strike"],"picked":"Blur","floor":7},{"not_picked":["Dagger Throw","PiercingWail"],"picked":"Choke","floor":10},{"not_picked":["Blade Dance","Backstab"],"picked":"Dash","floor":11},{"not_picked":["Deadly Poison","Prepared"],"picked":"Caltrops+1","floor":12},{"not_picked":["Dodge and Roll","Prepared"],"picked":"Expertise","floor":14}],"player_experience":946069,"relics_obtained":[{"floor":4,"key":"Pantograph"},{"floor":6,"key":"Strawberry"},{"floor":9,"key":"Frozen Egg 2"},{"floor":11,"key":"Tingsha"}],"event_choices":[{"damage_healed":0,"gold_gain":100,"player_choice":"Gold","damage_taken":0,"max_hp_gain":0,"max_hp_loss":0,"event_name":"Wheel of Change","floor":5,"gold_loss":0}],"is_beta":false,"boss_relics":[],"items_purged_floors":[2],"is_endless":false,"potions_floor_spawned":[1,10],"killed_by":"Slime Boss","ascension_level":17}}