{"host":"69bxgjr0sv0a6xc4","time":1609959155,"event":{"mods":["Act Like it!","BaseMod","Better Altar","Better Match","Better Note","Better Sensory Stone","Better Skull","Better Third Choice","BetterRewards","DeckTracker","Friendly Minions","Jorbs\u0027s Wanderer Trilogy","Lobotomy","LobotomyExtend","Minty Spire (QoL Compilation)","Relic Stats","Spicy Shops","StSLib","The Bladedancer","Unceasing Turn Reminder"],"gold_per_floor":[278,290,290,302,316,316,341,341,341,369,194,205,205,238,238,313,313,324,324,324],"floor_reached":19,"playtime":1864,"items_purged":["Strike_G","Strike_G"],"score":327,"play_id":"55e1c765-96f1-4592-9cdd-ace422b68d86","local_time":"20210106195235","is_ascension_mode":true,"campfire_choices":[{"data":"Noxious Fumes","floor":6,"key":"SMITH"},{"data":"Poisoned Stab","floor":8,"key":"SMITH"},{"data":"Catalyst","floor":15,"key":"SMITH"}],"circlet_count":0,"master_deck":["AscendersBane","Strike_G","Strike_G","Strike_G+1","Defend_G","Defend_G","Defend_G","Defend_G","Defend_G","Survivor","Neutralize","Poisoned Stab+1","FairyFestival","Poisoned Stab+1","MeatLantern","Noxious Fumes+1","SpiderBud","Catalyst+1","CherryBlossoms","SnowQueen"],"relics":["Ring of the Snake","CogitoBucket","LetterFromLob","White Beast Statue","Frozen Egg 2","Sundial","Whetstone","Cursed Key"],"acts_visited":["Exordium","TheCity"],"potions_floor_usage":[4,12,12,16],"damage_taken":[{"damage":0,"enemies":"Cultist","floor":1,"turns":4},{"damage":1,"enemies":"2 Louse","floor":2,"turns":3},{"damage":4,"enemies":"Small Slimes","floor":4,"turns":4},{"damage":1,"enemies":"Red Slaver","floor":5,"turns":4},{"damage":7,"enemies":"3 Sentries","floor":7,"turns":6},{"damage":37,"enemies":"Gremlin Nob","floor":10,"turns":5},{"damage":11,"enemies":"2 Fungi Beasts","floor":12,"turns":7},{"damage":27,"enemies":"3 Sentries","floor":14,"turns":16},{"damage":2,"enemies":"Hexaghost","floor":16,"turns":7},{"damage":16,"enemies":"Chosen","floor":18,"turns":7},{"damage":50,"enemies":"3 Byrds","floor":19,"turns":2}],"seed_played":"7942449226831760549","potions_obtained":[{"floor":1,"key":"BlessingOfTheForge"},{"floor":7,"key":"Ancient Potion"},{"floor":10,"key":"FearPotion"},{"floor":12,"key":"SteroidPotion"},{"floor":14,"key":"Explosive Potion"},{"floor":16,"key":"LiquidBronze"}],"is_trial":false,"path_per_floor":["M","M","?","M","M","R","E","R","T","E","$","M","?","E","R","B",null,"M","M"],"character_chosen":"THE_SILENT","items_purchased":[],"campfire_rested":0,"item_purchase_floors":[],"current_hp_per_floor":[59,58,58,56,60,60,60,60,60,28,28,26,34,27,27,32,58,42,0,0],"gold":324,"neow_bonus":"","is_daily":false,"chose_seed":false,"campfire_upgraded":3,"win_rate":0.0,"timestamp":1609959155,"path_taken":["M","?","?","M","M","R","E","R","T","E","$","M","?","E","R","BOSS","M","M"],"items_purchased_type":[],"build_version":"2020-12-22","purchased_purges":2,"victory":false,"max_hp_per_floor":[66,66,66,66,66,66,66,66,66,66,66,66,66,66,66,66,66,66,66,66],"relic_stats":{"counters":[12,66],"Sundial":[6],"Whetstone":["Poisoned Stab","Strike_G"],"Cursed Key":0,"obtain_stats":[{"CogitoBucket":0,"Sundial":10,"LetterFromLob":1,"Whetstone":14,"Frozen Egg 2":9,"Cursed Key":17,"White Beast Statue":7,"Ring of the Snake":0},{"CogitoBucket":0,"Sundial":6,"LetterFromLob":1,"Whetstone":9,"Frozen Egg 2":5,"Cursed Key":10,"White Beast Statue":5,"Ring of the Snake":0},{"CogitoBucket":0,"Sundial":26,"LetterFromLob":4,"Whetstone":50,"Frozen Egg 2":21,"Cursed Key":57,"White Beast Statue":21,"Ring of the Snake":0}],"Ring of the Snake":[24]},"card_choices":[{"not_picked":["Quick Slash","Dash"],"picked":"Poisoned Stab","floor":1},{"not_picked":["NakedNest","LongBird"],"picked":"FairyFestival","floor":2},{"not_picked":["Underhanded Strike","Dodge and Roll"],"picked":"Poisoned Stab","floor":2},{"not_picked":["GreedKing","SpiderBud"],"picked":"MeatLantern","floor":4},{"not_picked":["Deflect","Dodge and Roll"],"picked":"Noxious Fumes","floor":4},{"not_picked":["PiercingWail","Eviscerate","Outmaneuver"],"picked":"SKIP","floor":5},{"not_picked":["Slice","Die Die Die","Cloak And Dagger"],"picked":"SKIP","floor":7},{"not_picked":["Rudolta","Bloodbath"],"picked":"SpiderBud","floor":10},{"not_picked":["Distraction","Well Laid Plans+1"],"picked":"Catalyst","floor":10},{"not_picked":["BeautyBeast","OldLady"],"picked":"CherryBlossoms","floor":12},{"not_picked":["Underhanded Strike","Blade Dance","Acrobatics"],"picked":"SKIP","floor":12},{"not_picked":["Porccubus","Variant"],"picked":"SnowQueen","floor":14},{"not_picked":["Escape Plan","Blade Dance","Eviscerate"],"picked":"SKIP","floor":14},{"not_picked":["Masterful Stab","Bouncing Flask","Calculated Gamble"],"picked":"SKIP","floor":18}],"player_experience":861802,"relics_obtained":[{"floor":1,"key":"LetterFromLob"},{"floor":7,"key":"White Beast Statue"},{"floor":9,"key":"Frozen Egg 2"},{"floor":10,"key":"Sundial"},{"floor":14,"key":"Whetstone"}],"event_choices":[{"damage_healed":58,"gold_gain":0,"player_choice":"Leave","damage_taken":0,"max_hp_gain":0,"max_hp_loss":66,"event_name":"betterThird:BetterShining","floor":3,"gold_loss":0}],"is_beta":false,"boss_relics":[{"not_picked":["Runic Dome","Velvet Choker"],"picked":"Cursed Key"}],"items_purged_floors":[11,11],"is_endless":false,"potions_floor_spawned":[1,7,10,12,14,16,18],"killed_by":"3 Byrds","ascension_level":15}}