{"host":"chewie","time":1609971498,"event":{"mods":["AchievementEnabler","BaseMod","Bestiary","Colored Map","Keyboard Shortcuts","Minty Spire (QoL Compilation)","Relic Stats","StSLib"],"gold_per_floor":[211,211,211,211,59,59,79,108,108,135,147,147,147,170,170,263,263,282,197,197,220,220,220,238,273,273,312,327,340,383,401,401,494,494,515,115,128,128,196,235,235,256,282,282,325,352,386,410,410,410,410,410,410,6,41,41],"floor_reached":57,"playtime":5157,"items_purged":["Regret","Strike_G"],"score":3316,"play_id":"fd38055f-fe41-49e0-9c9f-47033d4e8ee8","local_time":"20210106231818","is_ascension_mode":true,"campfire_choices":[{"data":"Cloak And Dagger","floor":6.0,"key":"SMITH"},{"floor":13.0,"key":"REST"},{"data":"Phantasmal Killer","floor":15.0,"key":"SMITH"},{"data":"Ghostly","floor":23.0,"key":"SMITH"},{"data":"Ghostly","floor":32.0,"key":"SMITH"},{"data":"1","floor":41,"key":"LIFT"},{"data":"2","floor":44,"key":"LIFT"},{"floor":49,"key":"RECALL"},{"data":"3","floor":53,"key":"LIFT"}],"circlet_count":0,"master_deck":["AscendersBane","Strike_G","Strike_G","Strike_G","Strike_G","Defend_G","Defend_G","Defend_G","Defend_G","Defend_G","Survivor","Neutralize","Cloak And Dagger+1","Phantasmal Killer+1","Dagger Throw","Corpse Explosion","Accuracy+1","Deflect","Tools of the Trade+1","Adrenaline","Backflip","Ghostly+1","Ghostly+1","Ghostly","Blade Dance","Accuracy+1","Calculated Gamble+1","Expertise+1","Cloak And Dagger+1","Malaise+1","Venomology+1","CurseOfTheBell","Backflip+1","PanicButton+1","Footwork+1","Backflip+1","Madness+1","Madness+1","Escape Plan+1","Blade Dance+1","Cloak And Dagger+1","Terror+1","Prepared+1","Master of Strategy+1","PanicButton+1","Well Laid Plans+1","Backflip+1"],"relics":["Ring of the Snake","Frozen Egg 2","InkBottle","Kunai","Sundial","Boot","Golden Idol","Philosopher\u0027s Stone","Mercury Hourglass","Ninja Scroll","Gambling Chip","Bird Faced Urn","Toxic Egg 2","Calipers","Calling Bell","Centennial Puzzle","Ornamental Fan","Pocketwatch","Chemical X","Girya","Art of War","Blood Vial","Tough Bandages","Bag of Marbles"],"acts_visited":["Exordium","TheCity","TheBeyond","TheEnding"],"potions_floor_usage":[39,40,42,45,47,50,51,55,56],"damage_taken":[{"damage":0.0,"enemies":"2 Louse","floor":1.0,"turns":3.0},{"damage":0.0,"enemies":"Small Slimes","floor":7.0,"turns":4.0},{"damage":27.0,"enemies":"Gremlin Nob","floor":8.0,"turns":4.0},{"damage":16.0,"enemies":"3 Sentries","floor":10.0,"turns":3.0},{"damage":0.0,"enemies":"Cultist","floor":11.0,"turns":3.0},{"damage":0.0,"enemies":"2 Fungi Beasts","floor":14.0,"turns":3.0},{"damage":10.0,"enemies":"The Guardian","floor":16.0,"turns":9.0},{"damage":0.0,"enemies":"3 Byrds","floor":18.0,"turns":2.0},{"damage":0.0,"enemies":"Chosen","floor":21.0,"turns":6.0},{"damage":4.0,"enemies":"Centurion and Healer","floor":24.0,"turns":8.0},{"damage":0.0,"enemies":"Slavers","floor":25.0,"turns":2.0},{"damage":0.0,"enemies":"Gremlin Leader","floor":27.0,"turns":3.0},{"damage":0.0,"enemies":"Shelled Parasite and Fungi","floor":28.0,"turns":3.0},{"damage":0.0,"enemies":"3 Cultists","floor":29.0,"turns":2.0},{"damage":0.0,"enemies":"Book of Stabbing","floor":30.0,"turns":4.0},{"damage":0.0,"enemies":"Snake Plant","floor":31.0,"turns":3.0},{"damage":4.0,"enemies":"Automaton","floor":33.0,"turns":8.0},{"damage":0.0,"enemies":"3 Darklings","floor":35.0,"turns":2.0},{"damage":0.0,"enemies":"3 Shapes","floor":37.0,"turns":2.0},{"damage":0,"enemies":"2 Orb Walkers","floor":39,"turns":3},{"damage":0,"enemies":"Nemesis","floor":40,"turns":5},{"damage":0,"enemies":"Writhing Mass","floor":42,"turns":4},{"damage":0,"enemies":"Giant Head","floor":45,"turns":4},{"damage":0,"enemies":"Nemesis","floor":47,"turns":3},{"damage":0,"enemies":"Spire Growth","floor":48,"turns":2},{"damage":9,"enemies":"Time Eater","floor":50,"turns":10},{"damage":0,"enemies":"Awakened One","floor":51,"turns":7},{"damage":0,"enemies":"Shield and Spear","floor":55,"turns":2},{"damage":6,"enemies":"The Heart","floor":56,"turns":9}],"seed_played":"-2695137886013564928","potions_obtained":[{"floor":4.0,"key":"Weak Potion"},{"floor":4.0,"key":"Dexterity Potion"},{"floor":10.0,"key":"CunningPotion"},{"floor":11.0,"key":"SteroidPotion"},{"floor":16.0,"key":"Block Potion"},{"floor":21.0,"key":"Fruit Juice"},{"floor":24.0,"key":"ColorlessPotion"},{"floor":31.0,"key":"LiquidMemories"},{"floor":37.0,"key":"DuplicationPotion"},{"floor":42,"key":"Energy Potion"}],"is_trial":false,"path_per_floor":["M","?","?","?","$","R","M","E","T","E","M","?","R","M","R","B",null,"M","?","?","M","?","R","M","E","T","E","M","M","E","M","R","B",null,"M","$","M","?","?","E","R","M","T","R","E","T","E","M","R","B","B",null,"R","$","E","B",null],"character_chosen":"THE_SILENT","items_purchased":["Phantasmal Killer","Chemical X","PanicButton+1","Footwork+1","Master of Strategy+1","PanicButton+1","Well Laid Plans+1","PowerPotion"],"campfire_rested":1,"item_purchase_floors":[5,36,36,36,54,54,54,54],"current_hp_per_floor":[59,48,48,48,48,48,48,21,21,5,5,5,23,23,23,13,48,48,48,30,30,30,30,26,26,26,30,30,30,30,30,30,26,29,30,30,30,25,30,30,30,30,30,30,30,30,30,30,30,21,30,30,30,30,30,28],"gold":41,"neow_bonus":"HUNDRED_GOLD","is_daily":false,"chose_seed":false,"campfire_upgraded":4,"win_rate":0.0,"timestamp":1609971498,"path_taken":["M","?","?","?","$","R","M","E","T","E","?","?","R","M","R","BOSS","M","?","?","M","?","R","M","E","T","E","M","M","E","M","R","BOSS","M","$","?","?","?","E","R","M","T","R","E","?","E","M","R","BOSS","BOSS","R","$","E","BOSS"],"items_purchased_type":["Card","Relic","Card","Card","Card","Card","Card","Potion"],"build_version":"2020-12-18","purchased_purges":2,"victory":true,"max_hp_per_floor":[66,66,66,66,66,66,66,66,66,66,66,60,60,60,60,60,60,60,60,30,30,30,30,30,30,30,30,30,30,30,30,30,30,30,30,30,30,30,30,30,30,30,30,30,30,30,30,30,30,30,30,30,30,30,30,30],"relic_stats":{"counters":[29,123],"Golden Idol":209,"Boot":[99],"Mercury Hourglass":[361],"Blood Vial":2,"Centennial Puzzle":[6],"Tough Bandages":[249],"Sundial":[16],"Ornamental Fan":[232],"Gambling Chip":[68],"Bird Faced Urn":[21],"Art of War":[7],"Kunai":[98],"Chemical X":[7],"obtain_stats":[{"Girya":39,"Calipers":30,"Golden Idol":12,"Frozen Egg 2":2,"Boot":10,"Mercury Hourglass":19,"Calling Bell":34,"Blood Vial":46,"Centennial Puzzle":34,"Tough Bandages":47,"Sundial":9,"Ninja Scroll":22,"Ornamental Fan":34,"Gambling Chip":25,"Bird Faced Urn":26,"Philosopher\u0027s Stone":17,"Art of War":45,"Bag of Marbles":55,"Kunai":8,"Chemical X":36,"Toxic Egg 2":27,"InkBottle":3,"Ring of the Snake":0,"Pocketwatch":34},{"Girya":20,"Calipers":15,"Golden Idol":5,"Frozen Egg 2":1,"Boot":4,"Mercury Hourglass":8,"Calling Bell":17,"Blood Vial":23,"Centennial Puzzle":17,"Tough Bandages":24,"Sundial":3,"Ninja Scroll":9,"Ornamental Fan":17,"Gambling Chip":11,"Bird Faced Urn":11,"Philosopher\u0027s Stone":7,"Art of War":23,"Bag of Marbles":28,"Kunai":3,"Chemical X":18,"Toxic Egg 2":12,"InkBottle":1,"Ring of the Snake":0,"Pocketwatch":17},{"Girya":77,"Calipers":59,"Golden Idol":17,"Frozen Egg 2":3,"Boot":14,"Mercury Hourglass":31,"Calling Bell":70,"Blood Vial":90,"Centennial Puzzle":70,"Tough Bandages":93,"Sundial":11,"Ninja Scroll":37,"Ornamental Fan":70,"Gambling Chip":47,"Bird Faced Urn":47,"Philosopher\u0027s Stone":29,"Art of War":90,"Bag of Marbles":114,"Kunai":11,"Chemical X":72,"Toxic Egg 2":50,"InkBottle":3,"Ring of the Snake":0,"Pocketwatch":70}],"InkBottle":[89],"Ring of the Snake":[58],"Pocketwatch":[11]},"card_choices":[{"not_picked":["Outmaneuver","Slice"],"picked":"Cloak And Dagger","floor":1.0},{"not_picked":["Dodge and Roll","Backflip"],"picked":"Dagger Throw","floor":7.0},{"not_picked":["Backflip","Calculated Gamble"],"picked":"Corpse Explosion","floor":8.0},{"not_picked":["Poisoned Stab","Crippling Poison"],"picked":"Accuracy+1","floor":10.0},{"not_picked":["Quick Slash","PiercingWail"],"picked":"Deflect","floor":11.0},{"not_picked":["Outmaneuver","Flying Knee"],"picked":"Tools of the Trade+1","floor":14.0},{"not_picked":["A Thousand Cuts+1","Venomology"],"picked":"Adrenaline","floor":16.0},{"not_picked":["Poisoned Stab","Crippling Poison"],"picked":"Backflip","floor":18.0},{"not_picked":["Concentrate","Flechettes","Bane"],"picked":"SKIP","floor":21.0},{"not_picked":["Blur","Dagger Throw+1"],"picked":"Blade Dance","floor":24.0},{"not_picked":["Flechettes","Infinite Blades+1"],"picked":"Accuracy+1","floor":25.0},{"not_picked":["Crippling Poison+1","Caltrops+1"],"picked":"Calculated Gamble+1","floor":27.0},{"not_picked":["Choke","Distraction+1"],"picked":"Expertise+1","floor":28.0},{"not_picked":["All Out Attack","Caltrops+1"],"picked":"Cloak And Dagger+1","floor":29.0},{"not_picked":["Backflip+1","Distraction+1"],"picked":"Malaise+1","floor":30.0},{"not_picked":["Heel Hook+1","Flechettes","Flying Knee"],"picked":"SKIP","floor":31.0},{"not_picked":["Grand Finale","Envenom+1"],"picked":"Venomology+1","floor":33.0},{"not_picked":["Masterful Stab+1","Bane"],"picked":"Backflip+1","floor":35.0},{"not_picked":["Flechettes+1","Poisoned Stab+1"],"picked":"Backflip+1","floor":37.0},{"not_picked":["Caltrops+1","Skewer"],"picked":"Escape Plan+1","floor":39},{"not_picked":["Dagger Throw","Poisoned Stab"],"picked":"Blade Dance+1","floor":40},{"not_picked":["Prepared+1","PiercingWail+1"],"picked":"Cloak And Dagger+1","floor":42},{"not_picked":["Dagger Spray","Infinite Blades+1","Storm of Steel+1"],"picked":"SKIP","floor":45},{"not_picked":["Blade Dance+1","Flechettes+1"],"picked":"Terror+1","floor":47},{"not_picked":["Deflect+1","Eviscerate+1"],"picked":"Prepared+1","floor":48},{"not_picked":["Acrobatics+1","Sucker Punch"],"picked":"Backflip+1","floor":55}],"player_experience":1189141,"relics_obtained":[{"floor":8.0,"key":"Kunai"},{"floor":9.0,"key":"Sundial"},{"floor":10.0,"key":"Boot"},{"floor":25.0,"key":"Gambling Chip"},{"floor":26.0,"key":"Bird Faced Urn"},{"floor":27.0,"key":"Toxic Egg 2"},{"floor":30.0,"key":"Calipers"},{"floor":34.0,"key":"Centennial Puzzle"},{"floor":34.0,"key":"Ornamental Fan"},{"floor":34.0,"key":"Pocketwatch"},{"floor":39,"key":"Girya"},{"floor":45,"key":"Art of War"},{"floor":46,"key":"Blood Vial"},{"floor":47,"key":"Tough Bandages"},{"floor":55,"key":"Bag of Marbles"}],"event_choices":[{"damage_healed":0.0,"max_hp_gain":0.0,"max_hp_loss":0.0,"gold_gain":0.0,"event_name":"Scrap Ooze","player_choice":"Success","floor":2.0,"gold_loss":0.0,"damage_taken":11.0,"relics_obtained":["Frozen Egg 2"]},{"damage_healed":0.0,"max_hp_gain":0.0,"max_hp_loss":0.0,"gold_gain":0.0,"event_name":"Big Fish","player_choice":"Box","floor":3.0,"gold_loss":0.0,"damage_taken":0.0,"relics_obtained":["InkBottle"],"cards_obtained":["Regret"]},{"damage_healed":0.0,"max_hp_gain":0.0,"max_hp_loss":0.0,"gold_gain":0.0,"event_name":"Lab","player_choice":"Got Potions","floor":4.0,"gold_loss":0.0,"damage_taken":0.0},{"damage_healed":0.0,"max_hp_gain":0.0,"max_hp_loss":6.0,"gold_gain":0.0,"event_name":"Golden Idol","player_choice":"Lose Max HP","floor":12.0,"gold_loss":0.0,"damage_taken":0.0,"relics_obtained":["Golden Idol"]},{"damage_healed":0.0,"max_hp_gain":0.0,"max_hp_loss":0.0,"gold_gain":0.0,"event_name":"Addict","player_choice":"Obtained Relic","floor":19.0,"gold_loss":85.0,"damage_taken":0.0,"relics_obtained":["Mercury Hourglass"]},{"damage_healed":0.0,"max_hp_gain":0.0,"max_hp_loss":30.0,"gold_gain":0.0,"event_name":"Ghosts","player_choice":"Became a Ghost","floor":20.0,"gold_loss":0.0,"damage_taken":0.0,"cards_obtained":["Ghostly","Ghostly","Ghostly"]},{"damage_healed":0.0,"max_hp_gain":0.0,"max_hp_loss":0.0,"gold_gain":0.0,"event_name":"WeMeetAgain","player_choice":"Gave Potion","floor":22.0,"gold_loss":0.0,"damage_taken":0.0,"relics_obtained":["Ninja Scroll"]},{"damage_healed":0.0,"max_hp_gain":0.0,"max_hp_loss":0.0,"gold_gain":0.0,"event_name":"Winding Halls","player_choice":"Embrace Madness","floor":38.0,"gold_loss":0.0,"damage_taken":5.0,"cards_obtained":["Madness","Madness"]},{"damage_healed":0,"gold_gain":0,"player_choice":"Fight","damage_taken":0,"max_hp_gain":0,"max_hp_loss":0,"event_name":"Mysterious Sphere","floor":39,"gold_loss":0}],"is_beta":true,"boss_relics":[{"not_picked":["Empty Cage","Busted Crown"],"picked":"Philosopher\u0027s Stone"},{"not_picked":["SacredBark","Tiny House"],"picked":"Calling Bell"}],"items_purged_floors":[5,36],"is_endless":false,"potions_floor_spawned":[10,11,16,21,24,28,31,33,37,40,42,47,55],"ascension_level":20}}