{"host":"95i1gxnztdrdyvhi","time":1609913275,"event":{"mods":["100% Spire Juice","AchievementEnabler","Act Like it!","BaseMod","Minty Spire (QoL Compilation)","Quick Restart","StSLib"],"gold_per_floor":[129,145,3,17,30,30,30,61,84,84,23,23,41,69,69,167,167,185,65,85,95,95,124,55,55,55],"floor_reached":25,"playtime":1361,"items_purged":[],"score":281,"play_id":"74c539bf-9eea-4540-9fe8-521855862aa0","local_time":"20210106060755","is_ascension_mode":false,"campfire_choices":[{"data":"Moonworks:BackdoorTrade","floor":6,"key":"SMITH"},{"data":"Moonworks:AnotherUltimateWeapon","floor":10,"key":"SMITH"},{"data":"Moonworks:ExtendedPhotonRifle","floor":12,"key":"SMITH"},{"data":"Moonworks:Blazing","floor":15,"key":"SMITH"}],"circlet_count":0,"master_deck":["Moonworks:Strike","Moonworks:Strike","Moonworks:Strike","Moonworks:Defend","Moonworks:Defend","Moonworks:Defend","Moonworks:Defend","Moonworks:Ambush","Moonworks:LongDistanceShot","Moonworks:IndiscriminateFireSupport","Moonworks:Blazing+1","Moonworks:BackdoorTrade+1","Moonworks:ExtendedPhotonRifle+1","Moonworks:AnotherUltimateWeapon+1","Moonworks:ShieldCounter","Moonworks:CookingTime","Moonworks:PlushieMaster"],"relics":["Moonworks:BrokenBomb","Moonworks:Homemark","Oddly Smooth Stone","Potion Belt","Unceasing Top","Dream Catcher"],"acts_visited":["Exordium","TheCity"],"potions_floor_usage":[14,16,17],"damage_taken":[{"damage":0,"enemies":"Jaw Worm","floor":1,"turns":3},{"damage":0,"enemies":"Small Slimes","floor":2,"turns":4},{"damage":0,"enemies":"2 Louse","floor":4,"turns":1},{"damage":0,"enemies":"Exordium Thugs","floor":5,"turns":3},{"damage":0,"enemies":"Lagavulin","floor":8,"turns":4},{"damage":14,"enemies":"Gremlin Nob","floor":11,"turns":3},{"damage":5,"enemies":"Red Slaver","floor":13,"turns":3},{"damage":0,"enemies":"Gremlin Nob","floor":14,"turns":2},{"damage":12,"enemies":"The Guardian","floor":16,"turns":5},{"damage":8,"enemies":"Shell Parasite","floor":18,"turns":7},{"damage":21,"enemies":"Spheric Guardian","floor":20,"turns":5},{"damage":0,"enemies":"Snecko","floor":21,"turns":3},{"damage":49,"enemies":"Book of Stabbing","floor":23,"turns":5},{"damage":0,"enemies":"Gremlin Leader","floor":25,"turns":2}],"seed_played":"7853704119207656894","potions_obtained":[{"floor":8,"key":"BlessingOfTheForge"},{"floor":11,"key":"Energy Potion"},{"floor":13,"key":"Weak Potion"},{"floor":16,"key":"Fruit Juice"},{"floor":18,"key":"Fire Potion"},{"floor":20,"key":"EssenceOfSteel"}],"is_trial":false,"path_per_floor":["M","M","$","M","M","R","?","E","T","R","?","R","M","E","R","B",null,"M","$","M","M","?","E","$","E"],"character_chosen":"THE_STARBREAKER","items_purchased":["Moonworks:Blazing","Moonworks:PlushieMaster"],"campfire_rested":0,"item_purchase_floors":[3,24],"current_hp_per_floor":[42,42,42,42,42,42,35,35,35,35,21,21,16,16,16,4,65,57,57,42,48,48,5,5,5,5],"gold":55,"neow_bonus":"TWO_FIFTY_GOLD","is_daily":false,"chose_seed":false,"campfire_upgraded":4,"win_rate":0.0,"timestamp":1609913275,"path_taken":["M","M","$","M","M","R","?","E","T","R","?","R","M","E","R","BOSS","M","$","M","M","?","E","?","E"],"items_purchased_type":["Card","Card"],"build_version":"2020-12-22","purchased_purges":0,"victory":false,"max_hp_per_floor":[60,60,60,60,60,60,60,60,60,60,60,60,60,60,60,60,65,65,65,65,65,65,65,65,65,65],"card_choices":[{"not_picked":["Moonworks:EvilSpyWorkPreparation","Moonworks:Bloodlust","Moonworks:Assault"],"picked":"SKIP","floor":1},{"not_picked":["Moonworks:MiracleWalker","Moonworks:CloudOfSeagulls"],"picked":"Moonworks:IndiscriminateFireSupport","floor":2},{"not_picked":["Moonworks:LuckyCharm","Moonworks:WindyEnchantment"],"picked":"Moonworks:BackdoorTrade","floor":4},{"not_picked":["Moonworks:MixPhenomenon","Moonworks:ImOnFire"],"picked":"Moonworks:ExtendedPhotonRifle","floor":5},{"not_picked":["Moonworks:Assault","Moonworks:EvilSpyWorkPreparation"],"picked":"Moonworks:AnotherUltimateWeapon","floor":8},{"not_picked":["Moonworks:JonathanRush","Moonworks:Bloodlust","Moonworks:IntelligenceOfficer"],"picked":"SKIP","floor":13},{"not_picked":["Moonworks:TacticalRetreat","Moonworks:WindyEnchantment","Moonworks:RagingMadness"],"picked":"SKIP","floor":14},{"not_picked":["Moonworks:Blazing","Moonworks:WeAreWaruda"],"picked":"Moonworks:ShieldCounter","floor":16},{"not_picked":["Moonworks:LulusLuckyEgg","Moonworks:Assault+1"],"picked":"Moonworks:CookingTime","floor":18},{"not_picked":["Moonworks:ReproductionOfRecords","Moonworks:BigMagnum","Moonworks:NicePresent+1"],"picked":"SKIP","floor":20},{"not_picked":["Moonworks:FullSpeedAlicianrone+1","Moonworks:IndiscriminateFireSupport+1","Moonworks:LulusLuckyEgg"],"picked":"SKIP","floor":21},{"not_picked":["Moonworks:StarBlastingFuse","Moonworks:DeployBits","Moonworks:WindyEnchantment"],"picked":"SKIP","floor":23}],"player_experience":624708,"relics_obtained":[{"floor":8,"key":"Oddly Smooth Stone"},{"floor":11,"key":"Potion Belt"},{"floor":14,"key":"Unceasing Top"},{"floor":23,"key":"Dream Catcher"}],"event_choices":[{"cards_removed":["Moonworks:Strike"],"damage_healed":0,"gold_gain":0,"player_choice":"Card Removal","damage_taken":7,"max_hp_gain":0,"max_hp_loss":0,"event_name":"Golden Wing","floor":7,"gold_loss":0},{"damage_healed":0,"gold_gain":30,"player_choice":"Searched \u00272\u0027 times","damage_taken":0,"max_hp_gain":0,"max_hp_loss":0,"event_name":"Dead Adventurer","floor":11,"gold_loss":0},{"damage_healed":0,"gold_gain":0,"player_choice":"0 cards matched","damage_taken":0,"max_hp_gain":0,"max_hp_loss":0,"event_name":"Match and Keep!","floor":22,"gold_loss":0,"cards_obtained":[]}],"is_beta":false,"boss_relics":[{"not_picked":["Busted Crown","Pandora\u0027s Box","Fusion Hammer"]}],"items_purged_floors":[],"is_endless":false,"potions_floor_spawned":[8,11,13,16,18,20],"killed_by":"Gremlin Leader","ascension_level":0}}