{"host":"2ifzph3yvi2kkz1c","time":1609909763,"event":{"mods":["BaseMod","BetterRewards","Minty Spire (QoL Compilation)","Permanent Neow","Replay The Spire","StSLib","The Bug Knight","vexMod"],"gold_per_floor":[119,139,139,139,159,190,190,190,190,203,214,102,129,154,154,253,253,264,363,22,55,55,118,118,171,217,280,280,329,329,378,378,509,509,527,603,60,113,113,170,209,244,269,269,312,338,386,442,442,456],"floor_reached":51,"playtime":3504,"items_purged":["Languid","HollowMod:NailStrikeStart","HollowMod:NailStrikeStart"],"score":972,"play_id":"32b3e968-8624-46eb-94d9-bb6047cf37be","local_time":"20210106000923","is_ascension_mode":false,"campfire_choices":[{"data":"HollowMod:GreatSlash","floor":7.0,"key":"SMITH"},{"data":"HollowMod:ChannelNail","floor":28,"key":"SMITH"},{"data":"Deep Breath","floor":30,"key":"SMITH"},{"floor":44,"key":"REST"},{"floor":49,"key":"REST"}],"circlet_count":1,"master_deck":["HollowMod:NailStrikeStart","HollowMod:NailStrikeStart","HollowMod:QuickDashStart","HollowMod:QuickDashStart","HollowMod:QuickDashStart","HollowMod:FocusHealStart","HollowMod:PogoStrike","HollowMod:GreatSlash+1","HollowMod:CycloneSlash","HollowMod:ChannelNail+1","HollowMod:GrimmsGift+1","HollowMod:Weaversong","HollowMod:SoulEater+1","Deep Breath+1","HollowMod:DashSlash","HollowMod:SoulSplash+1","HollowMod:CloakDash+1","HollowMod:MawleksShell+1","HollowMod:VengefulSpirit+1","Mayhem","HollowMod:CornifersMapStart+1","HollowMod:DashSlash+1"],"relics":["HollowMod:VesselMask","Circlet","Replay:Baseball","ReplayTheSpireMod:Ring of Exchange","Ring of Fangs","ReplayTheSpireMod:Shallot","Divine Protection","Sling","Busted Crown","Replay:Bandana","Matryoshka","Boot","Omamori","Red Mask","Dream Catcher","ClockworkSouvenir","Calipers","Replay:Bottled Steam","Replay:Bottled Snecko","Nunchaku","Bronze Scales"],"acts_visited":["Exordium","TheCity","TheBeyond"],"potions_floor_usage":[23,33,33,50,50,50],"damage_taken":[{"damage":0.0,"enemies":"Small Slimes","floor":1.0,"turns":3.0},{"damage":4.0,"enemies":"Jaw Worm","floor":2.0,"turns":4.0},{"damage":0.0,"enemies":"2 Louse","floor":5.0,"turns":3.0},{"damage":29.0,"enemies":"3 Sentries","floor":6.0,"turns":7.0},{"damage":0,"enemies":"Exordium Wildlife","floor":10,"turns":5},{"damage":0,"enemies":"Looter","floor":11,"turns":1},{"damage":42,"enemies":"Lagavulin","floor":13,"turns":8},{"damage":46,"enemies":"Fading Forest","floor":16,"turns":11},{"damage":5,"enemies":"2 Thieves","floor":18,"turns":3},{"damage":14,"enemies":"Shell Parasite","floor":21,"turns":6},{"damage":19,"enemies":"Gremlin Leader","floor":23,"turns":5},{"damage":6,"enemies":"3 Cultists","floor":25,"turns":4},{"damage":0,"enemies":"Masked Bandits","floor":27,"turns":2},{"damage":26,"enemies":"Replay:Snechameleon","floor":29,"turns":6},{"damage":18,"enemies":"HollowMod:Nosk","floor":31,"turns":6},{"damage":34,"enemies":"Pondfish","floor":33,"turns":13},{"damage":15,"enemies":"Orb Walker","floor":35,"turns":5},{"damage":21,"enemies":"2 Orb Walkers","floor":36,"turns":5},{"damage":0,"enemies":"3 Darklings","floor":38,"turns":3},{"damage":6,"enemies":"Reptomancer","floor":40,"turns":5},{"damage":0,"enemies":"Spire Growth","floor":41,"turns":4},{"damage":17,"enemies":"4 Shapes","floor":42,"turns":6},{"damage":11,"enemies":"3 Darklings","floor":45,"turns":4},{"damage":35,"enemies":"HollowMod:SlobberingHusk","floor":46,"turns":6},{"damage":0,"enemies":"4 Shapes","floor":47,"turns":3},{"damage":0,"enemies":"3 Darklings","floor":48,"turns":3},{"damage":40,"enemies":"Time Eater","floor":50,"turns":7}],"seed_played":"-8269819142373083203","potions_obtained":[{"floor":1.0,"key":"Swift Potion"},{"floor":5.0,"key":"GamblersBrew"},{"floor":10,"key":"Milkshake"},{"floor":13,"key":"AttackPotion"},{"floor":27,"key":"Milkshake"},{"floor":31,"key":"CultistPotion"},{"floor":35,"key":"PowerPotion"},{"floor":40,"key":"Strength Potion"}],"is_trial":false,"path_per_floor":["M","M","?","$","M","E","R","$","T","M","M","$","E","?","R","B",null,"M","?","$","M","?","E","$","M","T","?","R","E","R","E","R","B",null,"M","?","$","M","?","E","M","M","T","R","M","M","M","M","R","B",null],"character_chosen":"THE_BUGKNIGHT","items_purchased":["HollowMod:GrimmsGift","Replay:Bandana","Deep Breath","Mayhem","Replay:Bottled Steam"],"campfire_rested":2,"item_purchase_floors":[12,20,20,37,37],"current_hp_per_floor":[75,74,74,74,75,52,52,52,52,58,58,58,22,27,51,21,80,75,75,75,66,66,53,53,57,57,57,57,41,41,33,57,35,80,65,50,50,56,56,50,50,43,43,67,56,21,21,21,45,5],"gold":456,"neow_bonus":"RANDOM_COMMON_RELIC","is_daily":false,"chose_seed":false,"campfire_upgraded":3,"win_rate":0.0,"timestamp":1609909763,"path_taken":["M","M","?","$","M","E","R","?","T","M","M","$","E","?","R","BOSS","M","?","$","M","?","E","?","M","T","?","R","E","R","E","R","BOSS","M","?","$","M","?","E","M","M","T","R","M","M","?","M","R","BOSS"],"items_purchased_type":["Card","Relic","Card","Card","Relic"],"build_version":"2020-12-22","purchased_purges":3,"victory":true,"max_hp_per_floor":[75,75,75,75,75,75,75,75,75,75,75,75,75,80,80,80,80,80,80,80,80,80,80,80,80,80,80,80,80,80,80,80,80,80,80,80,80,80,80,80,80,80,80,80,80,80,80,80,80,80],"card_choices":[{"not_picked":["HollowMod:InfectionAssault","HollowMod:CrystalDash"],"picked":"HollowMod:GreatSlash","floor":1.0},{"not_picked":["HollowMod:CornifersMapStart","HollowMod:SiblingsSouls"],"picked":"HollowMod:CycloneSlash","floor":2.0},{"not_picked":["HollowMod:BrokenVessel","HollowMod:InfectedAttack"],"picked":"HollowMod:ChannelNail","floor":5.0},{"not_picked":["HollowMod:SoulSplash","HollowMod:DashSlash","HollowMod:HowlingWraiths"],"picked":"SKIP","floor":6.0},{"not_picked":["HollowMod:SoulShaman","HollowMod:DoubleDash","HollowMod:ZotesMagnificence"],"picked":"SKIP","floor":10},{"not_picked":["HollowMod:SoulStrike","HollowMod:WraithStrike","HollowMod:FastStrike"],"picked":"SKIP","floor":11},{"not_picked":["HollowMod:CrystalDash","HollowMod:SoulStrike","HollowMod:CloakDash"],"picked":"SKIP","floor":13},{"not_picked":["HollowMod:LordofShades","HollowMod:PureVessel"],"picked":"HollowMod:Weaversong","floor":16},{"not_picked":[],"picked":"HollowMod:SoulEater+1","floor":18},{"not_picked":["HollowMod:InfectedCysts"],"picked":"SKIP","floor":21},{"not_picked":[],"picked":"HollowMod:DashSlash","floor":23},{"not_picked":[],"picked":"HollowMod:SoulSplash","floor":25},{"not_picked":[],"picked":"HollowMod:CloakDash+1","floor":27},{"not_picked":["HollowMod:MawleksShell"],"picked":"SKIP","floor":29},{"not_picked":["HollowMod:VengefulVoid+1"],"picked":"SKIP","floor":31},{"not_picked":[],"picked":"HollowMod:MawleksShell+1","floor":32},{"not_picked":[],"picked":"HollowMod:VengefulSpirit+1","floor":35},{"not_picked":["HollowMod:ChannelNail+1"],"picked":"SKIP","floor":38},{"not_picked":["HollowMod:GoodIntentions"],"picked":"SKIP","floor":40},{"not_picked":[],"picked":"HollowMod:CornifersMapStart+1","floor":41},{"not_picked":["HollowMod:CornifersMapStart+1"],"picked":"SKIP","floor":42},{"not_picked":[],"picked":"HollowMod:DashSlash+1","floor":44},{"not_picked":["HollowMod:VoidDash"],"picked":"SKIP","floor":45},{"not_picked":["HollowMod:VengefulSpirit+1"],"picked":"SKIP","floor":46},{"not_picked":["HollowMod:ChannelNail"],"picked":"SKIP","floor":47},{"not_picked":["HollowMod:CoiledNail+1"],"picked":"SKIP","floor":48}],"player_experience":374786,"relics_obtained":[{"floor":3.0,"key":"ReplayTheSpireMod:Ring of Exchange"},{"floor":3.0,"key":"Ring of Fangs"},{"floor":9,"key":"ReplayTheSpireMod:Shallot"},{"floor":13,"key":"Divine Protection"},{"floor":23,"key":"Matryoshka"},{"floor":26,"key":"Boot"},{"floor":26,"key":"Omamori"},{"floor":27,"key":"Red Mask"},{"floor":29,"key":"Circlet"},{"floor":31,"key":"Dream Catcher"},{"floor":36,"key":"Calipers"},{"floor":40,"key":"Replay:Bottled Snecko"},{"floor":43,"key":"Nunchaku"},{"floor":43,"key":"Bronze Scales"}],"event_choices":[{"damage_healed":0,"gold_gain":99,"player_choice":"Stole From Cult","damage_taken":0,"max_hp_gain":0,"max_hp_loss":0,"event_name":"Nest","floor":19,"gold_loss":0},{"damage_healed":0,"gold_gain":0,"player_choice":"Ignored","damage_taken":0,"max_hp_gain":0,"max_hp_loss":0,"event_name":"The Mausoleum","floor":22,"gold_loss":0},{"damage_healed":0,"gold_gain":0,"player_choice":"Fought Bandits","damage_taken":0,"max_hp_gain":0,"max_hp_loss":0,"event_name":"Masked Bandits","floor":27,"gold_loss":0},{"damage_healed":0,"gold_gain":0,"player_choice":"Fight","damage_taken":0,"max_hp_gain":0,"max_hp_loss":0,"event_name":"Mysterious Sphere","floor":36,"gold_loss":0}],"is_beta":false,"boss_relics":[{"not_picked":["vexMod:NewClearReactor","Busted Crown"],"picked":"Sling"},{"not_picked":["Astrolabe","Snecko Heart"],"picked":"ClockworkSouvenir"}],"items_purged_floors":[12,20,37],"is_endless":false,"potions_floor_spawned":[1,5,10,13,18,27,31,35,40,41,42,45],"ascension_level":0}}