{"host":"iyvjjqtjrywxqc57","time":1609934023,"event":{"mods":["AchievementEnabler","BaseMod","Bestiary","Better Altar","Better Match","Better Note","Better Sensory Stone","Better Skull","Better Third Choice","Colored Map","Colored Powertips","Defuse TimeMaze Blight","Displayed Cursed Tome","Downfall","Jorbs\u0027s Wanderer Trilogy","Minty Spire (QoL Compilation)","Quick Restart","Rare Cards Sparkle","Relic Stats","StSLib"],"gold_per_floor":[114,9,9,28,38,38,68,68,118,132,13,13,13,38,38,163,226,242,242,261,7,34,34,34],"floor_reached":23,"playtime":2898,"items_purged":[],"score":189,"play_id":"08e38f1c-83b7-43ad-bd9d-c10ce4cfa0e8","local_time":"20210106055343","is_ascension_mode":false,"campfire_choices":[{"data":"Thunderclap","floor":6.0,"key":"SMITH"},{"data":"Magnetism","floor":8.0,"key":"SMITH"},{"floor":15.0,"key":"REST"}],"circlet_count":0,"master_deck":["Strike_R","Strike_R+1","Strike_R","Strike_R","Strike_R","Defend_R+1","Defend_R","Defend_R+1","Defend_R+1","Bash","Searing Blow","Magnetism+1","Pommel Strike+1","Thunderclap+1","Fire Breathing","Sever Soul","Shrug It Off","Sword Boomerang","Headbutt","Injury","Warcry","Reaper","Heavy Blade","Cleave+1","Juggernaut"],"relics":["Burning Blood","Potion Belt","Bronze Scales","Golden Idol","Tiny House","Bottled Tornado","War Paint"],"acts_visited":["Exordium","TheCity"],"potions_floor_usage":[16,16,16,16,18,18,18,20,20,23,23],"damage_taken":[{"damage":5.0,"enemies":"Cultist","floor":1.0,"turns":4.0},{"damage":10.0,"enemies":"Small Slimes","floor":4.0,"turns":5.0},{"damage":7.0,"enemies":"2 Louse","floor":5.0,"turns":3.0},{"damage":19.0,"enemies":"Lagavulin","floor":7.0,"turns":8.0},{"damage":25.0,"enemies":"Gremlin Gang","floor":10.0,"turns":4.0},{"damage":16.0,"enemies":"Blue Slaver","floor":14.0,"turns":4.0},{"damage":25,"enemies":"The Guardian","floor":16,"turns":9},{"damage":50,"enemies":"2 Thieves","floor":18,"turns":5},{"damage":24,"enemies":"Shell Parasite","floor":20,"turns":3},{"damage":35,"enemies":"Gremlin Leader","floor":23,"turns":5}],"seed_played":"-5547376251494264496","potions_obtained":[{"floor":4.0,"key":"BlessingOfTheForge"},{"floor":10.0,"key":"GamblersBrew"},{"floor":14.0,"key":"EssenceOfSteel"},{"floor":17,"key":"EntropicBrew"},{"floor":20,"key":"BlessingOfTheForge"}],"is_trial":false,"path_per_floor":["M","$","?","M","M","R","E","R","T","M","$","?","?","M","R","B",null,"M","?","M","$","T","E"],"character_chosen":"IRONCLAD","items_purchased":["Slimebound:ThreeZeroPotion","Shrug It Off","Sword Boomerang","Headbutt","Bottled Tornado"],"campfire_rested":1,"item_purchase_floors":[2,11,11,11,21],"current_hp_per_floor":[88,88,88,84,83,83,70,70,70,51,51,33,33,23,49,30,93,49,49,31,31,31,0,0],"gold":34,"neow_bonus":"TEN_PERCENT_HP_BONUS","is_daily":false,"chose_seed":false,"campfire_upgraded":2,"win_rate":0.0,"timestamp":1609934023,"path_taken":["M","?","?","?","?","R","E","R","T","?","$","?","?","M","R","BOSS","M","?","M","$","?","E"],"items_purchased_type":["Potion","Card","Card","Card","Relic"],"build_version":"2020-12-22","purchased_purges":0,"victory":false,"max_hp_per_floor":[88,88,88,88,88,88,88,88,88,88,88,88,88,88,88,88,93,93,93,93,93,93,93,93],"relic_stats":{"counters":[10,50],"Golden Idol":50,"Bronze Scales":[104],"War Paint":["Defend_R","Defend_R"],"obtain_stats":[{"Potion Belt":7,"Tiny House":17,"Golden Idol":13,"Bronze Scales":9,"Bottled Tornado":21,"War Paint":22,"Burning Blood":0},{"Potion Belt":4,"Tiny House":7,"Golden Idol":5,"Bronze Scales":4,"Bottled Tornado":9,"War Paint":9,"Burning Blood":0},{"Potion Belt":20,"Tiny House":37,"Golden Idol":24,"Bronze Scales":20,"Bottled Tornado":45,"War Paint":45,"Burning Blood":0}],"Burning Blood":53},"card_choices":[{"not_picked":["Pommel Strike","Shrug It Off"],"picked":"Searing Blow","floor":1.0},{"not_picked":["expansioncontent:PolyBeam","Impatience"],"picked":"Magnetism","floor":3.0},{"not_picked":["Sword Boomerang","Perfected Strike"],"picked":"Pommel Strike","floor":4.0},{"not_picked":["True Grit","Disarm"],"picked":"Thunderclap","floor":5.0},{"not_picked":["Ghostly Armor","Iron Wave"],"picked":"Fire Breathing","floor":7.0},{"not_picked":["Sword Boomerang","Anger"],"picked":"Sever Soul","floor":10.0},{"not_picked":["Hemokinesis","Anger"],"picked":"Warcry","floor":14.0},{"not_picked":["Limit Break","Juggernaut"],"picked":"Reaper","floor":16},{"not_picked":["Twin Strike","Carnage"],"picked":"Heavy Blade","floor":17},{"not_picked":["Twin Strike","Body Slam+1"],"picked":"Cleave","floor":18},{"not_picked":["Armaments+1","Sword Boomerang"],"picked":"Juggernaut","floor":20}],"player_experience":97296,"relics_obtained":[{"floor":7.0,"key":"Potion Belt"},{"floor":9.0,"key":"Bronze Scales"},{"floor":22,"key":"War Paint"}],"event_choices":[{"damage_healed":0.0,"max_hp_gain":0.0,"max_hp_loss":0.0,"gold_gain":1.0,"event_name":"betterStone:BetterStone","player_choice":"1","floor":3.0,"gold_loss":0.0,"damage_taken":0.0},{"damage_healed":51.0,"max_hp_gain":0.0,"max_hp_loss":88.0,"gold_gain":0.0,"event_name":"betterThird:BetterShining","player_choice":"Upgrade","floor":12.0,"gold_loss":0.0,"damage_taken":18.0,"cards_upgraded":["Strike_R","Defend_R"]},{"damage_healed":0.0,"max_hp_gain":0.0,"max_hp_loss":0.0,"gold_gain":0.0,"event_name":"Golden Idol","player_choice":"Take Wound","floor":13.0,"gold_loss":0.0,"damage_taken":0.0,"relics_obtained":["Golden Idol"],"cards_obtained":["Injury"]},{"damage_healed":0,"gold_gain":0,"player_choice":"Upgraded","damage_taken":0,"max_hp_gain":0,"max_hp_loss":0,"event_name":"Upgrade Shrine","floor":19,"gold_loss":0,"cards_upgraded":["Cleave"]}],"is_beta":false,"boss_relics":[{"not_picked":["Runic Pyramid","Coffee Dripper"],"picked":"Tiny House"}],"items_purged_floors":[],"is_endless":false,"potions_floor_spawned":[4,10,14,20],"killed_by":"Gremlin Leader","ascension_level":0}}