{"host":"n900smz9wr3yo27a","time":1609946351,"event":{"mods":["Arknights The Spire","BaseMod","CapriCore","GungeonMod","Hermit","Koishi","Lobotomy","Marisa£¨Ùöéë¡¡Øª×âÞÞ£©","Minty Spire (QoL Compilation)","Prisma Mod","Replay The Spire","StSLib","Td1madao Mod","The Animator","The Bug Knight","The Cursed","The Dragon Tamer","The Gatherer","The Hierophant","The Immortal","The Jungle","The Necromancer","The Poker Player","The Runesmith","WarShipGirlsR/??á´Ò³R mod"],"gold_per_floor":[116,215,226,301,72,72,87,98,98,98,125,125,149,88,142,240,240,256,268,143,154,4,4,4,32,59,94,154,163,175,204,204,309,309,327,373,373,198,257,266,294,324,394,403,403,423,474,7,7,7],"floor_reached":51,"playtime":2482,"items_purged":["HollowMod:DungDefenderAura","HollowMod:WraithStrike","ReplayTheSpireMod:Restless Dread","HollowMod:PerfectDash","HollowMod:TaintedHusks","HollowMod:FallenFury"],"score":955,"play_id":"f367680c-6634-4a75-aad2-4bad6f22169e","local_time":"20210107001911","daily_mods":["Draft","Vintage","Heirloom","Time Dilation","Flight","DeadlyEvents","Elite Swarm"],"is_ascension_mode":false,"campfire_choices":[{"floor":6,"key":"REST"},{"data":"HollowMod:SlysStrikes","floor":10,"key":"SMITH"},{"floor":12,"key":"REST"},{"data":"HollowMod:SlysStrikes","floor":23,"key":"SMITH"},{"data":"HollowMod:BlackTendrils","floor":24,"key":"SMITH"},{"data":"HollowMod:VengefulVoid","floor":29,"key":"SMITH"},{"data":"HollowMod:VengefulVoid","floor":32,"key":"SMITH"},{"data":"HollowMod:VoidDash","floor":40,"key":"SMITH"},{"data":"HollowMod:WraithStrike","floor":44,"key":"SMITH"},{"data":"HollowMod:VengefulVoid","floor":44,"key":"SMITH"},{"data":"HollowMod:DescendingDark","floor":45,"key":"SMITH"},{"data":"HollowMod:NewJinnsSoul","floor":45,"key":"SMITH"},{"floor":49,"key":"DIG"}],"circlet_count":0,"master_deck":["HollowMod:InfectedAttack","HollowMod:ShadowDash","HollowMod:FallenFury","HollowMod:InfectedCysts","HollowMod:BrokenVessel","HollowMod:NewJinnsSoul+1","HollowMod:WraithStrike+1","HollowMod:CloakDash","HollowMod:NewLittleFool","HollowMod:InfectedAttack","HollowMod:BlackTendrils+1","HollowMod:VengefulVoid+1","HollowMod:SlysStrikes+1","HollowMod:SlysStrikes+1","HollowMod:SiblingsShadow+1","HollowMod:Weaversong","HollowMod:ShadowDash","HollowMod:VengefulVoid+1","HollowMod:VoidDash+1","HollowMod:VengefulVoid+1","HollowMod:DescendingDark+1"],"relics":["HollowMod:VoidIdolRelic","replay:Trail_Library","Bird Faced Urn","Strawberry","Boot","HandDrill","Vajra","DemoMod:DecoyRelic","DemoMod:BlueGuonStone","ReplayTheSpireMod:CursedCoin","DemoMod:SevenLeafClover","DemoMod:GreenGuonStone","Omamori","Happy Flower","Replay:Kaleidoscope","CeramicFish","DemoMod:JetPack","DemoMod:Relodestone","HollowMod:PaleOreRelic","Tiny Chest","Centennial Puzzle","Velvet Choker","Pondfish Scales","FossilizedHelix","CaptainsWheel","Art of War","The Courier","DemoMod:ChaffGrenade","Replay:Arrowhead","Quantum Egg","DemoMod:ClearGuonStone","CatCart","Replay:Rubber Ducky","Toy Ornithopter","Blood Vial"],"acts_visited":["Exordium","TheCity","TheBeyond"],"potions_floor_usage":[47,47,51],"damage_taken":[{"damage":16,"enemies":"Small Slimes","floor":1,"turns":3},{"damage":20,"enemies":"Jaw Worm","floor":3,"turns":2},{"damage":22,"enemies":"Cultist","floor":7,"turns":3},{"damage":3,"enemies":"Looter","floor":8,"turns":2},{"damage":13,"enemies":"Lagavulin","floor":11,"turns":4},{"damage":12,"enemies":"HollowMod:FalseKnight","floor":16,"turns":6},{"damage":17,"enemies":"3 Byrds","floor":18,"turns":4},{"damage":10,"enemies":"Shell Parasite","floor":19,"turns":4},{"damage":23,"enemies":"3 Cultists","floor":21,"turns":6},{"damage":0,"enemies":"Gremlin Leader","floor":25,"turns":5},{"damage":36,"enemies":"Slavers","floor":27,"turns":4},{"damage":19,"enemies":"Snake Plant","floor":30,"turns":2},{"damage":10,"enemies":"Gremlin Leader","floor":31,"turns":7},{"damage":27,"enemies":"Collector","floor":33,"turns":7},{"damage":13,"enemies":"Orb Walker","floor":35,"turns":3},{"damage":19,"enemies":"2 Orb Walkers","floor":36,"turns":5},{"damage":0,"enemies":"Giant Head","floor":41,"turns":5},{"damage":33,"enemies":"Reptomancer","floor":42,"turns":4},{"damage":15,"enemies":"3 Shapes","floor":46,"turns":2},{"damage":0,"enemies":"Orin","floor":47,"turns":5},{"damage":0,"enemies":"HollowMod:Radiance","floor":50,"turns":5},{"damage":9,"enemies":"Malkuth","floor":51,"turns":8},{"damage":31,"enemies":"Netzach","floor":51,"turns":5}],"seed_played":"-885730717273934473","potions_obtained":[{"floor":8,"key":"Cursed Concoction"},{"floor":11,"key":"ColorlessPotion"},{"floor":21,"key":"DuplicationPotion"},{"floor":47,"key":"Swift Potion"}],"is_trial":true,"path_per_floor":["M","?","M","?","$","R","M","M","T","R","E","R","T","$","R","B",null,"M","M","$","M","$","R","R","E","T","E","T","R","M","E","R","B",null,"M","?","?","$","T","R","E","E","T","R","R","M","?","$","R","B",null],"character_chosen":"THE_BUGKNIGHT","items_purchased":["HandDrill","ReplayTheSpireMod:CursedCoin","HollowMod:SiblingsShadow+1","AttackPotion","Replay:Rubber Ducky","Toy Ornithopter","DistilledChaos"],"campfire_rested":2,"item_purchase_floors":[5,14,14,14,48,48,48],"current_hp_per_floor":[68,48,32,21,21,45,25,25,25,25,16,40,40,40,40,39,82,72,81,81,68,68,68,68,82,82,54,54,54,46,70,70,72,82,77,75,75,75,75,75,78,47,47,47,47,36,44,44,44,78],"gold":7,"neow_bonus":"","is_daily":false,"chose_seed":false,"campfire_upgraded":10,"win_rate":0.0,"timestamp":1609946351,"path_taken":["M","?","?","?","$","R","?","M","T","R","?","R","?","?","R","BOSS","M","?","$","?","?","R","R","E","T","E","?","R","?","?","R","BOSS","M","?","?","$","?","R","E","?","T","R","R","?","?","$","R","BOSS"],"items_purchased_type":["Relic","Relic","Card","Potion","Relic","Relic","Potion"],"build_version":"2020-12-22","purchased_purges":6,"victory":true,"max_hp_per_floor":[82,82,82,82,82,82,82,82,82,82,82,82,82,82,82,82,82,82,82,82,82,82,82,82,82,82,82,82,82,82,82,82,82,82,82,82,78,78,78,78,78,78,78,78,78,78,78,78,78,78],"card_choices":[{"not_picked":["HollowMod:CycloneSlash","HollowMod:CornifersMapStart"],"picked":"HollowMod:InfectedAttack","floor":0},{"not_picked":["HollowMod:RecoilStrike","HollowMod:SharpenedShadows"],"picked":"HollowMod:TaintedHusks","floor":0},{"not_picked":["HollowMod:FastStrike","HollowMod:ChannelNail"],"picked":"HollowMod:PerfectDash","floor":0},{"not_picked":["HollowMod:LifebloodCocoon","HollowMod:DoubleDash"],"picked":"HollowMod:ShadowDash","floor":0},{"not_picked":["HollowMod:SharpenedNail","HollowMod:CornifersMapStart"],"picked":"HollowMod:FallenFury","floor":0},{"not_picked":["HollowMod:Grubsong","HollowMod:CornifersMapStart"],"picked":"HollowMod:FallenFury","floor":0},{"not_picked":["HollowMod:SoulSplash","HollowMod:MawleksShell"],"picked":"HollowMod:InfectedCysts","floor":0},{"not_picked":["HollowMod:SoulShaman","HollowMod:SharpenedNail"],"picked":"HollowMod:BrokenVessel","floor":0},{"not_picked":["HollowMod:SiblingsSouls","HollowMod:SoulShaman"],"picked":"HollowMod:NewJinnsSoul","floor":0},{"not_picked":["HollowMod:GoodIntentions","HollowMod:SiblingsShadow"],"picked":"HollowMod:WraithStrike","floor":0},{"not_picked":["HollowMod:GoodIntentions","HollowMod:HowlingWraiths"],"picked":"HollowMod:DungDefenderAura","floor":0},{"not_picked":["HollowMod:VengefulSpirit","HollowMod:SoulStrike"],"picked":"HollowMod:CloakDash","floor":0},{"not_picked":["HollowMod:SoulVessel","HollowMod:SiblingsSouls"],"picked":"HollowMod:NewLittleFool","floor":0},{"not_picked":["HollowMod:SoulStrike","HollowMod:TaintedHusks"],"picked":"HollowMod:InfectedAttack","floor":0},{"not_picked":["HollowMod:InfectedAttack","HollowMod:SharpenedShadows"],"picked":"HollowMod:BlackTendrils","floor":0},{"not_picked":["HollowMod:SoulSplash","HollowMod:QuirrelsAssistance"],"picked":"HollowMod:VengefulVoid","floor":2},{"not_picked":["HollowMod:PureVessel","HollowMod:AwokenDreamNail"],"picked":"HollowMod:SlysStrikes","floor":11},{"not_picked":["HollowMod:ZotesMagnificence","HollowMod:ElderbugsWisdom"],"picked":"HollowMod:Weaversong","floor":25},{"not_picked":["HollowMod:LordofShades","HollowMod:ZotesMagnificence","HollowMod:MidwifesHunger"],"picked":"SKIP","floor":26},{"not_picked":["HollowMod:Hiveblood","HollowMod:SoulMaster","HollowMod:Weaversong"],"picked":"SKIP","floor":27},{"not_picked":["HollowMod:Weaversong","HollowMod:SoulMaster","HollowMod:Hiveblood"],"picked":"SKIP","floor":28},{"not_picked":["HollowMod:LordofShades","HollowMod:ZotesMagnificence","HollowMod:PureVessel"],"picked":"SKIP","floor":31},{"not_picked":["HollowMod:AwokenDreamNail","HollowMod:LifebloodCore"],"picked":"HollowMod:VoidDash","floor":39},{"not_picked":["HollowMod:ZotesMagnificence","HollowMod:LordofShades","HollowMod:SoulMaster"],"picked":"SKIP","floor":41},{"not_picked":["HollowMod:PureVessel","HollowMod:ZotesMagnificence","HollowMod:NewInfectedGuardian"],"picked":"SKIP","floor":42},{"not_picked":["HollowMod:HornetsHelp","HollowMod:Hiveblood","HollowMod:LifebloodCore"],"picked":"SKIP","floor":43},{"not_picked":["HollowMod:HornetsHelp","HollowMod:Hiveblood","HollowMod:LifebloodCore"],"picked":"SKIP","floor":43}],"player_experience":807225,"relics_obtained":[{"floor":1,"key":"Strawberry"},{"floor":3,"key":"Boot"},{"floor":7,"key":"Vajra"},{"floor":8,"key":"DemoMod:DecoyRelic"},{"floor":9,"key":"DemoMod:BlueGuonStone"},{"floor":18,"key":"DemoMod:SevenLeafClover"},{"floor":19,"key":"DemoMod:GreenGuonStone"},{"floor":21,"key":"Omamori"},{"floor":25,"key":"Happy Flower"},{"floor":26,"key":"Replay:Kaleidoscope"},{"floor":26,"key":"CeramicFish"},{"floor":27,"key":"DemoMod:JetPack"},{"floor":28,"key":"DemoMod:Relodestone"},{"floor":28,"key":"HollowMod:PaleOreRelic"},{"floor":30,"key":"Tiny Chest"},{"floor":31,"key":"Centennial Puzzle"},{"floor":35,"key":"Pondfish Scales"},{"floor":36,"key":"FossilizedHelix"},{"floor":39,"key":"CaptainsWheel"},{"floor":39,"key":"Art of War"},{"floor":41,"key":"The Courier"},{"floor":42,"key":"DemoMod:ChaffGrenade"},{"floor":43,"key":"Replay:Arrowhead"},{"floor":43,"key":"Quantum Egg"},{"floor":46,"key":"DemoMod:ClearGuonStone"},{"floor":47,"key":"CatCart"},{"floor":49,"key":"Blood Vial"}],"event_choices":[{"damage_healed":0,"gold_gain":75,"player_choice":"Gather Gold","damage_taken":11,"max_hp_gain":0,"max_hp_loss":0,"event_name":"World of Goop","floor":4,"gold_loss":0},{"damage_healed":0,"gold_gain":0,"player_choice":"Fight","damage_taken":0,"max_hp_gain":0,"max_hp_loss":0,"event_name":"Mysterious Sphere","floor":36,"gold_loss":0},{"damage_healed":0,"gold_gain":0,"player_choice":"Max HP","damage_taken":0,"max_hp_gain":0,"max_hp_loss":4,"event_name":"Winding Halls","floor":37,"gold_loss":0},{"damage_healed":0,"gold_gain":0,"player_choice":"Fight","damage_taken":0,"max_hp_gain":0,"max_hp_loss":0,"event_name":"OrinTheCat","floor":47,"gold_loss":0}],"is_beta":false,"boss_relics":[{"not_picked":["Philosopher\u0027s Stone","Coffee Dripper"],"picked":"HollowMod:VoidIdolRelic"},{"not_picked":["Replay:Wanted Poster","Ring of Chaos"],"picked":"Velvet Choker"}],"items_purged_floors":[5,14,20,22,38,48],"is_endless":false,"potions_floor_spawned":[8,11,21,25,30,31,33,36,47],"ascension_level":0}}