{"host":"qm4rv4rkpk76sbxu","time":1609963194,"event":{"mods":["BaseMod","Bestiary","Block Reminder","Dark Map","DeckTracker","Filter the Spire","Keyboard Shortcuts","Minty Spire (QoL Compilation)","MonsterHotkey","Potion Indicator Mod","Quick Restart","Relic Stats","Slay-I","StSLib","ojb\u0027s Better Paths Mod"],"gold_per_floor":[214,214,238,163,187,227,227,13,13,13,52,52,90,103,103,199,199,219,219,219,219,234,234,268,286,310,345,345,295,295,348,348,348,348],"floor_reached":33,"playtime":1918,"items_purged":["Strike_G"],"score":644,"play_id":"c1ec9659-f0f4-48af-986e-ee9e734f1899","local_time":"20210106205954","is_ascension_mode":true,"campfire_choices":[{"data":"Eviscerate","floor":7.0,"key":"SMITH"},{"floor":10.0,"key":"REST"},{"data":"Accuracy","floor":12.0,"key":"SMITH"},{"data":"Footwork","floor":15.0,"key":"SMITH"},{"data":"Night Terror","floor":23.0,"key":"SMITH"},{"data":"Ghostly","floor":28.0,"key":"SMITH"},{"data":"Ghostly","floor":30.0,"key":"SMITH"},{"data":"Night Terror","floor":32.0,"key":"SMITH"}],"circlet_count":0,"master_deck":["AscendersBane","Strike_G","Strike_G","Strike_G","Strike_G","Defend_G","Defend_G","Defend_G","Defend_G","Defend_G","Survivor","Neutralize+1","Dagger Throw","Underhanded Strike","Eviscerate+1","Night Terror+1","Backstab+1","Footwork+1","Accuracy+1","Blade Dance","Blade Dance","Cloak And Dagger","Night Terror+1","Cloak And Dagger","Ghostly+1","Ghostly+1","Ghostly","Leg Sweep","Dodge and Roll+1","Backflip"],"relics":["Ring of the Snake","Bloody Idol","Bag of Marbles","WingedGreaves","Orrery","Matryoshka","Mango","Frozen Egg 2","WristBlade","Enchiridion","Darkstone Periapt","Smiling Mask","Pen Nib","Whetstone","Art of War"],"acts_visited":["Exordium","TheCity"],"potions_floor_usage":[33,33],"damage_taken":[{"damage":3.0,"enemies":"Small Slimes","floor":1.0,"turns":5.0},{"damage":0.0,"enemies":"Jaw Worm","floor":5.0,"turns":4.0},{"damage":31.0,"enemies":"3 Sentries","floor":6.0,"turns":11.0},{"damage":27.0,"enemies":"Lagavulin","floor":11.0,"turns":5.0},{"damage":0.0,"enemies":"Gremlin Nob","floor":13.0,"turns":2.0},{"damage":0.0,"enemies":"2 Louse","floor":14.0,"turns":2.0},{"damage":13.0,"enemies":"Hexaghost","floor":16.0,"turns":9.0},{"damage":20.0,"enemies":"Shell Parasite","floor":18.0,"turns":6.0},{"damage":4.0,"enemies":"3 Byrds","floor":22.0,"turns":8.0},{"damage":11.0,"enemies":"Book of Stabbing","floor":24.0,"turns":8.0},{"damage":9.0,"enemies":"3 Cultists","floor":25.0,"turns":7.0},{"damage":9.0,"enemies":"Gremlin Leader","floor":27.0,"turns":7.0},{"damage":16,"enemies":"Champ","floor":33,"turns":5}],"seed_played":"-4620418705484448996","potions_obtained":[{"floor":5.0,"key":"Energy Potion"},{"floor":13.0,"key":"DistilledChaos"},{"floor":14.0,"key":"LiquidMemories"},{"floor":22.0,"key":"PowerPotion"},{"floor":25.0,"key":"Block Potion"}],"is_trial":false,"path_per_floor":["M","?","T","?","M","E","R","$","T","R","E","R","E","M","R","B",null,"M","?","?","?","M","R","E","M","T","E","R","$","R","T","R","B"],"character_chosen":"THE_SILENT","items_purchased":["Orrery","Accuracy"],"campfire_rested":1,"item_purchase_floors":[8,8],"current_hp_per_floor":[56,56,56,56,56,25,25,25,25,44,31,31,31,31,31,18,65,45,40,19,19,20,20,14,10,15,11,11,11,11,16,16,0,0],"gold":348,"neow_bonus":"HUNDRED_GOLD","is_daily":false,"chose_seed":false,"campfire_upgraded":7,"win_rate":0.0,"timestamp":1609963194,"path_taken":["M","?","?","?","M","E","R","$","T","R","E","R","E","M","R","BOSS","M","?","?","?","M","R","E","M","T","E","R","$","R","?","R","BOSS"],"items_purchased_type":["Relic","Card"],"build_version":"2020-12-22","purchased_purges":1,"victory":false,"max_hp_per_floor":[66,66,66,66,66,66,66,66,66,66,80,80,80,80,80,80,80,80,40,40,40,40,40,40,40,40,40,40,40,40,40,40,40,40],"relic_stats":{"Darkstone Periapt":0,"counters":[13,79],"Bloody Idol":30,"Pen Nib":[2],"Art of War":[0],"Whetstone":["Neutralize","Backstab"],"Smiling Mask":25,"obtain_stats":[{"Darkstone Periapt":24,"Golden Idol":2,"Enchiridion":20,"Mango":11,"Pen Nib":26,"Whetstone":27,"Frozen Egg 2":13,"Smiling Mask":26,"Matryoshka":9,"WristBlade":17,"Bloody Idol":21,"Orrery":8,"WingedGreaves":6,"Bag of Marbles":3,"Art of War":31,"Ring of the Snake":0},{"Darkstone Periapt":10,"Golden Idol":1,"Enchiridion":8,"Mango":4,"Pen Nib":11,"Whetstone":12,"Frozen Egg 2":5,"Smiling Mask":11,"Matryoshka":3,"WristBlade":7,"Bloody Idol":8,"Orrery":3,"WingedGreaves":3,"Bag of Marbles":1,"Art of War":12,"Ring of the Snake":0},{"Darkstone Periapt":60,"Golden Idol":5,"Enchiridion":44,"Mango":25,"Pen Nib":67,"Whetstone":74,"Frozen Egg 2":27,"Smiling Mask":67,"Matryoshka":20,"WristBlade":38,"Bloody Idol":44,"Orrery":20,"WingedGreaves":20,"Bag of Marbles":5,"Art of War":74,"Ring of the Snake":0}],"Ring of the Snake":[26]},"card_choices":[{"not_picked":["Choke","Flying Knee"],"picked":"Dagger Throw","floor":1.0},{"not_picked":["Choke","Infinite Blades"],"picked":"Underhanded Strike","floor":5.0},{"not_picked":["Concentrate","Tactician"],"picked":"Eviscerate","floor":6.0},{"not_picked":["Bane","Backflip"],"picked":"Night Terror","floor":8.0},{"not_picked":["Sucker Punch","Dagger Throw"],"picked":"Backstab","floor":8.0},{"not_picked":["Slice","Heel Hook"],"picked":"Footwork","floor":8.0},{"not_picked":["Heel Hook","Concentrate"],"picked":"Blade Dance","floor":8.0},{"not_picked":["Dodge and Roll","Sucker Punch"],"picked":"Blade Dance","floor":8.0},{"not_picked":["Noxious Fumes","Reflex","Infinite Blades"],"picked":"SKIP","floor":11.0},{"not_picked":["Prepared","Deflect"],"picked":"Cloak And Dagger","floor":13.0},{"not_picked":["Sucker Punch","Eviscerate","Concentrate"],"picked":"SKIP","floor":14.0},{"not_picked":["Grand Finale","Bullet Time"],"picked":"Night Terror","floor":16.0},{"not_picked":["Bane","Underhanded Strike"],"picked":"Cloak And Dagger","floor":18.0},{"not_picked":["Deflect","Infinite Blades+1"],"picked":"Leg Sweep","floor":22.0},{"not_picked":["Accuracy+1","Masterful Stab+1","Underhanded Strike"],"picked":"SKIP","floor":24.0},{"not_picked":["Deadly Poison+1","Dagger Throw+1"],"picked":"Dodge and Roll+1","floor":25.0},{"not_picked":["Caltrops+1","Choke"],"picked":"Backflip","floor":27.0}],"player_experience":1226673,"relics_obtained":[{"floor":3.0,"key":"Bag of Marbles"},{"floor":6.0,"key":"WingedGreaves"},{"floor":9.0,"key":"Matryoshka"},{"floor":11.0,"key":"Mango"},{"floor":13.0,"key":"Frozen Egg 2"},{"floor":20.0,"key":"Enchiridion"},{"floor":24.0,"key":"Darkstone Periapt"},{"floor":26.0,"key":"Smiling Mask"},{"floor":26.0,"key":"Pen Nib"},{"floor":27.0,"key":"Whetstone"},{"floor":31.0,"key":"Art of War"}],"event_choices":[{"damage_healed":0.0,"max_hp_gain":0.0,"max_hp_loss":0.0,"gold_gain":0.0,"event_name":"Golden Idol","player_choice":"Take Wound","floor":2.0,"gold_loss":0.0,"damage_taken":0.0,"relics_obtained":["Golden Idol"],"cards_obtained":["Injury"]},{"cards_removed":["Injury"],"damage_healed":0.0,"max_hp_gain":0.0,"max_hp_loss":0.0,"gold_gain":0.0,"event_name":"The Cleric","player_choice":"Card Removal","floor":4.0,"gold_loss":75.0,"damage_taken":0.0},{"damage_healed":0.0,"max_hp_gain":0.0,"max_hp_loss":40.0,"gold_gain":0.0,"event_name":"Ghosts","player_choice":"Became a Ghost","floor":19.0,"gold_loss":0.0,"damage_taken":0.0,"cards_obtained":["Ghostly","Ghostly","Ghostly"]},{"damage_healed":0.0,"max_hp_gain":0.0,"max_hp_loss":0.0,"gold_gain":0.0,"event_name":"Cursed Tome","player_choice":"Obtained Book","floor":20.0,"gold_loss":0.0,"damage_taken":21.0},{"damage_healed":0.0,"max_hp_gain":0.0,"max_hp_loss":0.0,"gold_gain":0.0,"event_name":"Forgotten Altar","player_choice":"Gave Idol","floor":21.0,"relics_lost":["Golden Idol"],"gold_loss":0.0,"damage_taken":0.0,"relics_obtained":["Bloody Idol"]}],"is_beta":false,"boss_relics":[{"not_picked":["Philosopher\u0027s Stone","SacredBark"],"picked":"WristBlade"}],"items_purged_floors":[29],"is_endless":false,"potions_floor_spawned":[5,13,14,22,25,27],"killed_by":"Champ","ascension_level":20}}