{"host":"e1pm3b7xpcm97e5w","time":1609899236,"event":{"mods":["BaseMod","Better Skull","Googly Eyes","Minty Spire (QoL Compilation)","Relic Stats","Shop Mod","Spicy Shops","StSLib"],"gold_per_floor":[111,36,36,49,49,49,79,95,95,95,121,135,164,177,177,255,255,275,285,305,90,90,90,122,141,141,160,177,177,212,212,212,291,291,305,315,315,325,54,83,83,96,96,96,125,125,67,80,80,80],"floor_reached":51,"playtime":2356,"items_purged":["Strike_R","Defend_R"],"score":1391,"play_id":"97a3b56c-fd01-4825-b706-47f4d9f120e7","local_time":"20210105211356","is_ascension_mode":true,"campfire_choices":[{"data":"Bash","floor":6.0,"key":"SMITH"},{"data":"Reaper","floor":10.0,"key":"SMITH"},{"data":"Double Tap","floor":15.0,"key":"SMITH"},{"data":"Uppercut","floor":23.0,"key":"SMITH"},{"data":"Heavy Blade","floor":29.0,"key":"SMITH"},{"data":"Pommel Strike","floor":32.0,"key":"SMITH"},{"data":"Juggernaut","floor":41,"key":"SMITH"},{"data":"Dual Wield","floor":46,"key":"SMITH"},{"data":"Feed","floor":49,"key":"SMITH"}],"circlet_count":0,"master_deck":["AscendersBane","Strike_R+1","Defend_R+1","Defend_R","Bash+1","Feed+1","Pommel Strike+1","Pummel+1","Reaper+1","Spot Weakness","Dual Wield+1","Uppercut+1","Double Tap+1","Feed+1","Clothesline+1","Heavy Blade+1","Impervious","Inflame+1","Juggernaut+1","Flame Barrier","Heavy Blade+1"],"relics":["Burning Blood","Pear","Mummified Hand","Whetstone","Eternal Feather","Snecko Eye","War Paint","Toy Ornithopter","Gremlin Horn","Molten Egg 2","Bottled Flame","Velvet Choker","OrangePellets","Sundial","Meat on the Bone","InkBottle"],"acts_visited":["Exordium","TheCity","TheBeyond"],"potions_floor_usage":[50],"damage_taken":[{"damage":0.0,"enemies":"Small Slimes","floor":1.0,"turns":3.0},{"damage":9.0,"enemies":"Jaw Worm","floor":4.0,"turns":3.0},{"damage":45.0,"enemies":"Lagavulin","floor":7.0,"turns":6.0},{"damage":6.0,"enemies":"2 Louse","floor":8.0,"turns":3.0},{"damage":16.0,"enemies":"Gremlin Nob","floor":11.0,"turns":3.0},{"damage":22.0,"enemies":"Blue Slaver","floor":12.0,"turns":6.0},{"damage":30.0,"enemies":"Lagavulin","floor":13.0,"turns":6.0},{"damage":7.0,"enemies":"Exordium Wildlife","floor":14.0,"turns":3.0},{"damage":45.0,"enemies":"Slime Boss","floor":16.0,"turns":11.0},{"damage":12.0,"enemies":"Shell Parasite","floor":18.0,"turns":3.0},{"damage":38.0,"enemies":"2 Thieves","floor":19.0,"turns":4.0},{"damage":22.0,"enemies":"Snecko","floor":20.0,"turns":4.0},{"damage":15.0,"enemies":"Book of Stabbing","floor":24.0,"turns":3.0},{"damage":6.0,"enemies":"Sentry and Sphere","floor":25.0,"turns":3.0},{"damage":12.0,"enemies":"Cultist and Chosen","floor":27.0,"turns":3.0},{"damage":28.0,"enemies":"Snake Plant","floor":28.0,"turns":3.0},{"damage":14.0,"enemies":"Gremlin Leader","floor":30.0,"turns":5.0},{"damage":83.0,"enemies":"Automaton","floor":33.0,"turns":9.0},{"damage":39,"enemies":"3 Darklings","floor":35,"turns":6},{"damage":0,"enemies":"Orb Walker","floor":36,"turns":1},{"damage":16,"enemies":"3 Darklings","floor":38,"turns":4},{"damage":17,"enemies":"Giant Head","floor":40,"turns":5},{"damage":22,"enemies":"Writhing Mass","floor":42,"turns":4},{"damage":3,"enemies":"Nemesis","floor":45,"turns":5},{"damage":50,"enemies":"Maw","floor":48,"turns":7},{"damage":125,"enemies":"Awakened One","floor":50,"turns":7}],"seed_played":"-7998652216549648145","potions_obtained":[{"floor":7.0,"key":"Fire Potion"},{"floor":11.0,"key":"Dexterity Potion"},{"floor":13.0,"key":"Weak Potion"},{"floor":20.0,"key":"SkillPotion"},{"floor":25.0,"key":"Dexterity Potion"},{"floor":27.0,"key":"BloodPotion"},{"floor":28.0,"key":"Fruit Juice"},{"floor":38,"key":"PowerPotion"},{"floor":48,"key":"SteroidPotion"}],"is_trial":false,"path_per_floor":["M","?","?","M","?","R","E","M","T","R","E","M","E","M","R","B",null,"M","M","M","$","?","R","E","M","T","M","M","R","E","T","R","B",null,"M","M","?","M","$","E","R","M","T","?","E","R","$","M","R","B",null],"character_chosen":"IRONCLAD","items_purchased":["War Paint","Heavy Blade","OrangePellets","Heavy Blade+1"],"campfire_rested":0,"item_purchase_floors":[21,21,39,47],"current_hp_per_floor":[59,59,52,52,52,52,27,35,35,35,34,34,10,24,33,14,87,81,63,63,63,63,72,75,75,75,101,89,98,108,108,117,66,118,102,108,108,128,128,121,133,117,117,117,145,145,145,127,139,54],"gold":80,"neow_bonus":"THREE_RARE_CARDS","is_daily":false,"chose_seed":false,"campfire_upgraded":9,"win_rate":0.0,"timestamp":1609899236,"path_taken":["M","?","?","M","?","R","E","M","T","R","E","M","E","M","R","BOSS","M","M","M","$","?","R","E","M","T","M","M","R","E","?","R","BOSS","M","M","?","M","$","E","R","?","T","?","E","R","?","M","R","BOSS"],"items_purchased_type":["Relic","Card","Relic","Card"],"build_version":"2020-12-22","purchased_purges":2,"victory":true,"max_hp_per_floor":[78,78,78,81,81,81,95,99,99,99,103,107,107,107,107,111,111,111,115,119,119,119,119,119,119,119,122,127,127,131,131,131,135,135,135,135,135,138,138,142,142,142,142,142,145,145,145,145,145,145],"relic_stats":{"Gremlin Horn":[19,19],"counters":[26,120],"Eternal Feather":60,"Whetstone":["Pummel","Strike_R"],"War Paint":["Defend_R","Defend_R"],"Burning Blood":154,"OrangePellets":[7],"Mummified Hand":[25],"Sundial":[6],"Snecko Eye":[141,114,110,99],"obtain_stats":[{"Pear":7,"Gremlin Horn":26,"Velvet Choker":34,"Eternal Feather":13,"Whetstone":11,"War Paint":21,"Burning Blood":0,"OrangePellets":39,"Bottled Flame":31,"Mummified Hand":9,"Sundial":40,"Snecko Eye":17,"Molten Egg 2":30,"Toy Ornithopter":24,"InkBottle":45,"Meat on the Bone":43},{"Pear":3,"Gremlin Horn":14,"Velvet Choker":18,"Eternal Feather":7,"Whetstone":5,"War Paint":12,"Burning Blood":0,"OrangePellets":21,"Bottled Flame":17,"Mummified Hand":4,"Sundial":22,"Snecko Eye":9,"Molten Egg 2":17,"Toy Ornithopter":13,"InkBottle":24,"Meat on the Bone":23},{"Pear":12,"Gremlin Horn":61,"Velvet Choker":81,"Eternal Feather":30,"Whetstone":18,"War Paint":55,"Burning Blood":0,"OrangePellets":92,"Bottled Flame":72,"Mummified Hand":15,"Sundial":97,"Snecko Eye":44,"Molten Egg 2":72,"Toy Ornithopter":58,"InkBottle":106,"Meat on the Bone":101}],"Toy Ornithopter":20,"InkBottle":[6],"Meat on the Bone":12},"card_choices":[{"not_picked":["Exhume","Brutality"],"picked":"Feed","floor":0.0},{"not_picked":["Havoc","Perfected Strike"],"picked":"Pommel Strike","floor":1.0},{"not_picked":["Clothesline","Iron Wave"],"picked":"Pummel","floor":4.0},{"not_picked":["Intimidate","Carnage"],"picked":"Reaper","floor":7.0},{"not_picked":["Iron Wave","Thunderclap"],"picked":"Spot Weakness","floor":8.0},{"not_picked":["Reckless Charge","Flex"],"picked":"Dual Wield","floor":11.0},{"not_picked":["Dark Embrace","Sever Soul"],"picked":"Uppercut","floor":12.0},{"not_picked":["Rampage","Clash"],"picked":"Double Tap","floor":13.0},{"not_picked":["Clash","Twin Strike","Perfected Strike"],"picked":"SKIP","floor":14.0},{"not_picked":["Exhume","Corruption"],"picked":"Feed","floor":16.0},{"not_picked":["Clash+1","Entrench","Sentinel"],"picked":"SKIP","floor":18.0},{"not_picked":["Clash","Spot Weakness"],"picked":"Clothesline+1","floor":19.0},{"not_picked":["Sword Boomerang","Battle Trance","Seeing Red"],"picked":"SKIP","floor":20.0},{"not_picked":["Rupture","Dual Wield","Flex"],"picked":"SKIP","floor":24.0},{"not_picked":["Spot Weakness","Perfected Strike","Cleave"],"picked":"SKIP","floor":25.0},{"not_picked":["Perfected Strike","Offering","Sword Boomerang"],"picked":"SKIP","floor":27.0},{"not_picked":["Heavy Blade","Rage","Havoc+1"],"picked":"SKIP","floor":28.0},{"not_picked":["Headbutt+1","Havoc","Sword Boomerang+1"],"picked":"SKIP","floor":30.0},{"not_picked":["Fiend Fire+1","Double Tap"],"picked":"Impervious","floor":33.0},{"not_picked":["Clothesline+1","Fire Breathing","Second Wind"],"picked":"SKIP","floor":35},{"not_picked":["Iron Wave+1","Headbutt+1","Anger+1"],"picked":"SKIP","floor":36},{"not_picked":["Twin Strike+1","Cleave+1"],"picked":"Inflame+1","floor":38},{"not_picked":["Twin Strike+1","Perfected Strike+1"],"picked":"Juggernaut","floor":40},{"not_picked":["Headbutt+1","Anger+1"],"picked":"Flame Barrier","floor":42},{"not_picked":["Headbutt+1","Sword Boomerang+1","Battle Trance"],"picked":"SKIP","floor":45},{"not_picked":["Inflame","Perfected Strike+1","Anger+1"],"picked":"SKIP","floor":48}],"player_experience":505970,"relics_obtained":[{"floor":7.0,"key":"Pear"},{"floor":9.0,"key":"Mummified Hand"},{"floor":11.0,"key":"Whetstone"},{"floor":13.0,"key":"Eternal Feather"},{"floor":24.0,"key":"Toy Ornithopter"},{"floor":26.0,"key":"Gremlin Horn"},{"floor":30.0,"key":"Molten Egg 2"},{"floor":31.0,"key":"Bottled Flame"},{"floor":40,"key":"Sundial"},{"floor":43,"key":"Meat on the Bone"},{"floor":45,"key":"InkBottle"}],"event_choices":[{"cards_removed":["Strike_R"],"damage_healed":0.0,"max_hp_gain":0.0,"max_hp_loss":0.0,"gold_gain":0.0,"event_name":"The Cleric","player_choice":"Card Removal","floor":2.0,"gold_loss":75.0,"damage_taken":0.0},{"cards_removed":["Strike_R"],"damage_healed":0.0,"max_hp_gain":0.0,"max_hp_loss":0.0,"gold_gain":0.0,"event_name":"Golden Wing","player_choice":"Card Removal","floor":3.0,"gold_loss":0.0,"damage_taken":7.0},{"damage_healed":0.0,"max_hp_gain":0.0,"max_hp_loss":0.0,"gold_gain":0.0,"event_name":"Living Wall","player_choice":"Grow","floor":5.0,"gold_loss":0.0,"damage_taken":0.0,"cards_upgraded":["Feed"]},{"damage_healed":0.0,"max_hp_gain":0.0,"max_hp_loss":0.0,"gold_gain":0.0,"event_name":"Ghosts","player_choice":"Ignored","floor":22.0,"gold_loss":0.0,"damage_taken":0.0},{"cards_removed":["Strike_R"],"damage_healed":0,"gold_gain":0,"player_choice":"Offered Basic","damage_taken":0,"max_hp_gain":0,"max_hp_loss":0,"event_name":"Bonfire Elementals","floor":37,"gold_loss":0},{"cards_removed":["Defend_R"],"damage_healed":0,"gold_gain":0,"player_choice":"Removed Skill","damage_taken":0,"max_hp_gain":0,"max_hp_loss":0,"event_name":"Falling","floor":44,"gold_loss":0}],"is_beta":false,"boss_relics":[{"not_picked":["Coffee Dripper","Runic Cube"],"picked":"Snecko Eye"},{"not_picked":["Black Blood","Runic Pyramid"],"picked":"Velvet Choker"}],"items_purged_floors":[21,39],"is_endless":false,"potions_floor_spawned":[7,11,13,14,19,20,25,27,28,38,48],"ascension_level":16}}