{"host":"newqdrzxfhh2im9e","time":1609909067,"event":{"mods":["AchievementEnabler","BaseMod","BetterRewards","Block Reminder","Colored Map","Jorbs\u0027s Wanderer Trilogy","Minty Spire (QoL Compilation)","Rare Cards Sparkle","Shop Mod","StSLib"],"gold_per_floor":[115,130,144,219,219,219,233,258,258,271,47,100,119,136,136,136,136],"floor_reached":16,"playtime":728,"items_purged":[],"score":106,"play_id":"fa675b9a-a789-4497-b190-33c9a5956a1c","local_time":"20210105205747","is_ascension_mode":false,"campfire_choices":[{"data":"Judgement","floor":6,"key":"SMITH"},{"floor":15,"key":"REST"}],"circlet_count":0,"master_deck":["Strike_P","Strike_P","Strike_P","Strike_P","Defend_P","Defend_P","Defend_P","Defend_P","Eruption","Vigilance","EmptyMind","Tantrum","Judgement+1","Consecrate","Weave","Meditate","WaveOfTheHand","Adaptation","DeceiveReality","Vault"],"relics":["PureWater","NeowsBlessing","Shuriken","Letter Opener"],"acts_visited":["Exordium"],"potions_floor_usage":[7,7,8,10,12,13,14],"damage_taken":[{"damage":0,"enemies":"2 Louse","floor":1,"turns":1},{"damage":0,"enemies":"Small Slimes","floor":2,"turns":1},{"damage":0,"enemies":"Cultist","floor":3,"turns":1},{"damage":6,"enemies":"Blue Slaver","floor":7,"turns":3},{"damage":12,"enemies":"Gremlin Nob","floor":8,"turns":3},{"damage":2,"enemies":"2 Fungi Beasts","floor":10,"turns":2},{"damage":0,"enemies":"3 Louse","floor":12,"turns":2},{"damage":23,"enemies":"Gremlin Gang","floor":13,"turns":5},{"damage":1,"enemies":"Lots of Slimes","floor":14,"turns":2},{"damage":48,"enemies":"Hexaghost","floor":16,"turns":14}],"seed_played":"-4154736036603063239","potions_obtained":[{"floor":3,"key":"BottledMiracle"},{"floor":5,"key":"Regen Potion"},{"floor":5,"key":"Energy Potion"},{"floor":8,"key":"LiquidMemories"},{"floor":10,"key":"ColorlessPotion"},{"floor":12,"key":"EssenceOfSteel"},{"floor":13,"key":"Fire Potion"}],"is_trial":false,"path_per_floor":["M","M","M","?","?","R","M","E","T","M","$","M","M","M","R","B"],"character_chosen":"WATCHER","items_purchased":["WaveOfTheHand","Adaptation","DeceiveReality"],"campfire_rested":1,"item_purchase_floors":[11,11,11],"current_hp_per_floor":[72,72,72,61,61,61,64,52,52,50,50,50,27,26,47,0,0],"gold":136,"neow_bonus":"THREE_ENEMY_KILL","is_daily":false,"chose_seed":false,"campfire_upgraded":1,"win_rate":0.0,"timestamp":1609909067,"path_taken":["M","M","M","?","?","R","M","E","T","M","$","M","M","M","R","BOSS"],"items_purchased_type":["Card","Card","Card"],"build_version":"2020-12-22","purchased_purges":0,"victory":false,"max_hp_per_floor":[72,72,72,72,72,72,72,72,72,72,72,72,72,72,72,72,72],"card_choices":[{"not_picked":["ClearTheMind","Halt"],"picked":"EmptyMind","floor":1},{"not_picked":["Protect","BowlingBash"],"picked":"Tantrum","floor":2},{"not_picked":["Consecrate","FlyingSleeves"],"picked":"Judgement","floor":3},{"not_picked":["FlyingSleeves","Tantrum"],"picked":"Consecrate","floor":7},{"not_picked":["Evaluate","BowlingBash"],"picked":"Weave","floor":8},{"not_picked":["Crescendo","EmptyBody"],"picked":"Meditate","floor":10},{"not_picked":["Vengeance","ReachHeaven"],"picked":"Vault","floor":12},{"not_picked":["EmptyBody","Evaluate","Sanctity"],"picked":"SKIP","floor":13},{"not_picked":["FlurryOfBlows","ThirdEye","ClearTheMind"],"picked":"SKIP","floor":14}],"player_experience":690632,"relics_obtained":[{"floor":8,"key":"Shuriken"},{"floor":9,"key":"Letter Opener"}],"event_choices":[{"damage_healed":0,"gold_gain":75,"player_choice":"Gather Gold","damage_taken":11,"max_hp_gain":0,"max_hp_loss":0,"event_name":"World of Goop","floor":4,"gold_loss":0},{"damage_healed":0,"gold_gain":0,"player_choice":"Got Potions","damage_taken":0,"max_hp_gain":0,"max_hp_loss":0,"event_name":"Lab","floor":5,"gold_loss":0}],"is_beta":false,"boss_relics":[],"items_purged_floors":[],"is_endless":false,"potions_floor_spawned":[3,8,10,12,13],"killed_by":"Hexaghost","ascension_level":0}}