{"host":"mruvby243fwgm3bp","time":1609927259,"event":{"mods":["AchievementEnabler","BaseMod","Colored Map","Colored Powertips","Minty Spire (QoL Compilation)","Permanent Neow","Random Character Button","StSLib"],"gold_per_floor":[116,116,196,46,62,62,88,88,88,88,100,117,41,69,69,172,172,188,13,29,41,56,56,56,70,70,70,0,15,49,24,24,121,121,138,138,63,73,73,107,107,107,107],"floor_reached":42,"playtime":1981,"items_purged":["Strike_B"],"score":706,"play_id":"26c744e2-eefb-444e-b926-2b0918433fd3","local_time":"20210106020059","is_ascension_mode":true,"campfire_choices":[{"data":"Streamline","floor":6,"key":"SMITH"},{"data":"Zap","floor":8,"key":"SMITH"},{"floor":15,"key":"REST"},{"data":"Buffer","floor":23,"key":"SMITH"},{"data":"Coolheaded","floor":27,"key":"SMITH"},{"floor":32,"key":"REST"},{"data":"Amplify","floor":41,"key":"SMITH"}],"circlet_count":0,"master_deck":["Strike_B","Strike_B","Defend_B","Defend_B","Zap+1","Dualcast","Streamline+1","Force Field","FTL+1","Chill","Beam Cell+1","Beam Cell+1","Self Repair","Coolheaded+1","Buffer+1","Gash+1","Gash+1","Capacitor","Blind","Go for the Eyes+1","Loop","Scrape+1","Sunder+1","Chill","Force Field+1","Defragment+1","Buffer","Beam Cell+1","Amplify+1","Gash+1","Chrysalis"],"relics":["SlaversCollar","TheAbacus","Molten Egg 2","Shuriken","HornCleat","Philosopher\u0027s Stone","Mummified Hand","Singing Bowl","Nuclear Battery","Vajra","Pen Nib"],"acts_visited":["Exordium","TheCity","TheBeyond"],"potions_floor_usage":[20,25,33,35,40],"damage_taken":[{"damage":3,"enemies":"Small Slimes","floor":1,"turns":6},{"damage":0,"enemies":"2 Louse","floor":5,"turns":2},{"damage":38,"enemies":"Gremlin Nob","floor":7,"turns":5},{"damage":2,"enemies":"Jaw Worm","floor":11,"turns":2},{"damage":0,"enemies":"2 Fungi Beasts","floor":12,"turns":4},{"damage":16,"enemies":"Lagavulin","floor":14,"turns":5},{"damage":9,"enemies":"The Guardian","floor":16,"turns":10},{"damage":11,"enemies":"Shell Parasite","floor":18,"turns":5},{"damage":0,"enemies":"Spheric Guardian","floor":20,"turns":3},{"damage":35,"enemies":"Chosen and Byrds","floor":21,"turns":8},{"damage":26,"enemies":"Snake Plant","floor":22,"turns":7},{"damage":0,"enemies":"Snecko","floor":25,"turns":4},{"damage":0,"enemies":"Centurion and Healer","floor":29,"turns":5},{"damage":8,"enemies":"Gremlin Leader","floor":30,"turns":8},{"damage":0,"enemies":"Automaton","floor":33,"turns":8},{"damage":0,"enemies":"3 Darklings","floor":35,"turns":6},{"damage":0,"enemies":"3 Shapes","floor":38,"turns":6},{"damage":57,"enemies":"Reptomancer","floor":40,"turns":8},{"damage":41,"enemies":"Nemesis","floor":42,"turns":3}],"seed_played":"-7437487695549040803","potions_obtained":[{"floor":11,"key":"Ancient Potion"},{"floor":12,"key":"SmokeBomb"},{"floor":16,"key":"FearPotion"},{"floor":18,"key":"AttackPotion"},{"floor":25,"key":"Dexterity Potion"},{"floor":29,"key":"PowerPotion"},{"floor":30,"key":"Swift Potion"},{"floor":38,"key":"Fruit Juice"}],"is_trial":false,"path_per_floor":["M","?","?","$","M","R","E","R","T","?","M","M","$","E","R","B",null,"M","$","M","M","M","R","?","M","T","R","?","M","E","$","R","B",null,"M","?","$","M","?","E","R","E"],"character_chosen":"DEFECT","items_purchased":["TheAbacus","Self Repair","Gash+1","Capacitor","Blind","Beam Cell+1"],"campfire_rested":2,"item_purchase_floors":[4,13,19,19,19,31],"current_hp_per_floor":[65,70,70,70,70,70,32,32,32,32,30,30,30,14,38,36,69,65,65,65,37,18,18,18,18,18,18,18,25,24,24,48,55,74,80,80,80,80,80,37,37,0,0],"gold":107,"neow_bonus":"BOSS_RELIC","is_daily":false,"chose_seed":false,"campfire_upgraded":5,"win_rate":0.0,"timestamp":1609927259,"path_taken":["M","?","?","?","M","R","E","R","T","?","?","M","$","E","R","BOSS","M","$","M","M","M","R","?","M","T","R","?","M","E","?","R","BOSS","M","?","$","?","?","E","R","E"],"items_purchased_type":["Relic","Card","Card","Card","Card","Card"],"build_version":"2020-12-22","purchased_purges":1,"victory":false,"max_hp_per_floor":[75,80,80,80,80,80,80,80,80,80,80,80,80,80,80,80,80,80,80,80,80,80,80,80,80,80,80,80,80,80,80,80,80,80,80,80,80,80,80,87,87,87,87],"card_choices":[{"not_picked":["Conserve Battery","Beam Cell"],"picked":"Streamline","floor":1},{"not_picked":["Barrage","Lockon"],"picked":"Force Field","floor":5},{"not_picked":["Biased Cognition","Self Repair"],"picked":"FTL+1","floor":7},{"not_picked":["Blizzard+1","Barrage+1"],"picked":"Beam Cell+1","floor":11},{"not_picked":["Heatsinks","Sweeping Beam+1"],"picked":"Beam Cell+1","floor":12},{"not_picked":["Rainbow","White Noise"],"picked":"Coolheaded","floor":14},{"not_picked":["Seek","Machine Learning"],"picked":"Buffer","floor":16},{"not_picked":["Hologram","Streamline+1"],"picked":"Gash+1","floor":18},{"not_picked":["Loop","Electrodynamics"],"picked":"Go for the Eyes+1","floor":20},{"not_picked":["Undo","Conserve Battery"],"picked":"Loop","floor":21},{"not_picked":["Conserve Battery+1","Fusion"],"picked":"Scrape+1","floor":22},{"not_picked":["Conserve Battery","Leap"],"picked":"Force Field+1","floor":25},{"not_picked":["Cold Snap+1","Barrage+1"],"picked":"Defragment+1","floor":29},{"not_picked":["Blizzard+1","Leap+1"],"picked":"Buffer","floor":30},{"not_picked":["Multi-Cast","Meteor Strike+1"],"picked":"Amplify","floor":33},{"not_picked":["Hello World","Cold Snap+1","Turbo"],"picked":"SKIP","floor":35},{"not_picked":["Reprogram+1","Reinforced Body"],"picked":"Gash+1","floor":38},{"not_picked":["Panacea","Dramatic Entrance+1"],"picked":"Chrysalis","floor":39},{"not_picked":["Reinforced Body+1","Barrage+1","Sunder+1"],"picked":"Singing Bowl","floor":40}],"player_experience":381294,"relics_obtained":[{"floor":7,"key":"Molten Egg 2"},{"floor":9,"key":"Shuriken"},{"floor":14,"key":"HornCleat"},{"floor":26,"key":"Mummified Hand"},{"floor":30,"key":"Singing Bowl"},{"floor":40,"key":"Pen Nib"}],"event_choices":[{"damage_healed":0,"gold_gain":0,"player_choice":"Donut","damage_taken":0,"max_hp_gain":5,"max_hp_loss":0,"event_name":"Big Fish","floor":2,"gold_loss":0},{"damage_healed":0,"gold_gain":80,"player_choice":"Gained Gold","damage_taken":0,"max_hp_gain":0,"max_hp_loss":0,"event_name":"Golden Wing","floor":3,"gold_loss":0},{"damage_healed":0,"gold_gain":0,"cards_transformed":["Defend_B"],"player_choice":"Transformed","damage_taken":0,"max_hp_gain":0,"max_hp_loss":0,"event_name":"Transmorgrifier","floor":10,"gold_loss":0,"cards_obtained":["Chill"]},{"damage_healed":0,"gold_gain":0,"cards_transformed":["Strike_B","Defend_B"],"player_choice":"Became Test Subject","damage_taken":0,"max_hp_gain":0,"max_hp_loss":0,"event_name":"Drug Dealer","floor":24,"gold_loss":0,"cards_obtained":["Sunder","Chill"]},{"damage_healed":0,"gold_gain":0,"player_choice":"Paid Fearfully","damage_taken":0,"max_hp_gain":0,"max_hp_loss":0,"event_name":"Masked Bandits","floor":28,"gold_loss":70},{"damage_healed":0,"gold_gain":0,"player_choice":"Gave Potion","damage_taken":0,"relics_obtained":["Vajra"],"max_hp_gain":0,"max_hp_loss":0,"event_name":"WeMeetAgain","floor":36,"gold_loss":0},{"damage_healed":0,"gold_gain":0,"player_choice":"Memory 1","damage_taken":0,"max_hp_gain":0,"max_hp_loss":0,"event_name":"SensoryStone","floor":39,"gold_loss":0}],"is_beta":false,"boss_relics":[{"not_picked":["Velvet Choker","Fusion Hammer"],"picked":"Philosopher\u0027s Stone"},{"not_picked":["Astrolabe","Calling Bell"],"picked":"Nuclear Battery"}],"items_purged_floors":[37],"is_endless":false,"potions_floor_spawned":[11,12,16,18,25,29,30,38],"killed_by":"Nemesis","ascension_level":8}}