{"host":"36mulxq349byzoa2","time":1609892292,"event":{"mods":["AchievementEnabler","BaseMod","Better Match","Block Reminder","Colored Map","Colored Powertips","Minty Spire (QoL Compilation)","Rare Cards Sparkle","StSLib","SuperFastMode"],"gold_per_floor":[111,125,125,139,157,157,157,157],"floor_reached":7,"playtime":139,"items_purged":[],"score":84,"play_id":"a7f5e1fc-3e2c-4939-b0d0-54483824962c","local_time":"20210105191812","is_ascension_mode":true,"campfire_choices":[{"data":"Neutralize","floor":6,"key":"SMITH"}],"circlet_count":0,"master_deck":["AscendersBane","Strike_G","Strike_G","Strike_G","Strike_G","Strike_G","Defend_G","Defend_G","Defend_G","Defend_G","Defend_G","Survivor","Neutralize+1","Quick Slash","Dagger Throw","PiercingWail","Dagger Spray"],"relics":["Ring of the Snake","NeowsBlessing"],"acts_visited":["Exordium"],"potions_floor_usage":[7],"damage_taken":[{"damage":0,"enemies":"Cultist","floor":1,"turns":1},{"damage":0,"enemies":"2 Louse","floor":2,"turns":1},{"damage":0,"enemies":"Jaw Worm","floor":4,"turns":1},{"damage":9,"enemies":"Blue Slaver","floor":5,"turns":5},{"damage":33,"enemies":"Lagavulin","floor":7,"turns":8}],"seed_played":"636615248943406906","potions_obtained":[{"floor":3,"key":"Dexterity Potion"},{"floor":3,"key":"FairyPotion"}],"is_trial":false,"path_per_floor":["M","M","?","M","M","R","E"],"character_chosen":"THE_SILENT","items_purchased":[],"campfire_rested":0,"item_purchase_floors":[],"current_hp_per_floor":[59,59,59,59,50,50,17,17],"gold":157,"neow_bonus":"THREE_ENEMY_KILL","is_daily":false,"chose_seed":false,"campfire_upgraded":1,"win_rate":0.0,"timestamp":1609892292,"path_taken":["M","?","?","?","M","R","E"],"items_purchased_type":[],"build_version":"2020-12-22","purchased_purges":0,"victory":false,"max_hp_per_floor":[66,66,66,66,66,66,66,66],"card_choices":[{"not_picked":["Flying Knee","Backflip"],"picked":"Quick Slash","floor":1},{"not_picked":["Terror","Outmaneuver"],"picked":"Dagger Throw","floor":2},{"not_picked":["Cloak And Dagger","Bane"],"picked":"PiercingWail","floor":4},{"not_picked":["Escape Plan","Sucker Punch"],"picked":"Dagger Spray","floor":5}],"player_experience":1004526,"relics_obtained":[],"event_choices":[{"damage_healed":0,"gold_gain":0,"player_choice":"Got Potions","damage_taken":0,"max_hp_gain":0,"max_hp_loss":0,"event_name":"Lab","floor":3,"gold_loss":0}],"is_beta":false,"boss_relics":[],"items_purged_floors":[],"is_endless":false,"potions_floor_spawned":[5],"killed_by":"Lagavulin","ascension_level":19}}