{"host":"qihv10mixs26xc23","time":1609969614,"event":{"mods":["AchievementEnabler","BaseMod","BetterRewards","Downfall","Googly Eyes","Hermit","Minty Spire (QoL Compilation)","Replay The Spire","Shop Mod","StSLib","The Marked"],"gold_per_floor":[99,99,99,99,99,99,124,149,149,159,159,174,174,449,469,469,469,469],"floor_reached":16,"playtime":565,"items_purged":[],"score":96,"play_id":"6f1ed906-5188-445c-b60d-d9ebeebd6f48","local_time":"20210106164654","is_ascension_mode":false,"campfire_choices":[{"data":"hexamod:Float","floor":1,"key":"SMITH"},{"data":"hexamod:TimeOfNeed","floor":9,"key":"SMITH"},{"data":"hexamod:StepThrough","floor":13,"key":"SMITH"}],"circlet_count":0,"master_deck":["hexamod:Strike","hexamod:Strike","hexamod:Strike","hexamod:Defend","hexamod:Defend","hexamod:Defend","hexamod:Defend","hexamod:Sear","hexamod:Float+1","hexamod:Firestarter","hexamod:Haunt","hexamod:BacktrackSmack","hexamod:TimeOfNeed+1","hexamod:GhostOfSpirePast","hexamod:StepThrough+1","hexamod:RainOfEmbers"],"relics":["hexamod:SpiritBrand","downfall:HeartsMalice","Omamori","Shuriken"],"acts_visited":["Exordium"],"potions_floor_usage":[16,16,16],"damage_taken":[{"damage":0,"enemies":"Jaw Worm","floor":2,"turns":1},{"damage":0,"enemies":"2 Louse","floor":4,"turns":1},{"damage":0,"enemies":"Cultist","floor":6,"turns":1},{"damage":8,"enemies":"Replay:BlueRogue","floor":8,"turns":5},{"damage":16,"enemies":"Exordium Wildlife","floor":10,"turns":5},{"damage":1,"enemies":"3 Louse","floor":12,"turns":3},{"damage":18,"enemies":"Exordium Thugs","floor":15,"turns":3},{"damage":44,"enemies":"downfall:Defect","floor":16,"turns":5}],"seed_played":"7845448513149340476","potions_obtained":[{"floor":8,"key":"SpeedPotion"},{"floor":10,"key":"Guardian:BlockOnCardUsePotion"},{"floor":12,"key":"Swift Potion"}],"is_trial":false,"path_per_floor":["R","M","?","M","?","M","T","E","R","M","?","M","R","?","M","B"],"character_chosen":"THE_SPIRIT","items_purchased":[],"campfire_rested":0,"item_purchase_floors":[],"current_hp_per_floor":[70,70,70,70,70,70,70,62,62,46,63,62,62,62,44,0,0,0],"gold":469,"neow_bonus":"THREE_ENEMY_KILL","is_daily":false,"chose_seed":false,"campfire_upgraded":3,"win_rate":0.0,"timestamp":1609969614,"path_taken":["R","M","?","M","?","M","T","E","R","M","?","M","R","?","M","BOSS"],"items_purchased_type":[],"build_version":"2020-12-22","purchased_purges":0,"victory":false,"max_hp_per_floor":[70,70,70,70,70,70,70,70,70,70,70,70,70,70,70,70,70,70],"card_choices":[{"not_picked":["hexamod:RecurringNightmare","hexamod:ChargedBarrage"],"picked":"hexamod:Firestarter","floor":2},{"not_picked":["hexamod:NightmareGuise","hexamod:GhostOfSpireFuture"],"picked":"hexamod:Haunt","floor":4},{"not_picked":["hexamod:FastForward","hexamod:InspiringFlames"],"picked":"hexamod:BacktrackSmack","floor":6},{"not_picked":["hexamod:GhostLash","hexamod:ShieldOfDarkness"],"picked":"hexamod:TimeOfNeed","floor":8},{"not_picked":["hexamod:NightmareGuise","hexamod:BurningTouch"],"picked":"hexamod:GhostOfSpirePast","floor":10},{"not_picked":["hexamod:GhostLash","hexamod:Haunt"],"picked":"hexamod:StepThrough","floor":12},{"not_picked":["hexamod:InspiringFlames","hexamod:NightmareStrike"],"picked":"hexamod:RainOfEmbers","floor":15}],"player_experience":68943,"relics_obtained":[{"floor":7,"key":"Omamori"},{"floor":8,"key":"Shuriken"}],"event_choices":[{"damage_healed":17,"gold_gain":0,"player_choice":"Healed and dodged fight","damage_taken":0,"max_hp_gain":0,"max_hp_loss":0,"event_name":"Mushrooms","floor":11,"gold_loss":0,"cards_obtained":["Parasite"]}],"is_beta":false,"boss_relics":[],"items_purged_floors":[],"is_endless":false,"potions_floor_spawned":[8,10,12,15],"killed_by":"downfall:Defect","ascension_level":0}}