{"host":"acczert1kscx59ut","time":1609924296,"event":{"mods":["AchievementEnabler","Act Like it!","Aspiration","Astrologer","BaseMod","Beaked The Cultist","Bestiary","BetterRewards","Conspire","Decade(???)","Dio Mod","Downfall","Duelist Mod","Elementarium","Gensokyo","GifTheSpireLib","Glutton Mod","Gold Saver","Gremlin Mod","GungeonMod","Hallownest","Hermit","Hero for Fun","Hubris","Infinite Spire","Jorbs\u0027s Wanderer Trilogy","Koishi","Lobotomy","LobotomyExtend","Magitek Elite","Melee Mod","Minty Spire (QoL Compilation)","Quick Restart","Replay The Spire","Robot Space Explorer","Shade Mod","Shedinja","Shop Mod","Somnambulant","Spicy Shops","StSLib","Stuff the Spire","SuperFastMode","Td1madao Mod","The Animator","The Blackbeard","The Bug Knight","The Clintock","The Construct","The Cursed","The Disciple","The Dragon Tamer","The Exalted","The Factory","The Forsaken","The Gatherer","The Hayseed","The Hierophant","The Jungle","The Kombatant","The Necromancer","The Problem Sleuth","The Runesmith","The Showman","The Valiant","The Vixen","The Wild Card","TheFirefly","thorton","vexMod"],"gold_per_floor":[119,136,136,152,152,179,190,205,228,246,277,27,37,54,54,151,151,151,151],"floor_reached":18,"playtime":1865,"items_purged":[],"score":226,"play_id":"f9dbf267-933f-46e5-b67f-4617097be353","local_time":"20210106041136","is_ascension_mode":false,"campfire_choices":[{"floor":15,"key":"REST"}],"circlet_count":0,"master_deck":["clintock:ClintockStrike","clintock:ClintockStrike","clintock:ClintockStrike","clintock:ClintockStrike","clintock:ClintockDefend","clintock:ClintockDefend","clintock:ClintockDefend","clintock:ClintockDefend","clintock:BaseSynthesis","clintock:Replenish","clintock:Excavate","clintock:Eureka","clintock:Interrupt","clintock:Eureka","clintock:MetabolicPathways","clintock:Centrifuge+1","clintock:Centrifuge+1","The Bomb","clintock:BruteForce","clintock:Centrifuge+1","clintock:Epidemic+1","clintock:SuspendAnimation"],"relics":["clintock:BiomoleculePool","vexMod:FocusSash","LetterFromLob","hubris:MedicalManual","Molten Egg 2","ReplayTheSpireMod:Lightbulb","Bag of Marbles","Empty Cage"],"acts_visited":["Exordium","TheCity"],"potions_floor_usage":[8,11],"damage_taken":[{"damage":0,"enemies":"2 Louse","floor":1,"turns":3},{"damage":5,"enemies":"Cultist","floor":2,"turns":5},{"damage":4,"enemies":"conspire:RoseBush","floor":4,"turns":3},{"damage":10,"enemies":"Replay:BlueRogue","floor":6,"turns":13},{"damage":5,"enemies":"Red Slaver","floor":7,"turns":6},{"damage":2,"enemies":"Lots of Slimes","floor":8,"turns":6},{"damage":0,"enemies":"Gremlin Gang","floor":10,"turns":2},{"damage":37,"enemies":"Gremlin Nob","floor":11,"turns":5},{"damage":1,"enemies":"Large Slime","floor":13,"turns":4},{"damage":2,"enemies":"2 Fungi Beasts","floor":14,"turns":3},{"damage":23,"enemies":"Hexaghost","floor":16,"turns":13},{"damage":82,"enemies":"Chosen","floor":18,"turns":2}],"seed_played":"-6485040654580270989","potions_obtained":[{"floor":2,"key":"DemoMod:LeadSkinPotion"},{"floor":4,"key":"BlessingOfTheForge"},{"floor":7,"key":"DemoMod:LeadSkinPotion"},{"floor":8,"key":"Doom Potion"},{"floor":10,"key":"SpeedPotion"},{"floor":16,"key":"Swift Potion"}],"is_trial":false,"path_per_floor":["M","M","?","M","$","E","M","M","T","M","E","$","M","M","R","B",null,"M"],"character_chosen":"CLINTOCK_CLASS","items_purchased":["The Bomb","clintock:BruteForce"],"campfire_rested":1,"item_purchase_floors":[12,12],"current_hp_per_floor":[80,75,75,71,71,61,56,54,54,54,17,17,16,14,38,15,80,0,0],"gold":151,"neow_bonus":"RANDOM_COMMON_RELIC","is_daily":false,"chose_seed":false,"campfire_upgraded":0,"win_rate":0.0,"timestamp":1609924296,"path_taken":["M","M","?","M","$","E","M","M","T","M","E","$","M","M","R","BOSS","M"],"items_purchased_type":["Card","Card"],"build_version":"2020-12-22","purchased_purges":0,"victory":false,"max_hp_per_floor":[80,80,80,80,80,80,80,80,80,80,80,80,80,80,80,80,80,208,208],"card_choices":[{"not_picked":["clintock:DealersLuck","clintock:ImpulsiveShot"],"picked":"clintock:Excavate","floor":1},{"not_picked":["clintock:DegradedPrimer","clintock:Recombination"],"picked":"clintock:Eureka","floor":2},{"not_picked":["clintock:Jab","clintock:CompostBin"],"picked":"clintock:Interrupt","floor":4},{"not_picked":["clintock:DCMP+1","clintock:Jab+1"],"picked":"clintock:Eureka","floor":6},{"not_picked":["clintock:RandomForest","clintock:Excavate"],"picked":"clintock:MetabolicPathways","floor":7},{"not_picked":["clintock:MendelPro","clintock:Jab+1"],"picked":"clintock:Centrifuge+1","floor":8},{"not_picked":["clintock:EnergyMetabolism","clintock:DCMP+1"],"picked":"clintock:Excavate","floor":10},{"not_picked":["clintock:Irradiate+1","clintock:DealersLuck"],"picked":"clintock:Centrifuge+1","floor":11},{"not_picked":["clintock:DegradedPrimer+1","clintock:EnergyMetabolism"],"picked":"clintock:Centrifuge+1","floor":13},{"not_picked":["clintock:GlucoseToxicity","clintock:Ketosis+1"],"picked":"clintock:Epidemic+1","floor":14},{"not_picked":["clintock:NextGenBoost","clintock:BiolelePrime"],"picked":"clintock:SuspendAnimation","floor":16}],"player_experience":177632,"relics_obtained":[{"floor":1,"key":"LetterFromLob"},{"floor":6,"key":"Molten Egg 2"},{"floor":9,"key":"ReplayTheSpireMod:Lightbulb"},{"floor":11,"key":"Bag of Marbles"}],"event_choices":[{"damage_healed":0,"gold_gain":0,"player_choice":"Gave Potion","damage_taken":0,"relics_obtained":["hubris:MedicalManual"],"max_hp_gain":0,"max_hp_loss":0,"event_name":"WeMeetAgain","floor":3,"gold_loss":0}],"is_beta":false,"boss_relics":[{"not_picked":["vexMod:NewClearReactor","conspire:SeveredTorchhead"],"picked":"Empty Cage"}],"items_purged_floors":[],"is_endless":false,"potions_floor_spawned":[2,4,7,8,10,16],"killed_by":"Chosen","ascension_level":0}}