{"host":"ueaobptuyu87ouwy","time":1609895546,"event":{"mods":["Aspiration","Bard","BaseMod","Better Altar","Better Match","Better Note","Better Sensory Stone","Better Skull","Better Third Choice","BetterRewards","CCEM","Colored Map","Conspire","Downfall","GifTheSpireLib","Googly Eyes","Halation","Hermit","Highlight Path","Hubris","Infinite Spire","Jedi Mod","Jorbs\u0027s Wanderer Trilogy","Marisa????????","Mimic Mod","Minty Spire (QoL Compilation)","Permanent Neow","Replay The Spire","StSLib","Stuff the Spire","The Runesmith","Unceasing Turn Reminder","everything is the same but u backflip on backflip","slay the spire mod where everything is the same but ironclad has a cowboy hat"],"gold_per_floor":[115,115,132,132,7,39,50,50,50,50,77,77,103,122,122,226,226,244,258,258,268,268,268,93,126,153,153,165,83,108,33,33,138,138,165,194,194,221,221,264,264,264,264,316,316,354,354,387,387,387],"floor_reached":51,"playtime":4423,"items_purged":["Regret"],"score":1436,"play_id":"df4136ac-3fa6-4b68-9009-a62717023d20","local_time":"20210106091226","is_ascension_mode":false,"campfire_choices":[{"data":"Streamline","floor":8.0,"key":"SMITH"},{"data":"aspiration:Polymerization","floor":10.0,"key":"SMITH"},{"data":"Defragment","floor":15.0,"key":"SMITH"},{"floor":23.0,"key":"REST"},{"data":"hubris:DuctTapeCard","floor":27.0,"key":"SMITH"},{"floor":32.0,"key":"REST"},{"data":"infinitespire:Collect","floor":41,"key":"SMITH"},{"floor":49,"key":"DIG"}],"circlet_count":0,"master_deck":["Strike_B","Defend_B","Defend_B","Defend_B","Defend_B+1","Zap","Dualcast","Sweeping Beam","Fusion","aspiration:Polymerization+1","Streamline+1","Coolheaded","Defragment+1","Normality","Sweeping Beam","jedi:BurstDark","Pain","infinitespire:Collect+1","Survivor","Mirror Shield","expansioncontent:BronzeBeam","Rebound","Machine Learning","aspiration:UnbridledHammer","Capacitor+1","Redo","ReplayTheSpireMod:Calculation Training+1","Stack+1","StuffTheSpire:BrainWave","Sweeping Beam+1","Mirror Shield","stsjorbsmod:Withering","stsjorbsmod:PollutedStrike","Replay:Sluggish","expansioncontent:QuickStudy+1","Streamline","expansioncontent:PolyBeam+1","expansioncontent:AwakenDeath+1","Leap+1","hubris:DuctTapeCard","jedi:reiji","infinitespire:Collect+1","conspire:Rain","ReplaySolidLightProjector","infinitespire:UltimateForm","FIFO Queue+1"],"relics":["Cracked Core","aspiration:HiddenCompartment","Juzu Bracelet","Pocketwatch","Geode","StuffTheSpire:ColdMirror","ReplayTheSpireMod:Ring of Addiction","Chameleon Ring","hubris:EmptyBottle","Ring of Misfortune","infinitespire:CheckeredPen","ReplayTheSpireMod:SealedPack","aspiration:RitualStick","hubris:HerbalPaste","hubris:DuctTape","hubris:TenFootPole","Nunchaku","infinitespire:EvilPickle","Replay:Ancient Bell","CCEMRelics:FestiveHat","CCEMRelics:OverlyComfyChair","Ginger","hubris:Stopwatch","halation:StarCompass","War Paint","halation:Toothbrush","Omamori","halation:PapillonHeart","Toy Ornithopter"],"acts_visited":["Exordium","TheCity","TheBeyond"],"potions_floor_usage":[40,40,46,48,50,50],"damage_taken":[{"damage":0.0,"enemies":"conspire:RoseBush","floor":1.0,"turns":3.0},{"damage":1.0,"enemies":"Cultist","floor":3.0,"turns":4.0},{"damage":4.0,"enemies":"Replay:BlueRogue","floor":6.0,"turns":8.0},{"damage":0.0,"enemies":"Small Slimes","floor":7.0,"turns":3.0},{"damage":6.0,"enemies":"3 Sentries","floor":11.0,"turns":8.0},{"damage":0.0,"enemies":"Replay:BlueRogue","floor":13.0,"turns":6.0},{"damage":0.0,"enemies":"2 Fungi Beasts","floor":14.0,"turns":3.0},{"damage":0.0,"enemies":"The Guardian","floor":16.0,"turns":24.0},{"damage":0.0,"enemies":"Shell Parasite","floor":18.0,"turns":9.0},{"damage":20.0,"enemies":"3 Byrds","floor":19.0,"turns":4.0},{"damage":25.0,"enemies":"Snake Plant","floor":21.0,"turns":4.0},{"damage":29.0,"enemies":"Slavers","floor":25.0,"turns":4.0},{"damage":3.0,"enemies":"conspire:HollyBat","floor":28.0,"turns":6.0},{"damage":14.0,"enemies":"Book of Stabbing","floor":30.0,"turns":6.0},{"damage":7.0,"enemies":"Pondfish","floor":33.0,"turns":12.0},{"damage":4.0,"enemies":"3 Darklings","floor":35.0,"turns":5.0},{"damage":0.0,"enemies":"Orb Walker","floor":36.0,"turns":3.0},{"damage":14.0,"enemies":"Transient","floor":38.0,"turns":5.0},{"damage":0,"enemies":"Giant Head","floor":40,"turns":8},{"damage":9,"enemies":"Reptomancer","floor":44,"turns":6},{"damage":1,"enemies":"Maw","floor":46,"turns":7},{"damage":6,"enemies":"Spire Growth","floor":48,"turns":7},{"damage":23,"enemies":"Awakened One","floor":50,"turns":11}],"seed_played":"-4322479712998066015","potions_obtained":[{"floor":6.0,"key":"Languid Potion"},{"floor":7.0,"key":"SpeedPotion"},{"floor":11.0,"key":"Weak Potion"},{"floor":12.0,"key":"FocusPotion"},{"floor":16.0,"key":"Reflective Coating"},{"floor":21.0,"key":"Explosive Potion"},{"floor":30.0,"key":"Dexterity Potion"},{"floor":33.0,"key":"LifebloodPotion"},{"floor":35.0,"key":"Languid Potion"},{"floor":36.0,"key":"FocusPotion"},{"floor":46,"key":"AttackPotion"}],"is_trial":false,"path_per_floor":["M","?","M","?","$","E","M","R","T","R","E","?","E","M","R","B",null,"M","M","?","M","?","R","$","E","T","R","M","?","E","?","R","B",null,"M","M","AVR","M","?","E","R","?","T","E","?","M","?","M","R_BF","B",null],"character_chosen":"DEFECT","items_purchased":["StuffTheSpire:Coldhearted","Streamline","hubris:HerbalPaste","Redo"],"campfire_rested":2,"item_purchase_floors":[0,5,24,24],"current_hp_per_floor":[66,66,65,65,65,61,61,61,61,61,55,55,55,55,55,55,73,73,53,53,28,13,34,34,11,11,11,14,14,6,6,26,25,67,64,67,65,54,54,61,61,61,61,57,57,60,60,54,54,45],"gold":387,"neow_bonus":"","is_daily":false,"chose_seed":false,"campfire_upgraded":5,"win_rate":0.0,"timestamp":1609895546,"path_taken":["M","?","?","?","$","E","M","R","T","R","E","?","E","M","R","BOSS","M","M","?","M","?","R","?","E","T","R","M","?","E","?","R","BOSS","M","M","AVR","M","?","E","R","?","T","E","?","M","?","M","R_BF","BOSS"],"items_purchased_type":["Card","Card","Relic","Card"],"build_version":"2020-12-13","purchased_purges":1,"victory":true,"max_hp_per_floor":[75,75,75,75,75,75,75,75,75,75,75,75,75,75,75,73,73,73,73,73,73,73,73,73,71,71,71,71,69,69,69,69,69,67,67,67,65,65,65,65,65,65,65,63,60,60,60,60,60,60],"card_choices":[{"not_picked":["Panic Button","StuffTheSpire:LoadUp"],"picked":"aspiration:Polymerization","floor":1.0},{"not_picked":["Aggregate","StuffTheSpire:GlassShard","Tempest"],"picked":"SKIP","floor":3.0},{"not_picked":["Genetic Algorithm","StuffTheSpire:LoadUp"],"picked":"Coolheaded","floor":6.0},{"not_picked":["BootSequence","jedi:BurstFrost","Chaos"],"picked":"SKIP","floor":7.0},{"not_picked":["Go for the Eyes","Ball Lightning"],"picked":"Defragment","floor":11.0},{"not_picked":["Cold Snap","Rip and Tear","Chaos"],"picked":"SKIP","floor":13.0},{"not_picked":["FTL","Auto Shields"],"picked":"Sweeping Beam","floor":14.0},{"not_picked":["Echo Form","Thunder Strike"],"picked":"jedi:BurstDark","floor":16.0},{"not_picked":["infinitespire:UltimateForm","infinitespire:TheBestDefense"],"picked":"infinitespire:Collect","floor":17.0},{"not_picked":["Eruption","Slimebound:Tackle"],"picked":"Survivor","floor":17.0},{"not_picked":["Multi-Cast","Biased Cognition"],"picked":"Mirror Shield","floor":17.0},{"not_picked":["Good Instincts","expansioncontent:DefensiveStance"],"picked":"expansioncontent:BronzeBeam","floor":17.0},{"not_picked":["Gash+1","Ball Lightning"],"picked":"Rebound","floor":18.0},{"not_picked":["jedi:BurstLightning","Beam Cell"],"picked":"Machine Learning","floor":19.0},{"not_picked":["Double Energy","Darkness"],"picked":"Capacitor+1","floor":21.0},{"not_picked":["Compile Driver","Go for the Eyes"],"picked":"ReplayTheSpireMod:Calculation Training","floor":25.0},{"not_picked":["StuffTheSpire:GlassShard","Aggregate"],"picked":"Stack+1","floor":28.0},{"not_picked":["Beam Cell","Aggregate+1"],"picked":"Sweeping Beam+1","floor":30.0},{"not_picked":["Electrodynamics","jedi:darknesscall"],"picked":"Mirror Shield","floor":33.0},{"not_picked":["Doubt","hubris:Disease"],"picked":"stsjorbsmod:Withering","floor":34.0},{"not_picked":["Spreading Infection","Replay:Hysterical Blindness"],"picked":"stsjorbsmod:PollutedStrike","floor":34.0},{"not_picked":["Languid","hubris:Lust"],"picked":"Replay:Sluggish","floor":34.0},{"not_picked":["expansioncontent:DarkVoid+1","expansioncontent:Corrupt+1"],"picked":"expansioncontent:QuickStudy+1","floor":35.0},{"not_picked":["Conserve Battery+1","BasicCrystalCard"],"picked":"Streamline","floor":35.0},{"not_picked":["Transmutation+1","ReplayTheSpireMod:Trickstab+1"],"picked":"expansioncontent:PolyBeam+1","floor":36.0},{"not_picked":["Gash","Auto Shields","FTL"],"picked":"SKIP","floor":36.0},{"not_picked":["expansioncontent:GoopSpray+1","Replay:Sssssssssshield+1"],"picked":"expansioncontent:AwakenDeath+1","floor":38.0},{"not_picked":["Stack+1","Streamline"],"picked":"Leap+1","floor":38.0},{"not_picked":["Streamline","Leap"],"picked":"jedi:reiji","floor":40},{"not_picked":["Sweeping Beam+1","Streamline"],"picked":"conspire:Rain","floor":44},{"not_picked":["Compile Driver+1","Beam Cell+1"],"picked":"ReplaySolidLightProjector","floor":46},{"not_picked":["ReplayTheSpireMod:Book of Names","infinitespire:Menacing"],"picked":"infinitespire:UltimateForm","floor":47},{"not_picked":["StuffTheSpire:NuclearReactor+1","Go for the Eyes"],"picked":"FIFO Queue+1","floor":48}],"player_experience":15464,"relics_obtained":[{"floor":6.0,"key":"Pocketwatch"},{"floor":9.0,"key":"Geode"},{"floor":11.0,"key":"StuffTheSpire:ColdMirror"},{"floor":12.0,"key":"ReplayTheSpireMod:Ring of Addiction"},{"floor":12.0,"key":"Chameleon Ring"},{"floor":12.0,"key":"hubris:EmptyBottle"},{"floor":12.0,"key":"Ring of Misfortune"},{"floor":13.0,"key":"infinitespire:CheckeredPen"},{"floor":25.0,"key":"hubris:DuctTape"},{"floor":26.0,"key":"hubris:TenFootPole"},{"floor":30.0,"key":"Nunchaku"},{"floor":40,"key":"War Paint"},{"floor":43,"key":"halation:Toothbrush"},{"floor":44,"key":"Omamori"},{"floor":49,"key":"Toy Ornithopter"}],"event_choices":[{"cards_removed":["Strike_B"],"damage_healed":0.0,"max_hp_gain":0.0,"max_hp_loss":0.0,"gold_gain":0.0,"event_name":"Bonfire Elementals","player_choice":"Offered Basic","floor":2.0,"gold_loss":0.0,"damage_taken":0.0},{"damage_healed":0.0,"max_hp_gain":0.0,"max_hp_loss":0.0,"gold_gain":0.0,"event_name":"Big Fish","player_choice":"Box","floor":4.0,"gold_loss":0.0,"damage_taken":0.0,"relics_obtained":["Juzu Bracelet"],"cards_obtained":["Regret"]},{"cards_removed":["Normality"],"damage_healed":0.0,"max_hp_gain":0.0,"max_hp_loss":0.0,"gold_gain":0.0,"event_name":"betterNote:BetterNote","player_choice":"Take \u0026 Give","floor":20.0,"gold_loss":0.0,"damage_taken":0.0,"cards_obtained":["aspiration:UnbridledHammer"]},{"cards_removed":["Strike_B"],"damage_healed":0.0,"max_hp_gain":0.0,"max_hp_loss":0.0,"gold_gain":0.0,"event_name":"Beggar","player_choice":"Gave Gold","floor":31.0,"gold_loss":75.0,"damage_taken":0.0},{"damage_healed":0,"gold_gain":0,"player_choice":"Copied","damage_taken":0,"max_hp_gain":0,"max_hp_loss":0,"event_name":"Duplicator","floor":42,"gold_loss":0,"cards_obtained":["infinitespire:Collect"]}],"is_beta":false,"boss_relics":[{"not_picked":["halation:SmartPhone","halation:LoveArrow"],"picked":"ReplayTheSpireMod:SealedPack"},{"not_picked":["Replay:Drink Me","Ring of Chaos"],"picked":"Replay:Ancient Bell"},{"not_picked":["StuffTheSpire:Experiment12","CCEMRelics:Pendulum"],"picked":"CCEMRelics:FestiveHat"},{"not_picked":["conspire:DecoderRing","hubris:CrystalStatue"],"picked":"CCEMRelics:OverlyComfyChair"},{"not_picked":["CCEMRelics:OrganicArmor","StoneCalendar"],"picked":"Ginger"}],"items_purged_floors":[5],"is_endless":false,"potions_floor_spawned":[6,7,11,16,18,21,30,33,35,36,46],"ascension_level":0}}