{"host":"ggy1mjjy92c62u6a","time":1609945188,"event":{"mods":["10 clothes from DAL","Act Like it!","BaseMod","Colored Powertips","GifTheSpireLib","Minty Spire (QoL Compilation)","Pale of the Ancients","Quick Restart","Relic Stats","Shop Mod","Spicy Shops","StSLib","The Bug Knight","¡¾ÒÅÎï¿¨ÅÆ¡¿REMEMod"],"gold_per_floor":[114,128,128,128,128,128,144,161,161,171,171,186,196,371,371,472,472,491,525,208,208,219,219,95,75,102,114,114,133,153,166,166,166,166],"floor_reached":33,"playtime":1677,"items_purged":["HollowMod:NailStrikeStart"],"score":266,"play_id":"26ba16b1-f432-4cde-aff4-a11fb2b29b7c","local_time":"20210106225948","is_ascension_mode":false,"campfire_choices":[{"data":"HollowMod:SiblingsShadow","floor":6.0,"key":"SMITH"},{"data":"HollowMod:PogoStrike","floor":11.0,"key":"SMITH"},{"data":"HollowMod:MothsMistake","floor":15.0,"key":"SMITH"},{"floor":23.0,"key":"REST"},{"floor":28.0,"key":"REST"},{"floor":32.0,"key":"REST"}],"circlet_count":0,"master_deck":["HollowMod:NailStrikeStart","HollowMod:NailStrikeStart+1","HollowMod:NailStrikeStart+1","HollowMod:QuickDashStart+1","HollowMod:QuickDashStart+1","HollowMod:QuickDashStart+1","HollowMod:FocusHealStart+1","HollowMod:PogoStrike+1","LessonLearned","HollowMod:SoulShaman+1","HollowMod:SiblingsShadow+1","HollowMod:DreamGate+1","HollowMod:DesolateDive+1","HollowMod:MothsMistake+1","Doubt","HollowMod:Hiveblood+1","HollowMod:NewJinnsSoul","HollowMod:HuntersJournal+1","HollowMod:InfectedAttack","HollowMod:InfectionAssault","HollowMod:TaintedHusks","HollowMod:CloakDash","HollowMod:CloakDash+1"],"relics":["HollowMod:VesselMask","REME_ComplimentaryCards","NeowsBlessing","Regal Pillow","Fusion Hammer","HollowMod:GreatKnightMask","MerchantsRug","Question Card","MealTicket"],"acts_visited":["Exordium","TheCity"],"potions_floor_usage":[],"damage_taken":[{"damage":0.0,"enemies":"Small Slimes","floor":1.0,"turns":3.0},{"damage":0.0,"enemies":"Jaw Worm","floor":2.0,"turns":1.0},{"damage":0.0,"enemies":"Cultist","floor":7.0,"turns":1.0},{"damage":36.0,"enemies":"Exordium Thugs","floor":8.0,"turns":7.0},{"damage":24.0,"enemies":"Blue Slaver","floor":10.0,"turns":5.0},{"damage":20.0,"enemies":"Lots of Slimes","floor":12.0,"turns":7.0},{"damage":3.0,"enemies":"Red Slaver","floor":13.0,"turns":6.0},{"damage":41.0,"enemies":"The Guardian","floor":16.0,"turns":11.0},{"damage":58.0,"enemies":"3 Byrds","floor":18.0,"turns":7.0},{"damage":0.0,"enemies":"HollowMod:Zote","floor":19.0,"turns":2.0},{"damage":59.0,"enemies":"2 Thieves","floor":22.0,"turns":4.0},{"damage":44.0,"enemies":"Sentry and Sphere","floor":27.0,"turns":6.0},{"damage":59.0,"enemies":"Centurion and Healer","floor":29.0,"turns":7.0},{"damage":55.0,"enemies":"Cultist and Chosen","floor":30.0,"turns":7.0},{"damage":42.0,"enemies":"Snake Plant","floor":31.0,"turns":4.0},{"damage":0,"enemies":"Automaton","floor":33,"turns":1}],"seed_played":"2478591253284441861","potions_obtained":[{"floor":1.0,"key":"Explosive Potion"},{"floor":2.0,"key":"Regen Potion"},{"floor":13.0,"key":"SteroidPotion"},{"floor":25.0,"key":"Fire Potion"},{"floor":30.0,"key":"LiquidBronze"}],"is_trial":false,"path_per_floor":["M","M","?","?","?","R","M","M","T","M","R","M","M","?","R","B",null,"M","?","$","?","M","R","$","?","T","M","R","M","M","M","R","B"],"character_chosen":"THE_BUGKNIGHT","items_purchased":["HollowMod:InfectedAttack","HollowMod:InfectionAssault","MerchantsRug","Question Card"],"campfire_rested":3,"item_purchase_floors":[20,20,20,24],"current_hp_per_floor":[75,75,75,80,73,73,73,49,49,35,35,27,34,34,34,20,80,46,52,52,52,11,50,50,50,50,38,77,55,37,14,53,53,53],"gold":166,"neow_bonus":"THREE_ENEMY_KILL","is_daily":false,"chose_seed":false,"campfire_upgraded":3,"win_rate":0.0,"timestamp":1609945188,"path_taken":["M","M","?","?","?","R","M","M","T","M","R","M","M","?","R","BOSS","M","?","$","?","M","R","$","?","T","M","R","?","M","M","R","BOSS"],"items_purchased_type":["Card","Card","Relic","Relic"],"build_version":"2020-12-22","purchased_purges":1,"victory":false,"max_hp_per_floor":[75,75,75,80,80,80,80,80,80,80,80,80,80,80,80,80,80,80,80,80,80,80,80,80,80,80,80,80,80,80,80,80,80,80],"relic_stats":{"Regal Pillow":45,"counters":[16,79],"MealTicket":0,"Question Card":4,"obtain_stats":[{"MerchantsRug":20,"Regal Pillow":9,"NeowsBlessing":0,"HollowMod:VesselMask":0,"HollowMod:GreatKnightMask":19,"MealTicket":26,"Fusion Hammer":17,"Question Card":24,"REME_ComplimentaryCards":0},{"MerchantsRug":10,"Regal Pillow":4,"NeowsBlessing":0,"HollowMod:VesselMask":0,"HollowMod:GreatKnightMask":10,"MealTicket":11,"Fusion Hammer":8,"Question Card":11,"REME_ComplimentaryCards":0},{"MerchantsRug":50,"Regal Pillow":12,"NeowsBlessing":0,"HollowMod:VesselMask":0,"HollowMod:GreatKnightMask":50,"MealTicket":54,"Fusion Hammer":41,"Question Card":54,"REME_ComplimentaryCards":0}]},"card_choices":[{"not_picked":["HollowMod:SoulStrike","HollowMod:SharpenedShadows"],"picked":"HollowMod:SoulShaman","floor":1.0},{"not_picked":["HollowMod:AbyssShriek","HollowMod:HowlingWraiths"],"picked":"HollowMod:SiblingsShadow","floor":2.0},{"not_picked":["HollowMod:DoubleDash","HollowMod:DescendingDark"],"picked":"HollowMod:DreamGate","floor":7.0},{"not_picked":["HollowMod:GreatSlash","HollowMod:FastStrike","HollowMod:ShapeofUnn"],"picked":"SKIP","floor":8.0},{"not_picked":["HollowMod:CycloneSlash","HollowMod:QuirrelsAssistance","HollowMod:SoulSplash"],"picked":"SKIP","floor":10.0},{"not_picked":["HollowMod:CornifersMapStart","HollowMod:SoulSplash"],"picked":"HollowMod:DesolateDive","floor":12.0},{"not_picked":["HollowMod:WraithStrike","HollowMod:ZotesMagnificence"],"picked":"HollowMod:MothsMistake","floor":13.0},{"not_picked":["HollowMod:LifebloodCore","HollowMod:theNailsmith"],"picked":"HollowMod:Hiveblood","floor":16.0},{"not_picked":["HollowMod:InfectedAttack+1","HollowMod:DesolateDive"],"picked":"HollowMod:NewJinnsSoul","floor":18.0},{"not_picked":["HollowMod:SoulSplash","HollowMod:SiblingsSouls"],"picked":"HollowMod:HuntersJournal","floor":19.0},{"not_picked":["HollowMod:InfectionAssault","HollowMod:BlackTendrils+1","HollowMod:SharpenedShadows"],"picked":"SKIP","floor":22.0},{"not_picked":["HollowMod:NewLittleFool","HollowMod:SiblingsShadow+1","HollowMod:HeavyBlow","HollowMod:ShadowDash"],"picked":"SKIP","floor":27.0},{"not_picked":["HollowMod:SoulSplash","HollowMod:RecoilStrike","HollowMod:DoubleDash"],"picked":"HollowMod:CloakDash","floor":29.0},{"not_picked":["HollowMod:ChannelNail","HollowMod:MonarchWings","HollowMod:MawleksShell"],"picked":"HollowMod:CloakDash+1","floor":30.0},{"not_picked":["HollowMod:MothsMistake","HollowMod:DoubleDash","HollowMod:CycloneSlash","HollowMod:InfectedCysts"],"picked":"SKIP","floor":31.0}],"player_experience":42766,"relics_obtained":[{"floor":9.0,"key":"Regal Pillow"},{"floor":19.0,"key":"HollowMod:GreatKnightMask"},{"floor":26.0,"key":"MealTicket"}],"event_choices":[{"damage_healed":0.0,"max_hp_gain":0.0,"max_hp_loss":0.0,"gold_gain":0.0,"event_name":"Living Wall","player_choice":"Grow","floor":3.0,"gold_loss":0.0,"damage_taken":0.0,"cards_upgraded":["HollowMod:SoulShaman"]},{"damage_healed":0.0,"max_hp_gain":5.0,"max_hp_loss":0.0,"gold_gain":0.0,"event_name":"Big Fish","player_choice":"Donut","floor":4.0,"gold_loss":0.0,"damage_taken":0.0},{"cards_removed":["HollowMod:QuickDashStart"],"damage_healed":0.0,"max_hp_gain":0.0,"max_hp_loss":0.0,"gold_gain":0.0,"event_name":"Golden Wing","player_choice":"Card Removal","floor":5.0,"gold_loss":0.0,"damage_taken":7.0},{"damage_healed":0.0,"max_hp_gain":0.0,"max_hp_loss":0.0,"gold_gain":175.0,"event_name":"Liars Game","player_choice":"AGREE","floor":14.0,"gold_loss":0.0,"damage_taken":0.0,"cards_obtained":["Doubt"]},{"damage_healed":0.0,"max_hp_gain":0.0,"max_hp_loss":0.0,"gold_gain":0.0,"event_name":"The Library","player_choice":"Read","floor":21.0,"gold_loss":0.0,"damage_taken":0.0,"cards_obtained":["HollowMod:TaintedHusks"]},{"damage_healed":0.0,"max_hp_gain":0.0,"max_hp_loss":0.0,"gold_gain":0.0,"event_name":"The Woman in Blue","player_choice":"Bought 1 Potion","floor":25.0,"gold_loss":0.0,"damage_taken":0.0}],"is_beta":false,"boss_relics":[{"not_picked":["Runic Pyramid","Coffee Dripper"],"picked":"Fusion Hammer"}],"items_purged_floors":[20],"is_endless":false,"potions_floor_spawned":[1,2,8,13,18,30],"killed_by":"Automaton","ascension_level":0}}