{"host":"6gnv7me3tk2udb7q","time":1609951681,"event":{"mods":["BaseMod","Bestiary","Colored Map","Minty Spire (QoL Compilation)"],"gold_per_floor":[116,116,66,66,80,80,105,122,122,122,2,41,60,85,85,210,510,533,533,533,523,20,20,35,7,7,132,153,153,192,215,215,345,345,359,359,379,17,33,64,78,0,0,0,21,54,54,77,77,77,77,77,10,53,53],"floor_reached":56,"playtime":5205,"items_purged":[],"score":1662,"play_id":"421b0639-b59d-4d1b-a56a-0920cac2b367","local_time":"20210106114801","is_ascension_mode":true,"campfire_choices":[{"data":"Defragment","floor":6.0,"key":"SMITH"},{"floor":15.0,"key":"REST"},{"data":"Seek","floor":23,"key":"SMITH"},{"data":"Conserve Battery","floor":29,"key":"SMITH"},{"data":"Reboot","floor":32,"key":"SMITH"},{"data":"Fission","floor":44,"key":"SMITH"},{"data":"Reinforced Body","floor":47,"key":"SMITH"},{"floor":49,"key":"RECALL"},{"data":"Coolheaded","floor":52,"key":"SMITH"}],"circlet_count":0,"master_deck":["Strike_B","Strike_B","Strike_B","Strike_B","Defend_B","Defend_B","Defend_B","Defend_B","Zap","Dualcast","Defragment+1","Ball Lightning","Coolheaded+1","Undo","Loop+1","Conserve Battery+1","Rip and Tear","Seek+1","CurseOfTheBell","Coolheaded","Compile Driver+1","Heatsinks+1","Undo","Storm+1","Coolheaded","Reboot+1","Reinforced Body+1","Force Field+1","Hologram+1","Force Field","Fission+1","Self Repair+1","Hello World+1","Loop+1","Infernal Blade+1","Auto Shields+1","Skewer","Loop+1"],"relics":["Runic Dome","Bird Faced Urn","Frozen Egg 2","The Courier","Golden Idol","PreservedInsect","Bronze Scales","Calling Bell","Bag of Marbles","Eternal Feather","Old Coin","Shuriken","Runic Capacitor","Meat on the Bone","Regal Pillow","Calipers","InkBottle","Akabeko","Busted Crown","Toy Ornithopter","PrismaticShard","Blood Vial","HornCleat","Red Mask","Art of War","Kunai"],"acts_visited":["Exordium","TheCity","TheBeyond","TheEnding"],"potions_floor_usage":[37,50,54,55,55],"damage_taken":[{"damage":6.0,"enemies":"2 Louse","floor":1.0,"turns":2.0},{"damage":6.0,"enemies":"Small Slimes","floor":5.0,"turns":4.0},{"damage":20.0,"enemies":"Lagavulin","floor":7.0,"turns":6.0},{"damage":0.0,"enemies":"Jaw Worm","floor":8.0,"turns":3.0},{"damage":19.0,"enemies":"3 Sentries","floor":12.0,"turns":7.0},{"damage":5.0,"enemies":"3 Louse","floor":13.0,"turns":3.0},{"damage":0.0,"enemies":"Looter","floor":14.0,"turns":3.0},{"damage":31.0,"enemies":"Slime Boss","floor":16.0,"turns":7.0},{"damage":0.0,"enemies":"Shell Parasite","floor":18.0,"turns":6.0},{"damage":30.0,"enemies":"2 Thieves","floor":21.0,"turns":4.0},{"damage":12,"enemies":"Snake Plant","floor":24,"turns":4},{"damage":24,"enemies":"Colosseum Slavers","floor":27,"turns":4},{"damage":25,"enemies":"Colosseum Nobs","floor":27,"turns":4},{"damage":22,"enemies":"Sentry and Sphere","floor":28,"turns":6},{"damage":7,"enemies":"Gremlin Leader","floor":30,"turns":6},{"damage":4,"enemies":"Snecko","floor":31,"turns":3},{"damage":10,"enemies":"Collector","floor":33,"turns":15},{"damage":9,"enemies":"Orb Walker","floor":35,"turns":3},{"damage":12,"enemies":"3 Shapes","floor":37,"turns":5},{"damage":28,"enemies":"Writhing Mass","floor":39,"turns":6},{"damage":34,"enemies":"Reptomancer","floor":40,"turns":6},{"damage":1,"enemies":"4 Shapes","floor":41,"turns":5},{"damage":3,"enemies":"Maw","floor":45,"turns":5},{"damage":0,"enemies":"Giant Head","floor":46,"turns":8},{"damage":0,"enemies":"Jaw Worm Horde","floor":48,"turns":4},{"damage":59,"enemies":"Awakened One","floor":50,"turns":13},{"damage":42,"enemies":"Shield and Spear","floor":54,"turns":5},{"damage":36,"enemies":"The Heart","floor":55,"turns":10}],"seed_played":"-1234789225486751942","potions_obtained":[{"floor":5.0,"key":"BlessingOfTheForge"},{"floor":13.0,"key":"Swift Potion"},{"floor":16.0,"key":"LiquidMemories"},{"floor":21.0,"key":"SkillPotion"},{"floor":28,"key":"DuplicationPotion"},{"floor":37,"key":"Fruit Juice"},{"floor":40,"key":"BlessingOfTheForge"}],"is_trial":false,"path_per_floor":["M","?","?","$","M","R","E","M","T","?","$","E","M","M","R","B",null,"M","?","?","M","$","R","M","$","T","?","M","R","E","M","R","B",null,"M","?","M","$","M","E","M","?","T","R","M","E","R","M","R","B",null,"R","$","E","B",null],"character_chosen":"DEFECT","items_purchased":["PreservedInsect","Runic Capacitor","Meat on the Bone","Heatsinks+1","Undo","Storm+1","Coolheaded","Reinforced Body","PrismaticShard","Blood Vial","Hello World+1","Loop+1","Loop+1","Dexterity Potion"],"campfire_rested":1,"item_purchase_floors":[11,22,22,22,22,22,22,25,38,38,38,38,53,53],"current_hp_per_floor":[62,62,62,62,58,58,40,42,42,42,42,25,24,28,48,21,57,61,61,61,35,35,50,46,46,46,35,31,46,47,51,69,59,67,64,64,74,74,64,56,74,74,74,74,74,74,74,74,74,52,69,74,74,56,60],"gold":53,"neow_bonus":"BOSS_RELIC","is_daily":false,"chose_seed":false,"campfire_upgraded":7,"win_rate":0.0,"timestamp":1609951681,"path_taken":["M","?","?","?","M","R","E","M","T","?","?","E","M","M","R","BOSS","M","?","?","?","$","R","M","?","T","?","M","R","E","M","R","BOSS","M","?","M","?","M","E","M","?","T","R","M","E","R","M","R","BOSS","R","$","E","BOSS"],"items_purchased_type":["Relic","Relic","Relic","Card","Card","Card","Card","Card","Relic","Relic","Card","Card","Card","Potion"],"build_version":"2020-12-22","purchased_purges":0,"victory":true,"max_hp_per_floor":[75,75,75,75,75,75,75,75,75,69,69,69,69,69,69,69,69,69,69,69,69,69,69,69,69,69,69,69,69,69,69,69,69,69,69,69,74,74,74,74,74,74,74,74,74,74,74,74,74,74,74,74,74,74,74],"card_choices":[{"not_picked":["Cold Snap","Lockon"],"picked":"Defragment","floor":1.0},{"not_picked":["Force Field","Stack"],"picked":"Ball Lightning","floor":5.0},{"not_picked":["Ball Lightning","Reprogram"],"picked":"Coolheaded","floor":7.0},{"not_picked":["Force Field","Go for the Eyes"],"picked":"Undo","floor":8.0},{"not_picked":["Meteor Strike","Barrage"],"picked":"Loop+1","floor":12.0},{"not_picked":["Streamline","Consume"],"picked":"Conserve Battery","floor":13.0},{"not_picked":["Hologram","Darkness"],"picked":"Rip and Tear","floor":14.0},{"not_picked":["Multi-Cast","Amplify"],"picked":"Seek","floor":16.0},{"not_picked":["Gash","Double Energy"],"picked":"Coolheaded","floor":18.0},{"not_picked":["Gash","Barrage+1"],"picked":"Compile Driver+1","floor":21.0},{"not_picked":["Streamline","Leap"],"picked":"Reboot","floor":24},{"not_picked":["Streamline","Go for the Eyes"],"picked":"Force Field+1","floor":28},{"not_picked":["FTL","Streamline"],"picked":"Hologram+1","floor":30},{"not_picked":["Redo+1","Double Energy"],"picked":"Force Field","floor":31},{"not_picked":["Rainbow","Amplify"],"picked":"Fission","floor":33},{"not_picked":[],"picked":"Self Repair+1","floor":35},{"not_picked":["Redo+1"],"picked":"SKIP","floor":37},{"not_picked":[],"picked":"Infernal Blade+1","floor":39},{"not_picked":["Second Wind+1"],"picked":"SKIP","floor":40},{"not_picked":["Blade Dance"],"picked":"SKIP","floor":41},{"not_picked":[],"picked":"Auto Shields+1","floor":45},{"not_picked":[],"picked":"Skewer","floor":46},{"not_picked":["MentalFortress+1"],"picked":"SKIP","floor":48},{"not_picked":["SashWhip"],"picked":"SKIP","floor":54}],"player_experience":612350,"relics_obtained":[{"floor":7.0,"key":"Frozen Egg 2"},{"floor":9.0,"key":"The Courier"},{"floor":12.0,"key":"Bronze Scales"},{"floor":17.0,"key":"Bag of Marbles"},{"floor":17.0,"key":"Eternal Feather"},{"floor":17.0,"key":"Old Coin"},{"floor":26,"key":"Regal Pillow"},{"floor":27,"key":"Calipers"},{"floor":27,"key":"InkBottle"},{"floor":30,"key":"Akabeko"},{"floor":40,"key":"HornCleat"},{"floor":46,"key":"Art of War"},{"floor":54,"key":"Kunai"}],"event_choices":[{"damage_healed":0.0,"max_hp_gain":0.0,"max_hp_loss":0.0,"gold_gain":0.0,"event_name":"Big Fish","player_choice":"Box","floor":2.0,"gold_loss":0.0,"damage_taken":0.0,"relics_obtained":["Bird Faced Urn"],"cards_obtained":["Regret"]},{"cards_removed":["Regret"],"damage_healed":0.0,"max_hp_gain":0.0,"max_hp_loss":0.0,"gold_gain":0.0,"event_name":"The Cleric","player_choice":"Card Removal","floor":3.0,"gold_loss":50.0,"damage_taken":0.0},{"damage_healed":0.0,"max_hp_gain":0.0,"max_hp_loss":6.0,"gold_gain":0.0,"event_name":"Golden Idol","player_choice":"Lose Max HP","floor":10.0,"gold_loss":0.0,"damage_taken":0.0,"relics_obtained":["Golden Idol"]},{"damage_healed":0.0,"max_hp_gain":0.0,"max_hp_loss":0.0,"gold_gain":0.0,"event_name":"The Mausoleum","player_choice":"Opened","floor":19.0,"gold_loss":0.0,"damage_taken":0.0,"relics_obtained":["Shuriken"],"cards_obtained":["Writhe"]},{"cards_removed":["Writhe"],"damage_healed":0.0,"max_hp_gain":0.0,"max_hp_loss":0.0,"gold_gain":0.0,"event_name":"Fountain of Cleansing","player_choice":"Removed Curses","floor":20.0,"gold_loss":0.0,"damage_taken":0.0},{"damage_healed":0,"gold_gain":0,"player_choice":"Fight","damage_taken":0,"max_hp_gain":0,"max_hp_loss":0,"event_name":"Colosseum","floor":27,"gold_loss":0},{"damage_healed":0,"gold_gain":0,"player_choice":"Fought Nobs","damage_taken":0,"max_hp_gain":0,"max_hp_loss":0,"event_name":"Colosseum","floor":27,"gold_loss":0},{"damage_healed":0,"gold_gain":0,"player_choice":"Gave Potion","damage_taken":0,"relics_obtained":["Toy Ornithopter"],"max_hp_gain":0,"max_hp_loss":0,"event_name":"WeMeetAgain","floor":36,"gold_loss":0},{"damage_healed":0,"gold_gain":0,"player_choice":"Paid","damage_taken":0,"relics_obtained":["Red Mask"],"max_hp_gain":0,"max_hp_loss":0,"event_name":"Tomb of Lord Red Mask","floor":42,"gold_loss":78}],"is_beta":false,"boss_relics":[{"not_picked":["Coffee Dripper","Sozu"],"picked":"Calling Bell"},{"not_picked":["Tiny House","Philosopher\u0027s Stone"],"picked":"Busted Crown"}],"items_purged_floors":[],"is_endless":false,"potions_floor_spawned":[5,13,16,21,27,28,30,33,37,40,45,46,48],"ascension_level":8}}