{"host":"vlqejv0notyktumz","time":1609892189,"event":{"mods":["AchievementEnabler","BaseMod","Googly Eyes","Minty Spire (QoL Compilation)"],"gold_per_floor":[110,123,135,85,85,85,104,134,203,203,203,227,255,272,272,377,377,393,403,18,18,18,18,18],"floor_reached":23,"playtime":782,"items_purged":["Defend_P"],"score":219,"play_id":"e51d3bdb-cbe0-4e61-a0dd-0b9f1f9be833","local_time":"20210105181629","is_ascension_mode":true,"campfire_choices":[{"data":"Eruption","floor":6,"key":"SMITH"},{"data":"Crescendo","floor":11,"key":"SMITH"},{"floor":15,"key":"REST"}],"circlet_count":0,"master_deck":["Strike_P","Strike_P","Strike_P","Defend_P","Defend_P","Defend_P","Eruption+1","Vigilance","ClearTheMind","EmptyBody","PathToVictory+1","FollowUp","FearNoEvil","Crescendo+1","DevaForm+1","Alpha","Wallop+1","Evaluate+1","FlurryOfBlows"],"relics":["PureWater","CloakClasp","MealTicket","Frozen Egg 2","Happy Flower","Toy Ornithopter","Velvet Choker","Calipers"],"acts_visited":["Exordium","TheCity"],"potions_floor_usage":[13,16,16],"damage_taken":[{"damage":0,"enemies":"2 Louse","floor":1,"turns":4},{"damage":7,"enemies":"Jaw Worm","floor":2,"turns":3},{"damage":0,"enemies":"Small Slimes","floor":3,"turns":3},{"damage":0,"enemies":"Looter","floor":7,"turns":4},{"damage":18,"enemies":"Lagavulin","floor":8,"turns":6},{"damage":7,"enemies":"Gremlin Nob","floor":13,"turns":3},{"damage":20,"enemies":"Large Slime","floor":14,"turns":5},{"damage":31,"enemies":"Hexaghost","floor":16,"turns":11},{"damage":25,"enemies":"3 Byrds","floor":18,"turns":4},{"damage":25,"enemies":"Spheric Guardian","floor":19,"turns":6},{"damage":52,"enemies":"Gremlin Leader","floor":23,"turns":7}],"seed_played":"692271817216528356","potions_obtained":[{"floor":8,"key":"Ancient Potion"},{"floor":13,"key":"Block Potion"},{"floor":14,"key":"Explosive Potion"}],"is_trial":false,"path_per_floor":["M","M","M","?","?","R","M","E","T","?","R","T","E","M","R","B",null,"M","M","$","?","$","E"],"character_chosen":"WATCHER","items_purchased":["Calipers","FlurryOfBlows"],"campfire_rested":1,"item_purchase_floors":[20,20],"current_hp_per_floor":[72,65,65,65,58,58,58,40,40,40,40,40,33,13,34,13,72,47,22,37,37,52,0,0],"gold":18,"neow_bonus":"THREE_CARDS","is_daily":false,"chose_seed":false,"campfire_upgraded":2,"win_rate":0.0,"timestamp":1609892189,"path_taken":["M","M","M","?","?","R","M","E","T","?","R","?","E","M","R","BOSS","M","M","$","?","$","E"],"items_purchased_type":["Relic","Card"],"build_version":"2020-12-22","purchased_purges":1,"victory":false,"max_hp_per_floor":[72,72,72,72,72,72,72,72,72,72,72,72,72,72,72,72,72,72,72,72,72,72,72,72],"card_choices":[{"not_picked":["Prostrate","WaveOfTheHand"],"picked":"ClearTheMind","floor":0},{"not_picked":["Halt","FlurryOfBlows"],"picked":"EmptyBody","floor":1},{"not_picked":["ClearTheMind","Vengeance"],"picked":"PathToVictory","floor":2},{"not_picked":["Prostrate","ClearTheMind"],"picked":"FollowUp","floor":3},{"not_picked":["ClearTheMind","Evaluate"],"picked":"FearNoEvil","floor":7},{"not_picked":["WreathOfFlame","FlyingSleeves"],"picked":"Crescendo","floor":8},{"not_picked":["Study+1","Pray"],"picked":"DevaForm+1","floor":13},{"not_picked":["Prostrate","ThirdEye","CrushJoints"],"picked":"SKIP","floor":14},{"not_picked":["Wish","DevaForm+1"],"picked":"Alpha","floor":16},{"not_picked":["Crescendo","SashWhip"],"picked":"Wallop+1","floor":18},{"not_picked":["Halt","FollowUp"],"picked":"Evaluate+1","floor":19}],"player_experience":295652,"relics_obtained":[{"floor":8,"key":"MealTicket"},{"floor":9,"key":"Frozen Egg 2"},{"floor":12,"key":"Happy Flower"},{"floor":13,"key":"Toy Ornithopter"}],"event_choices":[{"cards_removed":["Strike_P"],"damage_healed":0,"gold_gain":0,"player_choice":"Card Removal","damage_taken":0,"max_hp_gain":0,"max_hp_loss":0,"event_name":"The Cleric","floor":4,"gold_loss":50},{"damage_healed":0,"gold_gain":0,"player_choice":"Success","damage_taken":7,"relics_obtained":["CloakClasp"],"max_hp_gain":0,"max_hp_loss":0,"event_name":"Scrap Ooze","floor":5,"gold_loss":0},{"damage_healed":0,"gold_gain":0,"player_choice":"Grow","damage_taken":0,"max_hp_gain":0,"max_hp_loss":0,"event_name":"Living Wall","floor":10,"gold_loss":0,"cards_upgraded":["PathToVictory"]}],"is_beta":false,"boss_relics":[{"not_picked":["Fusion Hammer","Coffee Dripper"],"picked":"Velvet Choker"}],"items_purged_floors":[20],"is_endless":false,"potions_floor_spawned":[8,13,14],"killed_by":"Gremlin Leader","ascension_level":2}}