{"host":"9d9dhukr2jywmy0f","time":1609921716,"event":{"mods":["2.2 Compatiblity","Alarm Clock","BaseMod","Bestiary","Block Reminder","Colored Map","Colored Powertips","Curses Come First","DeckTracker","Highlight Path","Infinite Spire","Key Reminder","Keyboard Shortcuts","Minty Spire (QoL Compilation)","MonsterHotkey","Quick Restart","Rare Cards Sparkle","Relic Sorter","Relic Stats","Spire Birthday Party","StSLib","SuperFastMode","Synergy Search","Unceasing Turn Reminder","Unknown Chances"],"gold_per_floor":[113,113,125,125,50,69,69,69,95,95,19,33,46,57,57,135,135,94,144,44,44,224,224,240,240,240,255,255,34,49,67,67,144,144,159,69,117,127,141,176,176,176,176,194,207,227,227,237,237,237,237,237,237,15,43,43],"floor_reached":57,"playtime":3598,"items_purged":["Pain","Defend_G","Strike_G","Strike_G","Defend_G"],"score":2777,"play_id":"a6409fba-4117-4101-9e65-f35ee3ff6133","local_time":"20210106162836","is_ascension_mode":true,"campfire_choices":[{"floor":8.0,"key":"RECALL"},{"data":"Neutralize","floor":10.0,"key":"SMITH"},{"data":"Noxious Fumes","floor":15.0,"key":"SMITH"},{"data":"Footwork","floor":23.0,"key":"SMITH"},{"data":"Venomology","floor":25.0,"key":"SMITH"},{"data":"Footwork","floor":32.0,"key":"SMITH"},{"data":"Defend_G","floor":42.0,"key":"PURGE"},{"data":"Noxious Fumes+1","floor":47.0,"key":"PURGE"},{"data":"Defend_G","floor":49.0,"key":"PURGE"},{"data":"Defend_G","floor":53.0,"key":"PURGE"}],"circlet_count":0,"master_deck":["AscendersBane","Survivor","Neutralize+1","Backflip","Catalyst+1","Backflip","Footwork+1","Venomology+1","Deadly Poison","Cloak And Dagger","Escape Plan","Footwork+1","Footwork+1","Corpse Explosion","Deadly Poison","Dodge and Roll","Escape Plan+1","Dodge and Roll","Deflect+1","Outmaneuver"],"relics":["Ring of the Snake","Lantern","WarpedTongs","Centennial Puzzle","SacredBark","Bag of Preparation","Membership Card","Runic Pyramid","Peace Pipe","Meat on the Bone","Anchor","Blood Vial"],"acts_visited":["Exordium","TheCity","TheBeyond","TheEnding"],"potions_floor_usage":[55,56,56,56],"damage_taken":[{"damage":0.0,"enemies":"2 Louse","floor":1.0,"turns":3.0},{"damage":13.0,"enemies":"infinitespire:Voidling","floor":3.0,"turns":7.0},{"damage":3.0,"enemies":"Cultist","floor":6.0,"turns":6.0},{"damage":3.0,"enemies":"2 Fungi Beasts","floor":12.0,"turns":4.0},{"damage":0.0,"enemies":"3 Louse","floor":13.0,"turns":4.0},{"damage":0.0,"enemies":"Blue Slaver","floor":14.0,"turns":5.0},{"damage":35.0,"enemies":"Hexaghost","floor":16.0,"turns":12.0},{"damage":11.0,"enemies":"2 Thieves","floor":18.0,"turns":5.0},{"damage":0.0,"enemies":"Spheric Guardian","floor":24.0,"turns":4.0},{"damage":8.0,"enemies":"3 Cultists","floor":27.0,"turns":5.0},{"damage":0.0,"enemies":"Shelled Parasite and Fungi","floor":30.0,"turns":7.0},{"damage":0.0,"enemies":"Centurion and Healer","floor":31.0,"turns":8.0},{"damage":8.0,"enemies":"Champ","floor":33.0,"turns":10.0},{"damage":0.0,"enemies":"3 Darklings","floor":35.0,"turns":3.0},{"damage":8.0,"enemies":"2 Orb Walkers","floor":37.0,"turns":4.0},{"damage":0.0,"enemies":"Orb Walker","floor":38.0,"turns":5.0},{"damage":0.0,"enemies":"Writhing Mass","floor":39.0,"turns":7.0},{"damage":4.0,"enemies":"Nemesis","floor":40.0,"turns":11.0},{"damage":0.0,"enemies":"Spire Growth","floor":44.0,"turns":6.0},{"damage":0.0,"enemies":"Maw","floor":45.0,"turns":7.0},{"damage":0.0,"enemies":"4 Shapes","floor":46.0,"turns":5.0},{"damage":0.0,"enemies":"Writhing Mass","floor":48.0,"turns":6.0},{"damage":0.0,"enemies":"Time Eater","floor":50.0,"turns":21.0},{"damage":0.0,"enemies":"infinitespire:MassOfShapes","floor":51.0,"turns":13.0},{"damage":0,"enemies":"Shield and Spear","floor":55,"turns":6},{"damage":10,"enemies":"The Heart","floor":56,"turns":12}],"seed_played":"-982601064124892717","potions_obtained":[{"floor":6.0,"key":"SkillPotion"},{"floor":12.0,"key":"Regen Potion"},{"floor":14.0,"key":"Poison Potion"},{"floor":27.0,"key":"SkillPotion"},{"floor":30.0,"key":"SkillPotion"},{"floor":33.0,"key":"ColorlessPotion"}],"is_trial":false,"path_per_floor":["M","?","M","?","$","M","$","R","T","R","$","M","M","M","R","B",null,"M","?","$","?","?","R","M","R","T","M","?","$","M","M","R","B",null,"M","$","?","M","M","E","?","R","T","M","M","M","R","M","R","B","B",null,"R","$","E","B",null],"character_chosen":"THE_SILENT","items_purchased":["Noxious Fumes","Membership Card","Dodge and Roll","Anchor","GhostInAJar"],"campfire_rested":0,"item_purchase_floors":[11,29,36,54,54],"current_hp_per_floor":[59,59,57,57,57,54,54,54,54,54,54,51,51,66,66,31,57,46,46,46,46,27,27,27,27,27,19,19,19,19,19,19,11,52,52,52,44,44,44,40,40,40,40,40,40,40,40,40,40,40,40,60,60,60,60,52],"gold":43,"neow_bonus":"RANDOM_COMMON_RELIC","is_daily":false,"chose_seed":false,"campfire_upgraded":5,"win_rate":0.0,"timestamp":1609921716,"path_taken":["M","?","?","?","?","M","$","R","T","R","$","M","M","M","R","BOSS","BOSS","M","?","$","?","?","R","?","R","T","M","?","?","M","?","R","BOSS","M","$","?","M","M","E","?","R","T","M","?","M","R","M","R","BOSS","BOSS","R","$","E","BOSS"],"items_purchased_type":["Card","Relic","Card","Relic","Potion"],"build_version":"2020-11-30","purchased_purges":5,"victory":true,"max_hp_per_floor":[66,66,66,66,66,66,66,66,66,66,66,66,66,66,66,66,66,66,66,66,66,66,66,66,66,66,66,66,66,66,66,66,66,66,66,66,66,66,66,66,66,66,66,66,66,66,66,66,66,66,66,66,66,66,66,66],"relic_stats":{"Peace Pipe":4,"Blood Vial":2,"Centennial Puzzle":[24],"counters":[26,186],"Bag of Preparation":[34],"obtain_stats":[{"Lantern":0,"SacredBark":17,"Bag of Preparation":26,"WarpedTongs":4,"keyreminder:keyreminder":8,"Peace Pipe":37,"Blood Vial":55,"Centennial Puzzle":9,"Anchor":54,"Membership Card":29,"Ring of the Snake":0,"Runic Pyramid":34,"Meat on the Bone":40},{"Lantern":0,"SacredBark":7,"Bag of Preparation":9,"WarpedTongs":2,"keyreminder:keyreminder":3,"Peace Pipe":15,"Blood Vial":25,"Centennial Puzzle":3,"Anchor":24,"Membership Card":10,"Ring of the Snake":0,"Runic Pyramid":13,"Meat on the Bone":18},{"Lantern":0,"SacredBark":41,"Bag of Preparation":50,"WarpedTongs":10,"keyreminder:keyreminder":16,"Peace Pipe":87,"Blood Vial":174,"Centennial Puzzle":16,"Anchor":168,"Membership Card":55,"Ring of the Snake":0,"Runic Pyramid":80,"Meat on the Bone":110}],"Ring of the Snake":[52],"WarpedTongs":[158],"Meat on the Bone":0},"card_choices":[{"not_picked":["Predator","Cloak And Dagger","Flying Knee"],"picked":"SKIP","floor":1.0},{"not_picked":["Flying Knee","Sucker Punch"],"picked":"Backflip","floor":3.0},{"not_picked":["Deflect","Flying Knee"],"picked":"Catalyst","floor":6.0},{"not_picked":["Expertise","Skewer","Unload"],"picked":"SKIP","floor":12.0},{"not_picked":["Infinite Blades","Bane"],"picked":"Backflip","floor":13.0},{"not_picked":["Caltrops","Deflect"],"picked":"Footwork","floor":14.0},{"not_picked":["After Image","Doppelganger"],"picked":"Venomology","floor":16.0},{"not_picked":["Caltrops","Backflip","Acrobatics+1"],"picked":"SKIP","floor":18.0},{"not_picked":["Deflect","Outmaneuver"],"picked":"Escape Plan","floor":24.0},{"not_picked":["Finisher","Acrobatics","Unload"],"picked":"SKIP","floor":27.0},{"not_picked":["Dagger Spray","Blade Dance","Crippling Poison"],"picked":"SKIP","floor":30.0},{"not_picked":["Backstab","Dagger Throw"],"picked":"Footwork","floor":31.0},{"not_picked":["Burst","Night Terror"],"picked":"Corpse Explosion","floor":33.0},{"not_picked":["Blade Dance","PiercingWail"],"picked":"Deadly Poison","floor":35.0},{"not_picked":["Blade Dance+1","Concentrate"],"picked":"Escape Plan+1","floor":37.0},{"not_picked":["Cloak And Dagger","Underhanded Strike","Poisoned Stab+1"],"picked":"SKIP","floor":38.0},{"not_picked":["Blade Dance","Flying Knee"],"picked":"Dodge and Roll","floor":39.0},{"not_picked":["Endless Agony","Skewer+1","Setup"],"picked":"SKIP","floor":40.0},{"not_picked":["Skewer","Dagger Throw"],"picked":"Deflect+1","floor":44.0},{"not_picked":["Envenom","Sucker Punch","Deflect"],"picked":"SKIP","floor":45.0},{"not_picked":["Expertise","Leg Sweep","Slice+1"],"picked":"SKIP","floor":46.0},{"not_picked":["Finisher","Terror+1","Calculated Gamble"],"picked":"SKIP","floor":48.0},{"not_picked":["Grand Finale","Bane+1"],"picked":"Outmaneuver","floor":55}],"player_experience":782701,"relics_obtained":[{"floor":9.0,"key":"Centennial Puzzle"},{"floor":26.0,"key":"Bag of Preparation"},{"floor":37.0,"key":"Peace Pipe"},{"floor":40.0,"key":"Meat on the Bone"},{"floor":55,"key":"Blood Vial"}],"event_choices":[{"cards_removed":["Strike_G"],"damage_healed":0.0,"max_hp_gain":0.0,"max_hp_loss":0.0,"gold_gain":0.0,"event_name":"Bonfire Elementals","player_choice":"Offered Basic","floor":2.0,"gold_loss":0.0,"damage_taken":0.0},{"damage_healed":0.0,"max_hp_gain":0.0,"max_hp_loss":0.0,"gold_gain":0.0,"event_name":"Accursed Blacksmith","player_choice":"Rummage","floor":4.0,"gold_loss":0.0,"damage_taken":0.0,"relics_obtained":["WarpedTongs"],"cards_obtained":["Pain"]},{"damage_healed":0.0,"max_hp_gain":0.0,"max_hp_loss":0.0,"gold_gain":50.0,"event_name":"Nest","player_choice":"Stole From Cult","floor":19.0,"gold_loss":0.0,"damage_taken":0.0},{"damage_healed":0.0,"max_hp_gain":0.0,"max_hp_loss":0.0,"gold_gain":0.0,"cards_transformed":["Strike_G","Strike_G"],"event_name":"Drug Dealer","player_choice":"Became Test Subject","floor":21.0,"gold_loss":0.0,"damage_taken":0.0,"cards_obtained":["Deadly Poison","Cloak And Dagger"]},{"damage_healed":0.0,"max_hp_gain":0.0,"max_hp_loss":0.0,"gold_gain":180.0,"event_name":"Knowing Skull","player_choice":"GOLD GOLD ","floor":22.0,"potions_obtained":[],"gold_loss":0.0,"damage_taken":19.0,"cards_obtained":[]},{"damage_healed":0.0,"max_hp_gain":0.0,"max_hp_loss":0.0,"gold_gain":0.0,"event_name":"Duplicator","player_choice":"Copied","floor":28.0,"gold_loss":0.0,"damage_taken":0.0,"cards_obtained":["Footwork"]},{"damage_healed":0.0,"max_hp_gain":0.0,"max_hp_loss":0.0,"gold_gain":0.0,"event_name":"Mysterious Sphere","player_choice":"Fight","floor":37.0,"gold_loss":0.0,"damage_taken":0.0},{"damage_healed":0.0,"max_hp_gain":0.0,"max_hp_loss":0.0,"gold_gain":0.0,"event_name":"Upgrade Shrine","player_choice":"Upgraded","floor":41.0,"gold_loss":0.0,"damage_taken":0.0,"cards_upgraded":["Catalyst"]}],"is_beta":false,"boss_relics":[{"not_picked":["Fusion Hammer","Tiny House"],"picked":"SacredBark"},{"not_picked":["Snecko Eye","Black Star"],"picked":"Runic Pyramid"}],"items_purged_floors":[5,20,29,36,54],"is_endless":false,"potions_floor_spawned":[6,12,14,16,27,30,33,35,40,46],"ascension_level":20}}