{"host":"uyzhdwpn6dnsaso5","time":1609960193,"event":{"mods":["AchievementEnabler","Aspiration","Bard","BaseMod","Beaked The Cultist","BetterRewards","Colored Map","Conspire","Custom Start","Downfall","Fiend Mod","Friendly Minions","GifTheSpireLib","Halation","Hero for Fun","Hubris","Infinite Spire","Marisa????????","Mimic Mod","Minty Spire (QoL Compilation)","READ ME - Guardian Mod","READ ME - Snecko Mod","Replay The Spire","Shop Mod","StSLib","Stuff the Spire","The Bladedancer","The Bug Knight","The Construct","The Cursed","The Death Knight","The Disciple","The Exalted","The Factory","The Jungle","The Mystic","The Necromancer","The Senshi","The Servant 0.9.4","Trackpad","vexMod"],"gold_per_floor":[363,376,390,410,421,452,511,511,511,385,14,14,29,46,46,145,145,156,156,172,188,205,205,0,0,27,27,27,44,44,44,44,145,145,145],"floor_reached":34,"playtime":2419,"items_purged":[],"score":379,"play_id":"5df1007c-cf80-465e-b082-e631462006d5","local_time":"20210106200953","is_ascension_mode":false,"campfire_choices":[{"floor":8.0,"key":"REST"},{"data":"Cleave","floor":12.0,"key":"SMITH"},{"data":"Rampage","floor":15.0,"key":"SMITH"},{"data":"Feed","floor":23.0,"key":"SMITH"},{"data":"Wild Strike","floor":25.0,"key":"SMITH"},{"data":"Bash","floor":28.0,"key":"SMITH"},{"data":"Rage","floor":30.0,"key":"SMITH"},{"data":"Cleave","floor":32.0,"key":"SMITH"}],"circlet_count":0,"master_deck":["Strike_R+1","Strike_R+1","Strike_R+1","Strike_R+1","Strike_R+1","Defend_R+1","Defend_R+1","Defend_R+1","Defend_R+1","Bash+1","Rampage+1","Intimidate","Clothesline","Rage+1","Power Through","Cleave+1","PanicButton","Clothesline","Perfected Strike","Feed+1","Thunderclap+1","Ghostly","Ghostly","Ghostly","Ghostly","Ghostly","Pommel Strike+1","Cleave+1","Wild Strike+1","Infernal Blade+1","Iron Wave+1","Immolate"],"relics":["Burning Blood","Mercury Hourglass","TungstenRod","Du-Vu Doll","Meat on the Bone","Runic Pyramid","Bronze Scales"],"acts_visited":[],"potions_floor_usage":[],"damage_taken":[{"damage":10.0,"enemies":"Cultist","floor":1.0,"turns":4.0},{"damage":0.0,"enemies":"Small Slimes","floor":2.0,"turns":3.0},{"damage":9.0,"enemies":"2 Louse","floor":3.0,"turns":4.0},{"damage":16.0,"enemies":"Exordium Wildlife","floor":4.0,"turns":7.0},{"damage":5.0,"enemies":"Looter","floor":5.0,"turns":4.0},{"damage":5.0,"enemies":"Gremlin Nob","floor":6.0,"turns":4.0},{"damage":4.0,"enemies":"Red Slaver","floor":13.0,"turns":5.0},{"damage":12.0,"enemies":"Large Slime","floor":14.0,"turns":6.0},{"damage":30.0,"enemies":"Hexaghost","floor":16.0,"turns":15.0},{"damage":13.0,"enemies":"2 Thieves","floor":18.0,"turns":4.0},{"damage":10.0,"enemies":"3 Byrds","floor":20.0,"turns":5.0},{"damage":9.0,"enemies":"Centurion and Healer","floor":21.0,"turns":10.0},{"damage":11.0,"enemies":"Cultist and Chosen","floor":22.0,"turns":6.0},{"damage":19.0,"enemies":"Shelled Parasite and Fungi","floor":29.0,"turns":5.0},{"damage":43.0,"enemies":"Collector","floor":33.0,"turns":13.0}],"seed_played":"5571056132548172350","potions_obtained":[{"floor":1.0,"key":"ColorlessPotion"},{"floor":2.0,"key":"Explosive Potion"},{"floor":13.0,"key":"Dexterity Potion"},{"floor":16.0,"key":"AttackPotion"},{"floor":21.0,"key":"PowerPotion"},{"floor":29.0,"key":"FairyPotion"}],"is_trial":false,"path_per_floor":["M","M","M","M","M","E","?","R","T","?","$","R","M","M","R","B",null,"M","?","M","M","M","R","?","R","T","?","R","M","R","?","R","B",null],"character_chosen":"IRONCLAD","items_purchased":["Meat on the Bone","Cleave","PanicButton"],"campfire_rested":1,"item_purchase_floors":[11,11,11],"current_hp_per_floor":[52,58,55,45,46,47,47,71,71,71,71,71,73,67,67,55,80,76,41,37,37,32,32,32,32,32,32,32,31,31,31,31,27,27,27],"gold":145,"neow_bonus":"TWO_FIFTY_GOLD","is_daily":false,"chose_seed":false,"campfire_upgraded":7,"win_rate":0.0,"timestamp":1609960193,"path_taken":["M","M","M","M","M","E","?","R","T","?","$","R","M","M","R","BOSS","M","?","M","M","M","R","?","R","T","?","R","?","R","?","R","BOSS"],"items_purchased_type":["Relic","Card","Card"],"build_version":"2020-12-22","purchased_purges":0,"victory":false,"max_hp_per_floor":[80,80,80,80,80,80,80,80,80,80,80,80,80,80,80,80,80,83,41,41,44,44,44,44,44,44,44,44,44,44,44,44,44,44,44],"card_choices":[{"not_picked":["Shockwave","Whirlwind"],"picked":"Rampage","floor":1.0},{"not_picked":["Shrug It Off","Body Slam"],"picked":"Warcry","floor":2.0},{"not_picked":["Carnage","Shrug It Off"],"picked":"Intimidate","floor":3.0},{"not_picked":["Flame Barrier","Dark Embrace"],"picked":"Clothesline","floor":4.0},{"not_picked":["Armaments","Sever Soul"],"picked":"Rage","floor":5.0},{"not_picked":["Second Wind","Corruption"],"picked":"Power Through","floor":6.0},{"not_picked":["Havoc","Entrench"],"picked":"Clothesline","floor":13.0},{"not_picked":["Armaments","Havoc"],"picked":"Perfected Strike","floor":14.0},{"not_picked":["Impervious","Demon Form"],"picked":"Feed","floor":16.0},{"not_picked":["Pommel Strike","Wild Strike"],"picked":"Thunderclap+1","floor":18.0},{"not_picked":["Battle Trance","Sword Boomerang"],"picked":"Pommel Strike+1","floor":20.0},{"not_picked":["Flex","Perfected Strike"],"picked":"Cleave","floor":21.0},{"not_picked":["Battle Trance","Flame Barrier"],"picked":"Wild Strike","floor":22.0},{"not_picked":["Dual Wield+1","Wild Strike"],"picked":"Infernal Blade+1","floor":29.0},{"not_picked":["Barricade","Brutality"],"picked":"Immolate","floor":33.0}],"player_experience":1265915,"relics_obtained":[{"floor":6.0,"key":"Mercury Hourglass"},{"floor":9.0,"key":"TungstenRod"},{"floor":26.0,"key":"Bronze Scales"}],"event_choices":[{"damage_healed":0.0,"max_hp_gain":0.0,"max_hp_loss":0.0,"gold_gain":59.0,"event_name":"Golden Wing","player_choice":"Gained Gold","floor":7.0,"gold_loss":0.0,"damage_taken":0.0},{"damage_healed":0.0,"max_hp_gain":0.0,"max_hp_loss":0.0,"gold_gain":0.0,"event_name":"WeMeetAgain","player_choice":"Paid Gold","floor":10.0,"gold_loss":126.0,"damage_taken":0.0,"relics_obtained":["Du-Vu Doll"]},{"damage_healed":0.0,"max_hp_gain":0.0,"max_hp_loss":42.0,"gold_gain":0.0,"event_name":"Ghosts","player_choice":"Became a Ghost","floor":19.0,"gold_loss":0.0,"damage_taken":0.0,"cards_obtained":["Ghostly","Ghostly","Ghostly","Ghostly","Ghostly"]},{"damage_healed":0.0,"max_hp_gain":0.0,"max_hp_loss":0.0,"gold_gain":0.0,"event_name":"Masked Bandits","player_choice":"Paid Fearfully","floor":24.0,"gold_loss":205.0,"damage_taken":0.0},{"damage_healed":0.0,"max_hp_gain":0.0,"max_hp_loss":0.0,"gold_gain":0.0,"event_name":"Back to Basics","player_choice":"Simplicity","floor":27.0,"gold_loss":0.0,"damage_taken":0.0,"cards_upgraded":["Strike_R","Strike_R","Strike_R","Strike_R","Strike_R","Defend_R","Defend_R","Defend_R","Defend_R"]},{"cards_removed":["Warcry"],"damage_healed":0.0,"max_hp_gain":0.0,"max_hp_loss":0.0,"gold_gain":0.0,"event_name":"NoteForYourself","player_choice":"Took Card","floor":31.0,"gold_loss":0.0,"damage_taken":0.0,"cards_obtained":["Iron Wave"]}],"is_beta":false,"boss_relics":[{"not_picked":["Velvet Choker","Tiny House"],"picked":"Runic Pyramid"}],"items_purged_floors":[],"is_endless":false,"potions_floor_spawned":[1,2,13,16,21,29],"ascension_level":0}}