{"host":"d2y4rmbezebiv8aj","time":1609927785,"event":{"mods":["AchievementEnabler","BaseMod","Bestiary","BetterRewards","Colored Map","Colored Powertips","Custom Start","Highlight Path","Minty Spire (QoL Compilation)","Quick Restart","Rare Cards Sparkle","Relic Sorter","Relic Stats","Shop Mod","Slay-I","StSLib","SuperFastMode"],"gold_per_floor":[109,129,149,160,160,200,200,275,301,301,314,314,10,24,24,154,154,167,167,23,44,59,59,59,103,103,103,103],"floor_reached":27,"playtime":1103,"items_purged":[],"score":303,"play_id":"97a0cbdf-d01f-4804-9a45-6be2830f6333","local_time":"20210106110945","is_ascension_mode":true,"campfire_choices":[{"data":"All Out Attack","floor":7,"key":"SMITH"},{"floor":10,"key":"REST"},{"data":"Apotheosis","floor":15,"key":"SMITH"},{"floor":23,"key":"REST"}],"circlet_count":0,"master_deck":["Strike_G+1","Strike_G+1","Strike_G+1","Strike_G+1","Strike_G+1","Defend_G+1","Defend_G+1","Defend_G+1","Defend_G+1","Defend_G+1","Survivor","Neutralize+1","Sucker Punch","All Out Attack+1","Backflip","Poisoned Stab","Injury","Dagger Spray","Cloak And Dagger","Parasite","Apotheosis+1","Noxious Fumes","Poisoned Stab","Dodge and Roll","PiercingWail","Night Terror+1","Flying Knee","Bane","Escape Plan"],"relics":["Ring of the Snake","Golden Idol","Whetstone","Centennial Puzzle","Fusion Hammer","Happy Flower","Bag of Preparation","The Specimen"],"acts_visited":["Exordium","TheCity"],"potions_floor_usage":[6,6,16,25,27],"damage_taken":[{"damage":0,"enemies":"Cultist","floor":1,"turns":4},{"damage":2,"enemies":"Small Slimes","floor":2,"turns":5},{"damage":0,"enemies":"Jaw Worm","floor":3,"turns":4},{"damage":0,"enemies":"Blue Slaver","floor":4,"turns":6},{"damage":29,"enemies":"Gremlin Nob","floor":6,"turns":5},{"damage":7,"enemies":"Exordium Thugs","floor":11,"turns":4},{"damage":0,"enemies":"Gremlin Gang","floor":14,"turns":1},{"damage":5,"enemies":"Hexaghost","floor":16,"turns":10},{"damage":16,"enemies":"Spheric Guardian","floor":18,"turns":6},{"damage":13,"enemies":"Shell Parasite","floor":21,"turns":5},{"damage":16,"enemies":"Sentry and Sphere","floor":22,"turns":5},{"damage":36,"enemies":"Gremlin Leader","floor":25,"turns":7},{"damage":8,"enemies":"Snake Plant","floor":27,"turns":2}],"seed_played":"-4506432935063087702","potions_obtained":[{"floor":1,"key":"EssenceOfSteel"},{"floor":2,"key":"EssenceOfSteel"},{"floor":3,"key":"Regen Potion"},{"floor":16,"key":"Weak Potion"},{"floor":21,"key":"CunningPotion"}],"is_trial":false,"path_per_floor":["M","M","M","M","?","E","R","?","T","R","M","?","$","M","R","B",null,"M","?","$","M","M","R","?","E","T","M"],"character_chosen":"THE_SILENT","items_purchased":["Apotheosis","Noxious Fumes","Poisoned Stab","Dodge and Roll","Happy Flower"],"campfire_rested":2,"item_purchase_floors":[13,13,13,13,20],"current_hp_per_floor":[63,61,61,61,61,32,32,21,21,42,35,52,52,52,52,62,68,52,52,52,39,23,44,44,8,8,0,0],"gold":103,"neow_bonus":"","is_daily":false,"chose_seed":false,"campfire_upgraded":2,"win_rate":0.0,"timestamp":1609927785,"path_taken":["M","M","M","M","?","E","R","?","T","R","M","?","?","M","R","BOSS","M","?","$","?","?","R","?","E","T","M"],"items_purchased_type":["Card","Card","Card","Card","Relic"],"build_version":"2020-12-22","purchased_purges":0,"victory":false,"max_hp_per_floor":[70,70,70,70,70,70,70,70,70,70,70,70,70,70,70,70,70,70,70,70,70,70,70,70,70,70,70,70],"relic_stats":{"Centennial Puzzle":[21],"Happy Flower":[6],"counters":[120,586],"Golden Idol":59,"Bag of Preparation":[2],"Whetstone":["Neutralize","Strike_G"],"obtain_stats":[{"Gremlin Horn":0,"Spirit Poop":3,"Whetstone":6,"Boot":27,"Blood Vial":27,"Centennial Puzzle":3,"Lizard Tail":36,"Strawberry":6,"MealTicket":9,"Prayer Wheel":13,"Fusion Hammer":17,"Kunai":27,"Girya":26,"Happy Flower":14,"Oddly Smooth Stone":9,"Pen Nib":25,"Letter Opener":8,"Paper Crane":9,"WarpedTongs":2,"Bottled Flame":25,"Shuriken":26,"Bird Faced Urn":7,"Molten Egg 2":10,"CultistMask":12,"Nloth\u0027s Gift":19,"Black Star":17,"Meat on the Bone":9,"Darkstone Periapt":23,"Bag of Preparation":2,"Juzu Bracelet":8,"Cursed Key":17,"Smiling Mask":6,"Nunchaku":0,"Dream Catcher":14,"Tough Bandages":0,"WristBlade":17,"Mummified Hand":27,"Ninja Scroll":25,"Toolbox":44,"Tiny Chest":7,"Red Mask":45,"Ring of the Snake":0,"The Specimen":26,"Golden Idol":2,"Thread and Needle":31,"PreservedInsect":43,"Omamori":19,"Orichalcum":14,"Frozen Egg 2":9,"MawBank":9,"Mercury Hourglass":6,"CaptainsWheel":9,"Ornamental Fan":6,"Membership Card":14,"Bottled Lightning":44,"TungstenRod":27,"Toy Ornithopter":44},{"Gremlin Horn":72,"Spirit Poop":41,"Whetstone":112,"Boot":88,"Blood Vial":37,"Centennial Puzzle":1,"Lizard Tail":94,"Strawberry":52,"MealTicket":5,"Prayer Wheel":62,"Fusion Hammer":115,"Kunai":88,"Girya":68,"Happy Flower":62,"Oddly Smooth Stone":13,"Pen Nib":22,"Letter Opener":53,"Paper Crane":27,"WarpedTongs":73,"Bottled Flame":37,"Shuriken":87,"Bird Faced Urn":60,"Molten Egg 2":53,"CultistMask":80,"Nloth\u0027s Gift":64,"Black Star":82,"Meat on the Bone":79,"Darkstone Periapt":21,"Bag of Preparation":1,"Juzu Bracelet":79,"Cursed Key":17,"Smiling Mask":43,"Nunchaku":0,"Dream Catcher":16,"Tough Bandages":55,"WristBlade":32,"Mummified Hand":22,"Ninja Scroll":87,"Toolbox":95,"Tiny Chest":13,"Red Mask":95,"Ring of the Snake":0,"The Specimen":119,"Golden Idol":41,"Thread and Needle":91,"PreservedInsect":95,"Omamori":18,"Orichalcum":8,"Frozen Egg 2":104,"MawBank":53,"Mercury Hourglass":26,"CaptainsWheel":60,"Ornamental Fan":4,"Membership Card":62,"Bottled Lightning":95,"TungstenRod":68,"Toy Ornithopter":95},{"Gremlin Horn":368,"Spirit Poop":199,"Whetstone":546,"Boot":436,"Blood Vial":185,"Centennial Puzzle":8,"Lizard Tail":456,"Strawberry":254,"MealTicket":35,"Prayer Wheel":288,"Fusion Hammer":561,"Kunai":436,"Girya":332,"Happy Flower":288,"Oddly Smooth Stone":74,"Pen Nib":124,"Letter Opener":258,"Paper Crane":146,"WarpedTongs":371,"Bottled Flame":185,"Shuriken":432,"Bird Faced Urn":280,"Molten Egg 2":258,"CultistMask":399,"Nloth\u0027s Gift":311,"Black Star":412,"Meat on the Bone":398,"Darkstone Periapt":115,"Bag of Preparation":8,"Juzu Bracelet":398,"Cursed Key":94,"Smiling Mask":212,"Nunchaku":0,"Dream Catcher":84,"Tough Bandages":264,"WristBlade":166,"Mummified Hand":124,"Ninja Scroll":432,"Toolbox":460,"Tiny Chest":74,"Red Mask":460,"Ring of the Snake":0,"The Specimen":584,"Golden Idol":199,"Thread and Needle":443,"PreservedInsect":460,"Omamori":97,"Orichalcum":49,"Frozen Egg 2":505,"MawBank":258,"Mercury Hourglass":143,"CaptainsWheel":280,"Ornamental Fan":32,"Membership Card":288,"Bottled Lightning":460,"TungstenRod":332,"Toy Ornithopter":460}],"Ring of the Snake":[222]},"card_choices":[{"not_picked":["Reflex","Acrobatics"],"picked":"Sucker Punch","floor":1},{"not_picked":["Dagger Spray","Outmaneuver"],"picked":"All Out Attack","floor":2},{"not_picked":["Outmaneuver","Tactician"],"picked":"Backflip","floor":3},{"not_picked":["Acrobatics","Riddle With Holes"],"picked":"Poisoned Stab","floor":4},{"not_picked":["Malaise","Deadly Poison"],"picked":"Dagger Spray","floor":6},{"not_picked":["Reflex","Underhanded Strike"],"picked":"Cloak And Dagger","floor":11},{"not_picked":["Quick Slash","Outmaneuver"],"picked":"PiercingWail","floor":14},{"not_picked":["Burst","Wraith Form v2"],"picked":"Night Terror","floor":16},{"not_picked":["Finisher","Underhanded Strike"],"picked":"Flying Knee","floor":18},{"not_picked":["Underhanded Strike","Predator","Tactician+1"],"picked":"SKIP","floor":21},{"not_picked":["Masterful Stab","Setup"],"picked":"Bane","floor":22},{"not_picked":["All Out Attack","Dagger Throw"],"picked":"Escape Plan","floor":25}],"player_experience":355529,"relics_obtained":[{"floor":6,"key":"Whetstone"},{"floor":9,"key":"Centennial Puzzle"},{"floor":25,"key":"Bag of Preparation"},{"floor":26,"key":"The Specimen"}],"event_choices":[{"damage_healed":0,"gold_gain":0,"player_choice":"Take Wound","damage_taken":0,"relics_obtained":["Golden Idol"],"max_hp_gain":0,"max_hp_loss":0,"event_name":"Golden Idol","floor":5,"gold_loss":0,"cards_obtained":["Injury"]},{"damage_healed":0,"gold_gain":75,"player_choice":"Gather Gold","damage_taken":11,"max_hp_gain":0,"max_hp_loss":0,"event_name":"World of Goop","floor":8,"gold_loss":0},{"damage_healed":17,"gold_gain":0,"player_choice":"Healed and dodged fight","damage_taken":0,"max_hp_gain":0,"max_hp_loss":0,"event_name":"Mushrooms","floor":12,"gold_loss":0,"cards_obtained":["Parasite"]},{"damage_healed":0,"gold_gain":0,"player_choice":"Forge","damage_taken":0,"max_hp_gain":0,"max_hp_loss":0,"event_name":"Accursed Blacksmith","floor":19,"gold_loss":0,"cards_upgraded":["Night Terror"]},{"damage_healed":0,"gold_gain":0,"player_choice":"Simplicity","damage_taken":0,"max_hp_gain":0,"max_hp_loss":0,"event_name":"Back to Basics","floor":24,"gold_loss":0,"cards_upgraded":["Strike_G","Strike_G","Strike_G","Strike_G","Defend_G","Defend_G","Defend_G","Defend_G","Defend_G"]}],"is_beta":false,"boss_relics":[{"not_picked":["Pandora\u0027s Box","SacredBark"],"picked":"Fusion Hammer"}],"items_purged_floors":[],"is_endless":false,"potions_floor_spawned":[1,2,3,16,21],"killed_by":"Snake Plant","ascension_level":6}}