{"host":"i09pxcjttd31eh4q","time":1609933346,"event":{"mods":["AchievementEnabler","BaseMod","Colored Map","Keyboard Shortcuts","Minty Spire (QoL Compilation)","StSLib","SuperFastMode"],"gold_per_floor":[119,119,119,119,130,130,155,172,172,172,183,210,49,66,66,143,143,155,155,155],"floor_reached":19,"playtime":295,"items_purged":["Strike_P"],"score":404,"play_id":"1a220e98-a288-46ef-b456-ed95c7522785","local_time":"20210106204226","is_ascension_mode":true,"campfire_choices":[{"data":"Eruption","floor":6.0,"key":"SMITH"},{"data":"Ragnarok","floor":10.0,"key":"SMITH"},{"data":"MentalFortress","floor":15.0,"key":"SMITH"}],"circlet_count":0,"master_deck":["AscendersBane","Strike_P","Strike_P","Strike_P","Defend_P","Defend_P","Defend_P","Defend_P","Eruption+1","Vigilance","PathToVictory","Ragnarok+1","MentalFortress+1"],"relics":["PureWater","NeowsBlessing","Calipers","Pantograph","Strawberry","VioletLotus"],"acts_visited":["Exordium","TheCity"],"potions_floor_usage":[16,18],"damage_taken":[{"damage":0.0,"enemies":"2 Louse","floor":1.0,"turns":1.0},{"damage":0.0,"enemies":"Small Slimes","floor":5.0,"turns":1.0},{"damage":0.0,"enemies":"Gremlin Nob","floor":7.0,"turns":1.0},{"damage":0.0,"enemies":"Cultist","floor":8.0,"turns":3.0},{"damage":17.0,"enemies":"Large Slime","floor":11.0,"turns":5.0},{"damage":17.0,"enemies":"Lagavulin","floor":12.0,"turns":5.0},{"damage":2.0,"enemies":"Exordium Thugs","floor":14.0,"turns":4.0},{"damage":59,"enemies":"The Guardian","floor":16,"turns":13},{"damage":0,"enemies":"2 Thieves","floor":18,"turns":1},{"damage":96,"enemies":"Chosen","floor":19,"turns":5}],"seed_played":"-3191228332308444074","potions_obtained":[{"floor":11.0,"key":"Ambrosia"},{"floor":12.0,"key":"BottledMiracle"},{"floor":16,"key":"BottledMiracle"},{"floor":18,"key":"FearPotion"}],"is_trial":false,"path_per_floor":["M","?","?","?","M","R","E","M","T","R","M","E","$","M","R","B",null,"M","M"],"character_chosen":"WATCHER","items_purchased":["MentalFortress"],"campfire_rested":0,"item_purchase_floors":[13],"current_hp_per_floor":[61,61,66,66,66,66,66,66,66,66,49,39,39,37,37,3,61,61,0,0],"gold":155,"neow_bonus":"THREE_ENEMY_KILL","is_daily":false,"chose_seed":false,"campfire_upgraded":3,"win_rate":0.0,"timestamp":1609933346,"path_taken":["M","?","?","?","?","R","E","M","T","R","M","E","$","M","R","BOSS","M","M"],"items_purchased_type":["Card"],"build_version":"2020-12-22","purchased_purges":1,"victory":false,"max_hp_per_floor":[68,68,73,73,73,73,73,73,73,73,73,80,80,80,80,80,80,80,80,80],"card_choices":[{"not_picked":["Protect","FlyingSleeves","BattleHymn"],"picked":"SKIP","floor":1.0},{"not_picked":["DeceiveReality","Halt","ThirdEye"],"picked":"SKIP","floor":5.0},{"not_picked":["FlurryOfBlows","Swivel","PathToVictory"],"picked":"SKIP","floor":7.0},{"not_picked":["FlurryOfBlows","Swivel"],"picked":"PathToVictory","floor":7.0},{"not_picked":["Prostrate","Collect"],"picked":"Ragnarok","floor":8.0},{"not_picked":["Prostrate","JustLucky","FollowUp"],"picked":"SKIP","floor":11.0},{"not_picked":["SandsOfTime","Consecrate","ClearTheMind"],"picked":"SKIP","floor":12.0},{"not_picked":["ReachHeaven","Weave","Consecrate"],"picked":"SKIP","floor":14.0},{"not_picked":["JustLucky+1","CrushJoints+1","Prostrate"],"picked":"SKIP","floor":18}],"player_experience":833793,"relics_obtained":[{"floor":7.0,"key":"Calipers"},{"floor":9.0,"key":"Pantograph"},{"floor":12.0,"key":"Strawberry"}],"event_choices":[{"damage_healed":0.0,"max_hp_gain":0.0,"max_hp_loss":0.0,"gold_gain":0.0,"event_name":"Liars Game","player_choice":"Ignored","floor":2.0,"gold_loss":0.0,"damage_taken":0.0},{"damage_healed":0.0,"max_hp_gain":5.0,"max_hp_loss":0.0,"gold_gain":0.0,"event_name":"Big Fish","player_choice":"Donut","floor":3.0,"gold_loss":0.0,"damage_taken":0.0},{"damage_healed":0.0,"max_hp_gain":0.0,"max_hp_loss":0.0,"gold_gain":0.0,"event_name":"Match and Keep!","player_choice":"0 cards matched","floor":4.0,"gold_loss":0.0,"damage_taken":0.0,"cards_obtained":[]}],"is_beta":false,"boss_relics":[{"not_picked":["SlaversCollar","Runic Dome"],"picked":"VioletLotus"}],"items_purged_floors":[13],"is_endless":false,"potions_floor_spawned":[11,12,14,16,18],"killed_by":"Chosen","ascension_level":20}}