{"host":"5x08nt64u3vxxcfi","time":1609901960,"event":{"mods":["BaseMod","Minty Spire (QoL Compilation)","StSLib","SuperFastMode"],"gold_per_floor":[119,44,55,74,74,106,106,118,118,18,18,34,34,49,49,168,168,156,91,91,106,131,131,95,95,95,95,116,116,116,141,141,141,141],"floor_reached":33,"playtime":626,"items_purged":["Normality","Strike_P"],"score":322,"play_id":"72203ccd-b2e5-47e9-9c1d-9bd6c804d8d4","local_time":"20210106115920","is_ascension_mode":false,"campfire_choices":[{"data":"Alpha","floor":11.0,"key":"SMITH"},{"data":"Eruption","floor":15.0,"key":"SMITH"},{"data":"Omniscience","floor":23,"key":"SMITH"},{"data":"Nirvana","floor":25,"key":"SMITH"},{"data":"CutThroughFate","floor":32,"key":"SMITH"}],"circlet_count":0,"master_deck":["Strike_P","Defend_P+1","Defend_P+1","Defend_P","Defend_P","Eruption+1","Vigilance","Alpha+1","FollowUp","Weave","Halt","CutThroughFate+1","TalkToTheHand","Halt","ThirdEye","Omniscience+1","Halt+1","Nirvana+1","Prostrate","Indignation","TalkToTheHand+1","Pray+1","Evaluate","DeceiveReality","DeusExMachina","Ghostly","Ghostly","Ghostly","Ghostly","Ghostly","CutThroughFate+1"],"relics":["PureWater","Oddly Smooth Stone","Omamori","Golden Idol","Calling Bell","Damaru","The Courier","Bird Faced Urn","Frozen Egg 2"],"acts_visited":["Exordium","TheCity"],"potions_floor_usage":[],"damage_taken":[{"damage":15.0,"enemies":"Small Slimes","floor":1.0,"turns":5.0},{"damage":11.0,"enemies":"Jaw Worm","floor":3.0,"turns":4.0},{"damage":2.0,"enemies":"2 Louse","floor":4.0,"turns":4.0},{"damage":10.0,"enemies":"Lagavulin","floor":6.0,"turns":5.0},{"damage":0.0,"enemies":"Looter","floor":8.0,"turns":4.0},{"damage":10.0,"enemies":"3 Louse","floor":12.0,"turns":3.0},{"damage":5.0,"enemies":"2 Fungi Beasts","floor":14.0,"turns":4.0},{"damage":0.0,"enemies":"Slime Boss","floor":16.0,"turns":4.0},{"damage":11,"enemies":"2 Thieves","floor":18,"turns":4},{"damage":0,"enemies":"Shell Parasite","floor":21,"turns":4},{"damage":0,"enemies":"Centurion and Healer","floor":22,"turns":4},{"damage":54,"enemies":"Snake Plant","floor":28,"turns":5},{"damage":0,"enemies":"Snecko","floor":31,"turns":5},{"damage":33,"enemies":"Champ","floor":33,"turns":10}],"seed_played":"5582243308481571584","potions_obtained":[{"floor":4.0,"key":"DistilledChaos"},{"floor":6.0,"key":"EssenceOfSteel"},{"floor":12.0,"key":"SteroidPotion"},{"floor":31,"key":"Strength Potion"}],"is_trial":false,"path_per_floor":["M","$","M","M","?","E","?","M","T","$","R","M","?","M","R","B",null,"M","$","?","M","M","R","$","R","T","?","M","?","?","M","R","B"],"character_chosen":"WATCHER","items_purchased":["Nirvana","Evaluate"],"campfire_rested":0,"item_purchase_floors":[19,24],"current_hp_per_floor":[57,57,46,44,30,20,44,44,44,44,44,34,16,11,11,11,72,63,63,63,65,67,67,67,67,67,67,17,17,17,19,19,0,0],"gold":141,"neow_bonus":"THREE_RARE_CARDS","is_daily":false,"chose_seed":false,"campfire_upgraded":5,"win_rate":0.0,"timestamp":1609901960,"path_taken":["M","$","M","M","?","E","?","M","T","$","R","M","?","M","R","BOSS","M","$","?","M","M","R","$","R","T","?","M","?","?","M","R","BOSS"],"items_purchased_type":["Card","Card"],"build_version":"2020-12-22","purchased_purges":2,"victory":false,"max_hp_per_floor":[72,72,72,72,72,72,72,72,72,72,72,72,72,72,72,72,72,72,72,72,72,72,72,72,72,72,72,72,36,36,36,36,36,36],"card_choices":[{"not_picked":["MasterReality","Judgement"],"picked":"Alpha","floor":0.0},{"not_picked":["PathToVictory","CrushJoints"],"picked":"FollowUp","floor":1.0},{"not_picked":["Halt","PathToVictory"],"picked":"Weave","floor":3.0},{"not_picked":["Consecrate","Tantrum"],"picked":"Halt","floor":4.0},{"not_picked":["ReachHeaven","PathToVictory"],"picked":"CutThroughFate","floor":6.0},{"not_picked":["ReachHeaven","PathToVictory"],"picked":"TalkToTheHand","floor":8.0},{"not_picked":["Protect","EmptyBody"],"picked":"Halt","floor":12.0},{"not_picked":["WreathOfFlame","Conclude"],"picked":"ThirdEye","floor":14.0},{"not_picked":["MasterReality","Brilliance"],"picked":"Omniscience","floor":16.0},{"not_picked":["PathToVictory","FlurryOfBlows"],"picked":"Halt+1","floor":18},{"not_picked":["PathToVictory+1","Protect"],"picked":"TalkToTheHand+1","floor":21},{"not_picked":["EmptyFist","Consecrate"],"picked":"Pray+1","floor":22},{"not_picked":["Halt","CutThroughFate"],"picked":"DeusExMachina","floor":28},{"not_picked":["Prostrate","BowlingBash"],"picked":"CutThroughFate+1","floor":31}],"player_experience":46884,"relics_obtained":[{"floor":6.0,"key":"Oddly Smooth Stone"},{"floor":9.0,"key":"Omamori"},{"floor":17,"key":"Damaru"},{"floor":17,"key":"The Courier"},{"floor":17,"key":"Bird Faced Urn"},{"floor":26,"key":"Frozen Egg 2"}],"event_choices":[{"damage_healed":0.0,"max_hp_gain":0.0,"max_hp_loss":0.0,"gold_gain":0.0,"event_name":"Shining Light","player_choice":"Entered Light","floor":5.0,"gold_loss":0.0,"damage_taken":14.0,"cards_upgraded":["Defend_P","Defend_P"]},{"damage_healed":24.0,"max_hp_gain":0.0,"max_hp_loss":0.0,"gold_gain":0.0,"event_name":"Big Fish","player_choice":"Banana","floor":7.0,"gold_loss":0.0,"damage_taken":0.0},{"damage_healed":0.0,"max_hp_gain":0.0,"max_hp_loss":0.0,"gold_gain":0.0,"event_name":"Golden Idol","player_choice":"Take Damage","floor":13.0,"gold_loss":0.0,"damage_taken":18.0,"relics_obtained":["Golden Idol"]},{"damage_healed":0,"gold_gain":0,"cards_transformed":["Strike_P","Strike_P"],"player_choice":"Became Test Subject","damage_taken":0,"max_hp_gain":0,"max_hp_loss":0,"event_name":"Drug Dealer","floor":20,"gold_loss":0,"cards_obtained":["Prostrate","Indignation"]},{"damage_healed":0,"gold_gain":0,"player_choice":"Read","damage_taken":0,"max_hp_gain":0,"max_hp_loss":0,"event_name":"The Library","floor":27,"gold_loss":0,"cards_obtained":["DeceiveReality"]},{"damage_healed":0,"gold_gain":0,"player_choice":"Became a Ghost","damage_taken":0,"max_hp_gain":0,"max_hp_loss":36,"event_name":"Ghosts","floor":29,"gold_loss":0,"cards_obtained":["Ghostly","Ghostly","Ghostly","Ghostly","Ghostly"]},{"damage_healed":0,"gold_gain":0,"player_choice":"Ignored","damage_taken":0,"max_hp_gain":0,"max_hp_loss":0,"event_name":"Vampires","floor":30,"gold_loss":0}],"is_beta":false,"boss_relics":[{"not_picked":["Black Star","Astrolabe"],"picked":"Calling Bell"}],"items_purged_floors":[2,10],"is_endless":false,"potions_floor_spawned":[4,6,12,31],"killed_by":"Champ","ascension_level":0}}