{"host":"kabf61oc9jgfwufg","time":1609954367,"event":{"mods":["AchievementEnabler","Act Like it!","Aspiration","BaseMod","Conspire","GifTheSpireLib","Halation","HexUI Lib","Hubris","Infinite Spire","Minty Spire (QoL Compilation)","Quick Restart","Rare Cards Sparkle","Replay The Spire","Shop Mod","StSLib","Waifu the Spire"],"gold_per_floor":[114,129,129,140,140,140,152,177,201,220,220,238,238,27,27,126,126,116,116,128,128,128,128,138,153,176,176,176,176],"floor_reached":28,"playtime":1442,"items_purged":[],"score":222,"play_id":"ddbbe558-9b82-4a5c-8b17-683518d84bf8","local_time":"20210106173247","is_ascension_mode":false,"campfire_choices":[{"data":"Neutralize","floor":6,"key":"SMITH"},{"data":"hubris:DuctTapeCard","floor":11,"key":"SMITH"},{"data":"Distraction","floor":13,"key":"SMITH"},{"floor":15,"key":"REST"},{"data":"Bullet Time","floor":23,"key":"SMITH"}],"circlet_count":0,"master_deck":["Strike_G","Strike_G","Strike_G","Strike_G","Strike_G","Defend_G","Defend_G","Defend_G","Defend_G","Defend_G","Survivor","Neutralize+1","Footwork+1","Quick Slash","Infinite Blades","hubris:DuctTapeCard+2","Distraction+1","Bullet Time+1","Expertise","Outmaneuver+1","Footwork+1","Quick Slash"],"relics":["Ring of the Snake","NeowsBlessing","MerchantsRug","conspire:TopHat","halation:PinkAlligatorPlush","hubris:BottledHeart","aspiration:ChemicalBlood"],"acts_visited":["Exordium","TheCity"],"potions_floor_usage":[8,16,22,25,25],"damage_taken":[{"damage":0,"enemies":"Jaw Worm","floor":1,"turns":1},{"damage":0,"enemies":"2 Louse","floor":2,"turns":1},{"damage":0,"enemies":"Small Slimes","floor":4,"turns":1},{"damage":21,"enemies":"Exordium Wildlife","floor":7,"turns":9},{"damage":13,"enemies":"Gremlin Nob","floor":8,"turns":5},{"damage":18,"enemies":"Lots of Slimes","floor":10,"turns":7},{"damage":0,"enemies":"Looter","floor":12,"turns":4},{"damage":38,"enemies":"Slime Boss","floor":16,"turns":16},{"damage":30,"enemies":"2 Thieves","floor":18,"turns":4},{"damage":0,"enemies":"3 Byrds","floor":20,"turns":5},{"damage":0,"enemies":"Cultist and Chosen","floor":22,"turns":7},{"damage":3,"enemies":"3 Cultists","floor":24,"turns":4},{"damage":0,"enemies":"Snake Plant","floor":25,"turns":8},{"damage":2,"enemies":"Centurion and Healer","floor":28,"turns":14}],"seed_played":"3276275093100495997","potions_obtained":[{"floor":4,"key":"SmokeBomb"},{"floor":7,"key":"GamblersBrew"},{"floor":10,"key":"Dexterity Potion"},{"floor":16,"key":"Poison Potion"},{"floor":18,"key":"SpeedPotion"}],"is_trial":false,"path_per_floor":["M","M","?","M","?","R","M","E","T","M","R","M","R","$","R","B",null,"M","?","M","?","M","R","M","M","T","?","M"],"character_chosen":"THE_SILENT","items_purchased":["MerchantsRug","conspire:TopHat"],"campfire_rested":1,"item_purchase_floors":[14,14],"current_hp_per_floor":[70,70,70,70,70,70,49,36,36,18,18,18,18,18,39,1,70,40,1,1,1,1,1,1,1,1,1,0,0],"gold":176,"neow_bonus":"THREE_ENEMY_KILL","is_daily":false,"chose_seed":false,"campfire_upgraded":4,"win_rate":0.0,"timestamp":1609954367,"path_taken":["M","M","?","M","?","R","M","E","T","M","R","M","R","$","R","BOSS","M","?","M","?","M","R","M","?","T","?","M"],"items_purchased_type":["Relic","Relic"],"build_version":"2020-12-22","purchased_purges":0,"victory":false,"max_hp_per_floor":[70,70,70,70,70,70,70,70,70,70,70,70,70,70,70,70,70,70,1,1,1,1,1,1,1,1,1,1,1],"card_choices":[{"not_picked":["Sneak Up","Deadly Poison"],"picked":"Footwork","floor":1},{"not_picked":["Dagger Spray","Escape Plan"],"picked":"ReplayTheSpireMod:Shiv Toss","floor":2},{"not_picked":["Poisoned Stab","Bane"],"picked":"Quick Slash","floor":4},{"not_picked":["Prepared","All Out Attack"],"picked":"Infinite Blades","floor":7},{"not_picked":["ReplayTheSpireMod:Necrosis","Riddle With Holes"],"picked":"Dagger Throw","floor":8},{"not_picked":["Flying Knee","Reflex","Prepared"],"picked":"SKIP","floor":10},{"not_picked":["Poison Darts","Sucker Punch"],"picked":"Distraction","floor":12},{"not_picked":["Venomology","After Image"],"picked":"Bullet Time","floor":16},{"not_picked":["Flying Knee","Slice"],"picked":"Expertise","floor":18},{"not_picked":["Choke","Hidden Blade"],"picked":"Outmaneuver+1","floor":20},{"not_picked":["Poison Darts","Bouncing Flask"],"picked":"Quick Slash","floor":24},{"not_picked":["Dodge and Roll","Deadly Poison","Slice"],"picked":"SKIP","floor":25}],"player_experience":52802,"relics_obtained":[{"floor":8,"key":"hubris:DuctTape"},{"floor":9,"key":"Boot"},{"floor":26,"key":"aspiration:ChemicalBlood"}],"event_choices":[{"damage_healed":0,"gold_gain":0,"player_choice":"Copied","damage_taken":0,"max_hp_gain":0,"max_hp_loss":0,"event_name":"Duplicator","floor":21,"gold_loss":0,"cards_obtained":["Footwork"]},{"damage_healed":0,"gold_gain":0,"player_choice":"Ignored","damage_taken":0,"max_hp_gain":0,"max_hp_loss":0,"event_name":"Ghosts","floor":27,"gold_loss":0}],"is_beta":false,"boss_relics":[{"not_picked":["aspiration:FutureDiary","halation:LoveArrow"],"picked":"halation:PinkAlligatorPlush"}],"items_purged_floors":[],"is_endless":false,"potions_floor_spawned":[4,7,10,16,18,20,22],"killed_by":"Centurion and Healer","ascension_level":0}}