{"host":"tw7a6rmo9h75ssrt","time":1609917944,"event":{"mods":["AchievementEnabler","Act Like it!","BaseMod","Colored Map","Highlight Path","Minty Spire (QoL Compilation)","Permanent Neow","Quick Restart","Relic Stats","SuperFastMode"],"gold_per_floor":[111,111,36,36,36,74,74,108,108,108,123,123,148,48,48,167,167,187,187,211,230,230,249,348,348,375,375,375,411,411,212,212,337,337,350,350,416,416,430,430,430,430,430,430,430,453,489,504,504,504],"floor_reached":51,"playtime":3984,"items_purged":["Strike_R","Strike_R","Defend_R"],"score":1398,"play_id":"d0d313f7-e5f0-47e4-a8aa-616ae4905211","local_time":"20210106152544","is_ascension_mode":true,"campfire_choices":[{"data":"Searing Blow","floor":7.0,"key":"SMITH"},{"data":"Searing Blow+1","floor":10.0,"key":"SMITH"},{"data":"Searing Blow+2","floor":12.0,"key":"SMITH"},{"data":"Searing Blow+3","floor":15.0,"key":"SMITH"},{"data":"Searing Blow+4","floor":25.0,"key":"SMITH"},{"data":"Searing Blow+5","floor":28.0,"key":"SMITH"},{"data":"Searing Blow+6","floor":30.0,"key":"SMITH"},{"data":"Searing Blow+7","floor":32.0,"key":"SMITH"},{"data":"Searing Blow+8","floor":40.0,"key":"SMITH"},{"data":"Searing Blow+9","floor":42.0,"key":"SMITH"},{"data":"Searing Blow+10","floor":44.0,"key":"SMITH"},{"data":"Double Tap","floor":49.0,"key":"SMITH"}],"circlet_count":0,"master_deck":["Defend_R","Defend_R","Bash","Searing Blow+11","Bloodletting","Shrug It Off","Double Tap","Double Tap+1","Sentinel","Impervious","Battle Trance","Shrug It Off+1","Violence","Searing Blow+11"],"relics":["Burning Blood","NeowsBlessing","Golden Idol","Lantern","Bottled Flame","Mercury Hourglass","Philosopher\u0027s Stone","Blood Vial","Bag of Preparation","Bronze Scales","Sozu","Unceasing Top","Gremlin Horn","Omamori"],"acts_visited":["Exordium","TheCity","TheBeyond"],"potions_floor_usage":[50],"damage_taken":[{"damage":0.0,"enemies":"2 Louse","floor":1.0,"turns":1.0},{"damage":0.0,"enemies":"3 Sentries","floor":6.0,"turns":2.0},{"damage":0.0,"enemies":"Gremlin Nob","floor":8.0,"turns":1.0},{"damage":2.0,"enemies":"Jaw Worm","floor":11.0,"turns":2.0},{"damage":3.0,"enemies":"Cultist","floor":13.0,"turns":1.0},{"damage":3.0,"enemies":"Slime Boss","floor":16.0,"turns":7.0},{"damage":8.0,"enemies":"Shell Parasite","floor":18.0,"turns":3.0},{"damage":11.0,"enemies":"3 Byrds","floor":20.0,"turns":3.0},{"damage":14.0,"enemies":"Snake Plant","floor":21.0,"turns":3.0},{"damage":5.0,"enemies":"Centurion and Healer","floor":23.0,"turns":3.0},{"damage":20.0,"enemies":"Slavers","floor":29.0,"turns":5.0},{"damage":3.0,"enemies":"Champ","floor":33.0,"turns":3.0},{"damage":4.0,"enemies":"3 Shapes","floor":35.0,"turns":4.0},{"damage":3.0,"enemies":"2 Orb Walkers","floor":37.0,"turns":2.0},{"damage":0.0,"enemies":"Orb Walker","floor":39.0,"turns":1.0},{"damage":0.0,"enemies":"Jaw Worm Horde","floor":46.0,"turns":2.0},{"damage":0.0,"enemies":"Nemesis","floor":47.0,"turns":1.0},{"damage":0.0,"enemies":"Sphere and 2 Shapes","floor":48.0,"turns":4.0},{"damage":3,"enemies":"Awakened One","floor":50,"turns":2}],"seed_played":"5676545539806113171","potions_obtained":[{"floor":13.0,"key":"Regen Potion"},{"floor":16.0,"key":"ColorlessPotion"},{"floor":18.0,"key":"Fire Potion"},{"floor":23.0,"key":"SteroidPotion"},{"floor":29.0,"key":"PowerPotion"}],"is_trial":false,"path_per_floor":["M","?","$","?","$","E","R","E","T","R","M","R","M","$","R","B",null,"M","?","M","M","?","M","?","R","T","?","R","E","R","$","R","B",null,"M","?","?","?","M","R","?","R","T","R","?","M","E","M","R","B",null],"character_chosen":"IRONCLAD","items_purchased":["Battle Trance"],"campfire_rested":0,"item_purchase_floors":[31],"current_hp_per_floor":[78,78,78,74,74,74,74,74,74,74,74,74,74,74,74,74,74,72,72,69,63,63,66,66,66,66,66,66,54,54,54,54,59,70,74,74,74,74,74,74,74,74,74,74,74,74,74,74,74,74],"gold":504,"neow_bonus":"THREE_ENEMY_KILL","is_daily":false,"chose_seed":false,"campfire_upgraded":12,"win_rate":0.0,"timestamp":1609917944,"path_taken":["M","?","$","?","?","E","R","E","T","R","M","R","M","$","R","BOSS","M","?","?","M","?","?","?","R","T","?","R","E","R","$","R","BOSS","M","?","?","?","M","R","?","R","T","R","?","?","E","M","R","BOSS"],"items_purchased_type":["Card"],"build_version":"2020-12-22","purchased_purges":3,"victory":true,"max_hp_per_floor":[80,80,80,74,74,74,74,74,74,74,74,74,74,74,74,74,74,74,74,74,74,74,74,74,74,74,74,74,74,74,74,74,74,74,74,74,74,74,74,74,74,74,74,74,74,74,74,74,74,74],"relic_stats":{"Blood Vial":12,"Sozu":3,"Gremlin Horn":[5,7],"counters":[19,50],"Golden Idol":155,"Bronze Scales":[12],"Bag of Preparation":[18],"obtain_stats":[{"Lantern":6,"NeowsBlessing":0,"Gremlin Horn":43,"Golden Idol":4,"Bag of Preparation":26,"Omamori":47,"Burning Blood":0,"Mercury Hourglass":9,"Blood Vial":19,"Sozu":34,"Bottled Flame":8,"Bronze Scales":29,"Philosopher\u0027s Stone":17,"Unceasing Top":37},{"Lantern":2,"NeowsBlessing":0,"Gremlin Horn":15,"Golden Idol":1,"Bag of Preparation":10,"Omamori":17,"Burning Blood":0,"Mercury Hourglass":3,"Blood Vial":7,"Sozu":12,"Bottled Flame":3,"Bronze Scales":11,"Philosopher\u0027s Stone":6,"Unceasing Top":14},{"Lantern":3,"NeowsBlessing":0,"Gremlin Horn":41,"Golden Idol":1,"Bag of Preparation":26,"Omamori":44,"Burning Blood":0,"Mercury Hourglass":4,"Blood Vial":17,"Sozu":34,"Bottled Flame":4,"Bronze Scales":31,"Philosopher\u0027s Stone":14,"Unceasing Top":40}],"Burning Blood":62,"Unceasing Top":[0],"Mercury Hourglass":[189]},"card_choices":[{"not_picked":["Perfected Strike","Disarm"],"picked":"Twin Strike","floor":1.0},{"not_picked":["Ghostly Armor","Infernal Blade"],"picked":"Searing Blow","floor":6.0},{"not_picked":["Intimidate","Battle Trance","Rage"],"picked":"SKIP","floor":8.0},{"not_picked":["Headbutt","Pummel"],"picked":"Bloodletting","floor":11.0},{"not_picked":["Bloodletting","Seeing Red"],"picked":"Shrug It Off","floor":13.0},{"not_picked":["Exhume","Limit Break"],"picked":"Double Tap","floor":16.0},{"not_picked":["Armaments","Disarm","Havoc"],"picked":"SKIP","floor":18.0},{"not_picked":["Perfected Strike","Clothesline","Headbutt+1"],"picked":"SKIP","floor":20.0},{"not_picked":["Feel No Pain","Combust","Twin Strike"],"picked":"SKIP","floor":21.0},{"not_picked":["Clothesline","Sword Boomerang+1","Body Slam"],"picked":"SKIP","floor":23.0},{"not_picked":["Fire Breathing","Perfected Strike"],"picked":"Impervious","floor":29.0},{"not_picked":["Havoc+1","Infernal Blade+1","Shrug It Off"],"picked":"SKIP","floor":35.0},{"not_picked":["Twin Strike","Havoc+1"],"picked":"Shrug It Off+1","floor":37.0},{"not_picked":["Dark Shackles","Blind"],"picked":"Violence","floor":38.0},{"not_picked":["Iron Wave","Combust+1","Shrug It Off+1"],"picked":"SKIP","floor":39.0},{"not_picked":["Sword Boomerang","Blood for Blood+1","Flex+1"],"picked":"SKIP","floor":46.0},{"not_picked":["Feed","Dropkick","Havoc"],"picked":"SKIP","floor":47.0},{"not_picked":["Flex","Pommel Strike","Heavy Blade"],"picked":"SKIP","floor":48.0}],"player_experience":56238,"relics_obtained":[{"floor":6.0,"key":"Lantern"},{"floor":8.0,"key":"Bottled Flame"},{"floor":9.0,"key":"Mercury Hourglass"},{"floor":19.0,"key":"Blood Vial"},{"floor":26.0,"key":"Bag of Preparation"},{"floor":29.0,"key":"Bronze Scales"},{"floor":37.0,"key":"Unceasing Top"},{"floor":43.0,"key":"Gremlin Horn"},{"floor":47.0,"key":"Omamori"}],"event_choices":[{"cards_removed":["Strike_R"],"damage_healed":0.0,"max_hp_gain":0.0,"max_hp_loss":0.0,"gold_gain":0.0,"event_name":"Living Wall","player_choice":"Forget","floor":2.0,"gold_loss":0.0,"damage_taken":0.0},{"damage_healed":0.0,"max_hp_gain":0.0,"max_hp_loss":6.0,"gold_gain":0.0,"event_name":"Golden Idol","player_choice":"Lose Max HP","floor":4.0,"gold_loss":0.0,"damage_taken":0.0,"relics_obtained":["Golden Idol"]},{"damage_healed":0.0,"max_hp_gain":0.0,"max_hp_loss":0.0,"gold_gain":0.0,"event_name":"Wheel of Change","player_choice":"Relic","floor":19.0,"gold_loss":0.0,"damage_taken":0.0},{"cards_removed":["Strike_R"],"damage_healed":0.0,"max_hp_gain":0.0,"max_hp_loss":0.0,"gold_gain":0.0,"event_name":"Bonfire Elementals","player_choice":"Offered Basic","floor":22.0,"gold_loss":0.0,"damage_taken":0.0},{"damage_healed":0.0,"max_hp_gain":0.0,"max_hp_loss":0.0,"gold_gain":99.0,"event_name":"Nest","player_choice":"Stole From Cult","floor":24.0,"gold_loss":0.0,"damage_taken":0.0},{"damage_healed":0.0,"max_hp_gain":0.0,"max_hp_loss":0.0,"gold_gain":0.0,"cards_transformed":["Strike_R","Defend_R"],"event_name":"Drug Dealer","player_choice":"Became Test Subject","floor":27.0,"gold_loss":0.0,"damage_taken":0.0,"cards_obtained":["Double Tap","Sentinel"]},{"cards_removed":["Twin Strike"],"damage_healed":0.0,"max_hp_gain":0.0,"max_hp_loss":0.0,"gold_gain":0.0,"event_name":"Falling","player_choice":"Removed Attack","floor":36.0,"gold_loss":0.0,"damage_taken":0.0},{"damage_healed":0.0,"max_hp_gain":0.0,"max_hp_loss":0.0,"gold_gain":0.0,"event_name":"Mysterious Sphere","player_choice":"Fight","floor":37.0,"gold_loss":0.0,"damage_taken":0.0},{"damage_healed":0.0,"max_hp_gain":0.0,"max_hp_loss":0.0,"gold_gain":0.0,"event_name":"SensoryStone","player_choice":"Memory 1","floor":38.0,"gold_loss":0.0,"damage_taken":0.0},{"damage_healed":0.0,"max_hp_gain":0.0,"max_hp_loss":0.0,"gold_gain":0.0,"event_name":"Tomb of Lord Red Mask","player_choice":"Ignored","floor":41.0,"gold_loss":0.0,"damage_taken":0.0},{"damage_healed":0.0,"max_hp_gain":0.0,"max_hp_loss":0.0,"gold_gain":0.0,"event_name":"Duplicator","player_choice":"Copied","floor":45.0,"gold_loss":0.0,"damage_taken":0.0,"cards_obtained":["Searing Blow"]}],"is_beta":false,"boss_relics":[{"not_picked":["Velvet Choker","Calling Bell"],"picked":"Philosopher\u0027s Stone"},{"not_picked":["Black Blood","Runic Pyramid"],"picked":"Sozu"}],"items_purged_floors":[3,14,31],"is_endless":false,"potions_floor_spawned":[13,16,18,23,29,39,47,48],"ascension_level":9}}