{"host":"792mtbovsoa03nb3","time":1609892910,"event":{"mods":["BaseMod","BetterRewards","Colored Map","Curses Come First","Dota2Spire","Downfall","Ekko","Evolution","Hubris","Infinite Spire","Minty Spire (QoL Compilation)","Replay The Spire","Spicy Shops","StSLib","The Blue Laboratory","The Jungle","??????REMEMod"],"gold_per_floor":[118,132,57,57,10,10,36,36,36,69,87,104,116,116,116,116,116],"floor_reached":16,"playtime":326,"items_purged":["Strike_B"],"score":155,"play_id":"3d8f99bd-ed62-454c-b6d9-451055afe891","local_time":"20210105162830","is_ascension_mode":true,"campfire_choices":[{"data":"Darkness","floor":6,"key":"SMITH"},{"data":"Redo","floor":8,"key":"SMITH"},{"data":"Darkness","floor":15,"key":"SMITH"}],"circlet_count":0,"master_deck":["Strike_B","Strike_B","Strike_B","Defend_B","Defend_B","Defend_B","Zap","Dualcast","Darkness+1","REME_SelfUpgrade","Redo+1","Streamline","Recycle","Redo","Darkness+1","Coolheaded"],"relics":["Cracked Core","EVO:Axolotl","REME_ComplimentaryCards","NeowsBlessing","Dota2Spire:Mjollnir","ReplayTheSpireMod:Shallot","Eternal Feather"],"acts_visited":["Exordium"],"potions_floor_usage":[13],"damage_taken":[{"damage":0,"enemies":"Small Slimes","floor":1,"turns":1},{"damage":0,"enemies":"Cultist","floor":2,"turns":1},{"damage":0,"enemies":"Lagavulin","floor":7,"turns":1},{"damage":42,"enemies":"Gremlin Nob","floor":10,"turns":4},{"damage":4,"enemies":"2 Louse","floor":11,"turns":3},{"damage":10,"enemies":"Blue Slaver","floor":12,"turns":3},{"damage":0,"enemies":"Exordium Thugs","floor":13,"turns":3},{"damage":28,"enemies":"Hexaghost","floor":16,"turns":5}],"seed_played":"1456541261307520524","potions_obtained":[{"floor":7,"key":"Fire Potion"}],"is_trial":false,"path_per_floor":["M","M","$","?","$","R","E","R","T","E","M","M","M","?","R","B"],"character_chosen":"DEFECT","items_purchased":["Redo"],"campfire_rested":0,"item_purchase_floors":[5],"current_hp_per_floor":[75,75,75,75,75,75,75,75,75,33,29,19,19,19,28,0,0],"gold":116,"neow_bonus":"THREE_ENEMY_KILL","is_daily":false,"chose_seed":false,"campfire_upgraded":3,"win_rate":0.0,"timestamp":1609892910,"path_taken":["M","M","$","?","$","R","E","R","T","E","M","?","M","?","R","BOSS"],"items_purchased_type":["Card"],"build_version":"2020-12-22","purchased_purges":1,"victory":false,"max_hp_per_floor":[75,75,75,75,75,75,75,75,75,75,75,75,75,75,75,75,75],"card_choices":[{"not_picked":["Hologram","BasicCrystalCard"],"picked":"Darkness","floor":1},{"not_picked":["Scrape","Hologram"],"picked":"REME_SelfUpgrade","floor":2},{"not_picked":["Cold Snap","Barrage"],"picked":"Streamline","floor":7},{"not_picked":["REME_DataAnalysis","Turbo","Steam"],"picked":"Recycle","floor":10},{"not_picked":["ReplayTheSpireMod:Reroute Power","Conserve Battery","Turbo"],"picked":"Redo","floor":11},{"not_picked":["Redo","Barrage","ReplayTheSpireMod:Calculation Training"],"picked":"Darkness","floor":12},{"not_picked":["Stack","Crystallizer","Biased Cognition"],"picked":"Coolheaded","floor":13}],"player_experience":841878,"relics_obtained":[{"floor":7,"key":"Dota2Spire:Mjollnir"},{"floor":9,"key":"ReplayTheSpireMod:Shallot"},{"floor":10,"key":"Eternal Feather"}],"event_choices":[{"cards_removed":["Defend_B"],"damage_healed":0,"gold_gain":0,"player_choice":"Offered Basic","damage_taken":0,"max_hp_gain":0,"max_hp_loss":0,"event_name":"Bonfire Elementals","floor":4,"gold_loss":0}],"is_beta":false,"boss_relics":[],"items_purged_floors":[3],"is_endless":false,"potions_floor_spawned":[7],"killed_by":"Hexaghost","ascension_level":3}}