{"host":"ueaobptuyu87ouwy","time":1609924837,"event":{"mods":["Aspiration","Bard","BaseMod","Better Altar","Better Match","Better Note","Better Sensory Stone","Better Skull","Better Third Choice","BetterRewards","CCEM","Colored Map","Conspire","Downfall","GifTheSpireLib","Googly Eyes","Halation","Hermit","Highlight Path","Hubris","Infinite Spire","Jedi Mod","Jorbs\u0027s Wanderer Trilogy","Marisa????????","Mimic Mod","Minty Spire (QoL Compilation)","Permanent Neow","Replay The Spire","StSLib","Stuff the Spire","The Runesmith","Unceasing Turn Reminder","everything is the same but u backflip on backflip","slay the spire mod where everything is the same but ironclad has a cowboy hat"],"gold_per_floor":[113,113,113,124,137,137,171,171,202,202,213,68,86,107,107,210,210,230,230,230,246,246,280,280,292,292,317,119,119,146,160,160,257,257,268,268,286,30,46,76,76,91,91,41,54,72,72],"floor_reached":46,"playtime":2788,"items_purged":["Pain","Strike_B","Strike_B"],"score":533,"play_id":"ff64cde8-47d2-4c96-b27b-c707126767e2","local_time":"20210106172037","is_ascension_mode":false,"campfire_choices":[{"data":"Steam","floor":6,"key":"SMITH"},{"data":"Conserve Battery","floor":8,"key":"SMITH"},{"floor":10,"key":"REST"},{"floor":24,"key":"REST"},{"data":"Defragment","floor":32,"key":"SMITH"},{"data":"StuffTheSpire:Synthwave","floor":41,"key":"SMITH"}],"circlet_count":0,"master_deck":["Defend_B","Defend_B","Defend_B","Defend_B","Zap+1","Dualcast","jedi:overflow+1","StuffTheSpire:ShieldGenerator+1","Steam+1","Go for the Eyes","Conserve Battery+1","Stack","Rip and Tear","Hologram","StuffTheSpire:Snapshot","jedi:BurstDark","jedi:BurstLightning","infinitespire:Fortify","infinitespire:Punishment","jedi:spotbugs+1","Sweeping Beam","Streamline","conspire:SharedLibrary","Cold Snap","Sweeping Beam","Multi-Cast","Redo","Rebound+1","Replay:BasicMightCard","Defragment+1","Barrage","Machine Learning","StuffTheSpire:Plugnplay+1","jedi:BurstLightning+1","Static Discharge","StuffTheSpire:LoadUp","Undo+1","StuffTheSpire:Synthwave+1","BasicCrystalCard+1","conspire:SpireCoStock","hubris:Ukulele+1"],"relics":["Cracked Core","CultistMask","StuffTheSpire:Gunfinga","Lantern","StuffTheSpire:HeavyRock","Odd Mushroom","hubris:TerracottaHorce","WarpedTongs","Lizard Tail","Replay:Towering Pillar of Hats","InkBottle","hubris:64BitClover","BargainBundle","Solar Panel","CCEMRelics:OrganicArmor","Inserter","CCEMRelics:GrapeVine","OrangePellets","halation:TwoAmDonut","Mercury Hourglass","Dream Catcher"],"acts_visited":["Exordium","TheCity","TheBeyond"],"potions_floor_usage":[27,30,45],"damage_taken":[{"damage":0,"enemies":"2 Louse","floor":1,"turns":1},{"damage":6,"enemies":"Small Slimes","floor":4,"turns":3},{"damage":0,"enemies":"Cultist","floor":5,"turns":4},{"damage":35,"enemies":"3 Sentries","floor":7,"turns":12},{"damage":0,"enemies":"Gremlin Gang","floor":9,"turns":7},{"damage":0,"enemies":"Gremlin Gang","floor":11,"turns":6},{"damage":0,"enemies":"Exordium Wildlife","floor":13,"turns":3},{"damage":8,"enemies":"The Mushroom Lair","floor":14,"turns":4},{"damage":38,"enemies":"Slime Boss","floor":16,"turns":15},{"damage":5,"enemies":"Shell Parasite","floor":18,"turns":8},{"damage":0,"enemies":"Chosen","floor":21,"turns":5},{"damage":21,"enemies":"Gremlin Leader","floor":23,"turns":8},{"damage":0,"enemies":"Snake Plant","floor":25,"turns":2},{"damage":13,"enemies":"conspire:SneckoGhost","floor":27,"turns":7},{"damage":52,"enemies":"Gremlin Leader","floor":30,"turns":10},{"damage":0,"enemies":"conspire:HollyBat","floor":31,"turns":5},{"damage":7,"enemies":"Automaton","floor":33,"turns":6},{"damage":0,"enemies":"Orb Walker","floor":35,"turns":2},{"damage":0,"enemies":"3 Shapes","floor":37,"turns":4},{"damage":35,"enemies":"Jaw Worm Horde","floor":39,"turns":3},{"damage":7,"enemies":"R_Hoarder","floor":40,"turns":6},{"damage":8,"enemies":"Spire Growth","floor":42,"turns":4},{"damage":22,"enemies":"4 Shapes","floor":45,"turns":4},{"damage":31,"enemies":"Nightmare","floor":46,"turns":4}],"seed_played":"-3736760970708173413","potions_obtained":[{"floor":11,"key":"Strength Potion"},{"floor":14,"key":"LiquidBronze"},{"floor":18,"key":"Elixir"},{"floor":25,"key":"jedi:hoardpotion"},{"floor":30,"key":"FocusPotion"},{"floor":35,"key":"champ:CounterPotion"},{"floor":45,"key":"Strength Potion"}],"is_trial":false,"path_per_floor":["M","?","?","M","M","R","E","R","MIM","R","M","$","M","?","R_BF","B",null,"M","?","AVR","M","?","E","R","M","T","E","$","T","E","M","R","B",null,"M","AVR","M","$","M","E","R","M","T","?","M","NM"],"character_chosen":"DEFECT","items_purchased":["StuffTheSpire:HeavyRock","BargainBundle","Redo","Rebound+1","Replay:BasicMightCard","OrangePellets","Static Discharge","StuffTheSpire:LoadUp"],"campfire_rested":2,"item_purchase_floors":[12,28,28,28,28,38,38,38],"current_hp_per_floor":[75,75,75,69,69,69,34,34,34,56,56,56,56,48,70,32,64,59,59,59,59,59,38,60,60,60,47,47,47,38,38,38,33,65,67,67,73,73,42,39,39,41,41,41,23,0,0],"gold":72,"neow_bonus":"UPGRADE_CARD","is_daily":false,"chose_seed":false,"campfire_upgraded":4,"win_rate":0.0,"timestamp":1609924837,"path_taken":["M","?","?","?","?","R","E","R","MIM","R","M","$","M","?","R_BF","BOSS","M","?","AVR","M","?","E","R","?","T","E","?","?","E","M","R","BOSS","M","AVR","M","$","M","E","R","M","T","?","M","NM"],"items_purchased_type":["Relic","Relic","Card","Card","Card","Relic","Card","Card"],"build_version":"2020-12-13","purchased_purges":3,"victory":false,"max_hp_per_floor":[75,75,75,75,75,75,75,75,75,75,75,75,75,75,75,75,75,75,75,75,75,75,75,75,75,75,75,75,75,75,75,75,75,75,75,75,75,75,75,75,75,75,75,75,75,75,75],"card_choices":[{"not_picked":["StuffTheSpire:Coldhearted","Hello World"],"picked":"jedi:overflow","floor":1},{"not_picked":["Sweeping Beam","Hologram"],"picked":"Steam","floor":4},{"not_picked":["Gash","ReplayTheSpireMod:Reroute Power"],"picked":"Go for the Eyes","floor":5},{"not_picked":["Heatsinks","Double Energy"],"picked":"Conserve Battery","floor":7},{"not_picked":["Hologram","Go for the Eyes"],"picked":"Stack","floor":9},{"not_picked":["StuffTheSpire:LoadUp","Cold Snap"],"picked":"Rip and Tear","floor":11},{"not_picked":["Gash","Force Field"],"picked":"Hologram","floor":13},{"not_picked":["Leap","StuffTheSpire:LoadUp"],"picked":"StuffTheSpire:SnapShoot","floor":14},{"not_picked":["jedi:studyfrost","StuffTheSpire:EventHorizon"],"picked":"jedi:BurstDark","floor":16},{"not_picked":["Cold Snap","FIFO Queue+1"],"picked":"jedi:BurstLightning","floor":18},{"not_picked":["Ball Lightning","Rebound"],"picked":"jedi:spotbugs+1","floor":21},{"not_picked":["Sunder","Steam"],"picked":"Streamline","floor":23},{"not_picked":["Coolheaded","Steam"],"picked":"conspire:SharedLibrary","floor":25},{"not_picked":["Steam","Coolheaded+1"],"picked":"Defragment","floor":30},{"not_picked":["Compile Driver","Sweeping Beam"],"picked":"Barrage","floor":31},{"not_picked":["jedi:readyaimfire","ReplayRNGCard"],"picked":"Machine Learning","floor":33},{"not_picked":["Stack","jedi:BurstFrost"],"picked":"StuffTheSpire:Plugnplay+1","floor":35},{"not_picked":["jedi:BurstFrost+1","Hologram+1"],"picked":"jedi:BurstLightning+1","floor":37},{"not_picked":["Compile Driver","ReplayTheSpireMod:Dual Polarity+1"],"picked":"Undo+1","floor":39},{"not_picked":["Seek","ReplayTheSpireMod:GoodbyeWorld"],"picked":"StuffTheSpire:Synthwave","floor":40},{"not_picked":["Gash","FIFO Queue"],"picked":"BasicCrystalCard+1","floor":42},{"not_picked":["Chaos","StuffTheSpire:GlassShard+1"],"picked":"hubris:Ukulele+1","floor":45}],"player_experience":26679,"relics_obtained":[{"floor":7,"key":"StuffTheSpire:Gunfinga"},{"floor":9,"key":"Lantern"},{"floor":14,"key":"Odd Mushroom"},{"floor":23,"key":"Replay:Towering Pillar of Hats"},{"floor":26,"key":"InkBottle"},{"floor":27,"key":"hubris:64BitClover"},{"floor":29,"key":"Solar Panel"},{"floor":30,"key":"CCEMRelics:OrganicArmor"},{"floor":40,"key":"halation:TwoAmDonut"},{"floor":43,"key":"Mercury Hourglass"},{"floor":45,"key":"Dream Catcher"}],"event_choices":[{"damage_healed":0,"gold_gain":0,"player_choice":"Trade","damage_taken":0,"relics_obtained":["CultistMask"],"max_hp_gain":0,"max_hp_loss":0,"event_name":"FaceTrader","floor":3,"gold_loss":0},{"damage_healed":0,"gold_gain":0,"player_choice":"Fought Mushrooms","damage_taken":0,"max_hp_gain":0,"max_hp_loss":0,"event_name":"Mushrooms","floor":14,"gold_loss":0},{"damage_healed":0,"gold_gain":0,"player_choice":"Rummage","damage_taken":0,"relics_obtained":["WarpedTongs"],"max_hp_gain":0,"max_hp_loss":0,"event_name":"Accursed Blacksmith","floor":19,"gold_loss":0,"cards_obtained":["Pain"]},{"damage_healed":0,"gold_gain":0,"cards_transformed":["Strike_B"],"player_choice":"Transformed","damage_taken":0,"max_hp_gain":0,"max_hp_loss":0,"event_name":"Transmorgrifier","floor":22,"gold_loss":0,"cards_obtained":["Sweeping Beam"]},{"damage_healed":0,"gold_gain":0,"player_choice":"Invest 1","damage_taken":0,"max_hp_gain":0,"max_hp_loss":0,"event_name":"conspire:Investor","floor":44,"gold_loss":0}],"is_beta":false,"boss_relics":[{"not_picked":["jedi:paperlyon","aspiration:PoetsPen_weak"],"picked":"hubris:TerracottaHorce"},{"not_picked":["Busted Crown","aspiration:MobileForge"],"picked":"Inserter"}],"items_purged_floors":[20,28,36],"is_endless":false,"potions_floor_spawned":[11,14,18,25,27,30,35,45],"killed_by":"Nightmare","ascension_level":0}}