{"host":"bxn2em57qlx5u4i0","time":1609965863,"event":{"mods":["BaseMod","Colored Map","Colored Powertips","Highlight Path","Minty Spire (QoL Compilation)","Random Character Button","Relic Sorter","Relic Stats","StSLib","SuperFastMode"],"gold_per_floor":[110,130,130,47,47,79,91,128,163,175,216,228,256,303,315,401,413,438,44,44,56,56,91,91,116,142,192,6,19,31,46,46,121,171,188,203,221,13,23,23,51,71,95,32,32,63,73,103,103,103,103,103,103,17,50,50],"floor_reached":57,"playtime":3132,"items_purged":["Strike_G","Strike_G+1","Strike_G+1"],"score":3016,"play_id":"9557e8e3-562f-44ce-b95e-d659775c5bc6","local_time":"20210106154423","is_ascension_mode":true,"campfire_choices":[{"data":"Noxious Fumes","floor":7.0,"key":"SMITH"},{"floor":10,"key":"REST"},{"data":"Deadly Poison","floor":15,"key":"SMITH"},{"data":"Survivor","floor":24,"key":"SMITH"},{"data":"After Image","floor":32,"key":"SMITH"},{"data":"Tactician","floor":40,"key":"SMITH"},{"floor":49,"key":"RECALL"},{"data":"After Image","floor":53,"key":"SMITH"}],"circlet_count":0,"master_deck":["AscendersBane","Strike_G+1","Strike_G+1","Defend_G+1","Defend_G+1","Defend_G+1","Defend_G+1","Defend_G+1","Survivor+1","Neutralize","Backstab","Deadly Poison+1","Noxious Fumes+1","Poisoned Stab+1","Deadly Poison","Adrenaline","Calculated Gamble","Dodge and Roll+1","After Image+1","Backstab","Calculated Gamble","Endless Agony","After Image+1","Tactician+1","Deflect+1","Backflip+1","Backflip+1","Backstab+1","Blade Dance","Escape Plan","Footwork","Malaise"],"relics":["NeowsBlessing","MawBank","Ring of the Serpent","Nunchaku","Oddly Smooth Stone","Toy Ornithopter","Dead Branch","Letter Opener","TwistedFunnel","PreservedInsect","Ice Cream","Peace Pipe","Lantern","Tiny House","Membership Card","Bottled Flame","Boot","White Beast Statue","Happy Flower","Bag of Marbles"],"acts_visited":["Exordium","TheCity","TheBeyond","TheEnding"],"potions_floor_usage":[8,11,14,23,25,33,39,48,48,55,56],"damage_taken":[{"damage":0.0,"enemies":"Small Slimes","floor":1.0,"turns":1.0},{"damage":0.0,"enemies":"2 Louse","floor":2.0,"turns":1.0},{"damage":0.0,"enemies":"3 Sentries","floor":6.0,"turns":1.0},{"damage":39,"enemies":"Gremlin Nob","floor":8,"turns":4},{"damage":35,"enemies":"Lagavulin","floor":11,"turns":8},{"damage":0,"enemies":"Jaw Worm","floor":13,"turns":2},{"damage":5,"enemies":"Gremlin Nob","floor":14,"turns":3},{"damage":14,"enemies":"Hexaghost","floor":16,"turns":9},{"damage":0,"enemies":"3 Byrds","floor":18,"turns":4},{"damage":3,"enemies":"Shell Parasite","floor":21,"turns":4},{"damage":4,"enemies":"Gremlin Leader","floor":23,"turns":4},{"damage":29,"enemies":"Book of Stabbing","floor":25,"turns":5},{"damage":2,"enemies":"Sentry and Sphere","floor":29,"turns":3},{"damage":0,"enemies":"Shelled Parasite and Fungi","floor":30,"turns":4},{"damage":0,"enemies":"Centurion and Healer","floor":31,"turns":4},{"damage":39,"enemies":"Automaton","floor":33,"turns":9},{"damage":0,"enemies":"Orb Walker","floor":35,"turns":2},{"damage":0,"enemies":"3 Darklings","floor":36,"turns":7},{"damage":0,"enemies":"Jaw Worm Horde","floor":37,"turns":3},{"damage":0,"enemies":"Transient","floor":39,"turns":6},{"damage":0,"enemies":"Reptomancer","floor":41,"turns":6},{"damage":0,"enemies":"Maw","floor":42,"turns":7},{"damage":37,"enemies":"Giant Head","floor":46,"turns":6},{"damage":0,"enemies":"Jaw Worm Horde","floor":47,"turns":4},{"damage":0,"enemies":"Reptomancer","floor":48,"turns":5},{"damage":12,"enemies":"Awakened One","floor":50,"turns":21},{"damage":3,"enemies":"Donu and Deca","floor":51,"turns":6},{"damage":30,"enemies":"Shield and Spear","floor":55,"turns":8},{"damage":33,"enemies":"The Heart","floor":56,"turns":8}],"seed_played":"-6422791304074457262","potions_obtained":[{"floor":2.0,"key":"EssenceOfSteel"},{"floor":6.0,"key":"SteroidPotion"},{"floor":13,"key":"FearPotion"},{"floor":14,"key":"FairyPotion"},{"floor":21,"key":"SkillPotion"},{"floor":23,"key":"Regen Potion"},{"floor":29,"key":"Fruit Juice"},{"floor":33,"key":"Swift Potion"},{"floor":39,"key":"Poison Potion"},{"floor":45,"key":"EntropicBrew"},{"floor":55,"key":"LiquidMemories"}],"is_trial":false,"path_per_floor":["M","M","?","$","?","E","R","E","T","R","E","T","M","E","R","B",null,"M","$","?","M","?","E","R","E","T","?","$","M","M","M","R","B",null,"M","M","M","$","M","R","E","M","T","$","?","E","M","E","R","B","B",null,"R","$","E","B",null],"character_chosen":"THE_SILENT","items_purchased":["Noxious Fumes","TwistedFunnel","PreservedInsect","GhostInAJar","Calculated Gamble","Membership Card","Happy Flower"],"campfire_rested":1,"item_purchase_floors":[4,19,19,28,28,38,54],"current_hp_per_floor":[59,59,59,59,59,59,59,20,20,39,4,4,4,4,4,13,53,53,53,53,50,50,51,51,41,41,41,41,39,39,39,39,10,61,61,61,61,61,66,66,66,66,66,66,66,29,29,39,39,27,24,63,63,63,38,10],"gold":50,"neow_bonus":"THREE_ENEMY_KILL","is_daily":false,"chose_seed":false,"campfire_upgraded":6,"win_rate":0.0,"timestamp":1609965863,"path_taken":["M","M","?","$","?","E","R","E","T","R","E","?","M","E","R","BOSS","M","$","?","M","?","E","R","E","T","?","$","M","M","M","R","BOSS","M","?","M","$","M","R","E","M","T","$","?","E","M","E","R","BOSS","BOSS","R","$","E","BOSS"],"items_purchased_type":["Card","Relic","Relic","Potion","Card","Relic","Relic"],"build_version":"2020-12-22","purchased_purges":3,"victory":true,"max_hp_per_floor":[66,66,66,66,66,66,66,66,66,66,66,66,66,66,66,66,66,66,66,66,66,66,66,66,66,66,66,66,66,66,66,66,71,76,76,76,76,76,76,76,76,76,76,76,76,76,76,76,76,76,76,76,76,76,76,76],"relic_stats":{"Peace Pipe":0,"Nunchaku":[42],"Happy Flower":[5],"counters":[29,155],"Dead Branch":[322],"PreservedInsect":416,"Letter Opener":[574],"MawBank":156,"Boot":[137],"obtain_stats":[{"TwistedFunnel":19,"Ice Cream":23,"Lantern":26,"Tiny House":34,"NeowsBlessing":0,"Happy Flower":54,"Dead Branch":12,"Oddly Smooth Stone":9,"Circlet":17,"PreservedInsect":19,"Letter Opener":14,"MawBank":6,"Boot":46,"White Beast Statue":48,"Peace Pipe":25,"Nunchaku":8,"Bottled Flame":41,"Bag of Marbles":55,"Membership Card":38,"Toy Ornithopter":11,"Ring of the Serpent":17,"Ring of the Snake":0,"Runic Pyramid":17},{"TwistedFunnel":9,"Ice Cream":11,"Lantern":12,"Tiny House":16,"NeowsBlessing":0,"Happy Flower":27,"Dead Branch":5,"Oddly Smooth Stone":4,"Circlet":8,"PreservedInsect":9,"Letter Opener":7,"MawBank":3,"Boot":23,"White Beast Statue":25,"Peace Pipe":12,"Nunchaku":4,"Bottled Flame":21,"Bag of Marbles":28,"Membership Card":19,"Toy Ornithopter":5,"Ring of the Serpent":8,"Ring of the Snake":0,"Runic Pyramid":8},{"TwistedFunnel":33,"Ice Cream":41,"Lantern":46,"Tiny House":66,"NeowsBlessing":0,"Happy Flower":139,"Dead Branch":15,"Oddly Smooth Stone":7,"Circlet":29,"PreservedInsect":33,"Letter Opener":20,"MawBank":3,"Boot":103,"White Beast Statue":112,"Peace Pipe":46,"Nunchaku":7,"Bottled Flame":90,"Bag of Marbles":147,"Membership Card":78,"Toy Ornithopter":15,"Ring of the Serpent":29,"Ring of the Snake":0,"Runic Pyramid":29}],"Toy Ornithopter":45},"card_choices":[{"not_picked":["Deflect","Backflip"],"picked":"Backstab","floor":1.0},{"not_picked":["Acrobatics","Quick Slash"],"picked":"Deadly Poison","floor":2.0},{"not_picked":["Dagger Throw","Slice"],"picked":"Poisoned Stab","floor":6.0},{"not_picked":["Accuracy","Setup"],"picked":"Deadly Poison","floor":8},{"not_picked":["Grand Finale","Sucker Punch","Slice"],"picked":"SKIP","floor":11},{"not_picked":["Deadly Poison","Dagger Throw","Eviscerate"],"picked":"SKIP","floor":13},{"not_picked":["Reflex","Dash","Outmaneuver"],"picked":"SKIP","floor":14},{"not_picked":["Envenom","Night Terror"],"picked":"Adrenaline","floor":16},{"not_picked":["Flying Knee","Deadly Poison"],"picked":"Calculated Gamble","floor":18},{"not_picked":["Quick Slash","Acrobatics"],"picked":"Dodge and Roll+1","floor":21},{"not_picked":["Backflip","Deflect"],"picked":"After Image","floor":23},{"not_picked":["Backflip","Predator+1"],"picked":"Backstab","floor":25},{"not_picked":["Poisoned Stab","Acrobatics"],"picked":"Endless Agony","floor":29},{"not_picked":["Dodge and Roll","Poisoned Stab+1","Expertise+1"],"picked":"SKIP","floor":30},{"not_picked":["Noxious Fumes","Slice","Dagger Spray"],"picked":"SKIP","floor":31},{"not_picked":["Envenom","Grand Finale"],"picked":"After Image","floor":33},{"not_picked":["Slice","Dagger Throw"],"picked":"Tactician","floor":34},{"not_picked":["Leg Sweep+1","Poisoned Stab"],"picked":"Deflect+1","floor":35},{"not_picked":["Deflect","Poisoned Stab"],"picked":"Backflip+1","floor":36},{"not_picked":["Caltrops","Backflip+1","Dagger Spray"],"picked":"SKIP","floor":37},{"not_picked":["Caltrops","Backflip+1","Dagger Spray"],"picked":"SKIP","floor":37},{"not_picked":["Sucker Punch+1","Acrobatics"],"picked":"Backflip+1","floor":39},{"not_picked":["Skewer","Distraction"],"picked":"Backstab+1","floor":41},{"not_picked":["Blur","Night Terror"],"picked":"Blade Dance","floor":42},{"not_picked":["Predator","Underhanded Strike"],"picked":"Escape Plan","floor":46},{"not_picked":["Flying Knee","Dodge and Roll"],"picked":"Footwork","floor":47},{"not_picked":["Dagger Spray","Quick Slash","Dagger Throw"],"picked":"SKIP","floor":48},{"not_picked":["Setup","Dash"],"picked":"Malaise","floor":55}],"player_experience":2844279,"relics_obtained":[{"floor":6.0,"key":"MawBank"},{"floor":8,"key":"Nunchaku"},{"floor":9,"key":"Oddly Smooth Stone"},{"floor":11,"key":"Toy Ornithopter"},{"floor":12,"key":"Dead Branch"},{"floor":14,"key":"Letter Opener"},{"floor":23,"key":"Ice Cream"},{"floor":25,"key":"Peace Pipe"},{"floor":26,"key":"Lantern"},{"floor":41,"key":"Bottled Flame"},{"floor":46,"key":"Boot"},{"floor":48,"key":"White Beast Statue"},{"floor":55,"key":"Bag of Marbles"}],"event_choices":[{"damage_healed":0.0,"max_hp_gain":0.0,"max_hp_loss":0.0,"gold_gain":0.0,"event_name":"Liars Game","player_choice":"Ignored","floor":3.0,"gold_loss":0.0,"damage_taken":0.0},{"damage_healed":0.0,"max_hp_gain":0.0,"max_hp_loss":0.0,"gold_gain":0.0,"event_name":"The Cleric","player_choice":"Leave","floor":5.0,"gold_loss":0.0,"damage_taken":0.0},{"damage_healed":0,"gold_gain":0,"player_choice":"Simplicity","damage_taken":0,"max_hp_gain":0,"max_hp_loss":0,"event_name":"Back to Basics","floor":20,"gold_loss":0,"cards_upgraded":["Strike_G","Strike_G","Strike_G","Strike_G","Defend_G","Defend_G","Defend_G","Defend_G","Defend_G"]},{"damage_healed":0,"gold_gain":0,"player_choice":"Ignored","damage_taken":0,"max_hp_gain":0,"max_hp_loss":0,"event_name":"The Mausoleum","floor":22,"gold_loss":0},{"damage_healed":0,"gold_gain":100,"player_choice":"Bet on Murderer","damage_taken":0,"max_hp_gain":0,"max_hp_loss":0,"event_name":"The Joust","floor":27,"gold_loss":50},{"damage_healed":0,"gold_gain":0,"player_choice":"Got Potions","damage_taken":0,"max_hp_gain":0,"max_hp_loss":0,"event_name":"Lab","floor":45,"gold_loss":0}],"is_beta":false,"boss_relics":[{"not_picked":["Ring of the Serpent","WristBlade"],"picked":"Runic Pyramid"},{"not_picked":["Pandora\u0027s Box","Velvet Choker"],"picked":"Tiny House"}],"items_purged_floors":[19,38,44],"is_endless":false,"potions_floor_spawned":[2,6,13,14,21,23,29,33,36,39,42,55],"ascension_level":20}}