{"host":"kabf61oc9jgfwufg","time":1609920624,"event":{"mods":["AchievementEnabler","Act Like it!","Aspiration","BaseMod","Conspire","GifTheSpireLib","Halation","HexUI Lib","Hubris","Infinite Spire","Minty Spire (QoL Compilation)","Pale of the Ancients","Quick Restart","Rare Cards Sparkle","Replay The Spire","Shop Mod","StSLib","The Jungle","Waifu the Spire"],"gold_per_floor":[119,119,119,137,147,147,147,147,147,73,90,90,90,105,105,225,225,239,239,239,258,283,283,314,314,384,384,404,529,529,544,544,667,667,681,681,694,1027,837,870,870,903,930,385,397,407,427,442,442,442,442,461,461,85,85,98,98,98,98,98],"floor_reached":61,"playtime":2690,"items_purged":["Strike_G","Strike_G","Defend_G","Defend_G"],"score":1641,"play_id":"e7f673e1-99f7-4919-86bf-03f7e7631b4c","local_time":"20210106081024","is_ascension_mode":false,"campfire_choices":[{"data":"Quick Slash","floor":6.0,"key":"SMITH"},{"data":"Dagger Throw","floor":8.0,"key":"SMITH"},{"data":"Envenom","floor":12.0,"key":"SMITH"},{"data":"Neutralize","floor":15.0,"key":"SMITH"},{"data":"Adrenaline","floor":23.0,"key":"SMITH"},{"data":"infinitespire:SevenWalls","floor":30.0,"key":"SMITH"},{"data":"Hidden Blade","floor":32.0,"key":"SMITH"},{"data":"After Image","floor":41.0,"key":"SMITH"},{"data":"Apotheosis","floor":49.0,"key":"SMITH"},{"data":"Slice","floor":55.0,"key":"SMITH"},{"data":"A Thousand Cuts","floor":57,"key":"SMITH"}],"circlet_count":0,"master_deck":["Strike_G","Strike_G","Defend_G","Defend_G","Defend_G","Survivor","Neutralize+1","Unload","Quick Slash+1","Dagger Throw+1","Slice+1","Envenom+1","Blade Dance+1","Backflip","Adrenaline+1","All Out Attack","Shame","Noxious Fumes","hubris:SlightOfHand","Bane","infinitespire:SevenWalls+1","Poisoned Stab+1","Slice","Hidden Blade+1","After Image+1","Flying Knee","conspire:PoisonWeapons+1","Apotheosis+1","A Thousand Cuts+1"],"relics":["Ring of the Snake","hubris:Towel","Mummified Hand","Mercury Hourglass","Runic Dome","ReplayTheSpireMod:Ring of Sloth","Anchor","hubris:BottledHeart","aspiration:HummingbirdHeart","conspire:Dentures","conspire:RunicOctahedron","hubris:Zylophone","Pear","WristBlade","MerchantsRug","Ninja Scroll","Replay:Rubber Ducky","Happy Flower","hubris:Metronome","paleoftheancients:Timepiece","Gremlin Horn","paleoftheancients:SoulOfTheShowman","Mirror"],"acts_visited":["Exordium","TheCity","TheBeyond","paleoftheancients:PaleOfTheAncients"],"potions_floor_usage":[60],"damage_taken":[{"damage":8.0,"enemies":"Jaw Worm","floor":1.0,"turns":3.0},{"damage":0.0,"enemies":"Cultist","floor":4.0,"turns":3.0},{"damage":0.0,"enemies":"2 Louse","floor":5.0,"turns":2.0},{"damage":10.0,"enemies":"Lots of Slimes","floor":11.0,"turns":2.0},{"damage":0.0,"enemies":"3 Louse","floor":14.0,"turns":2.0},{"damage":42.0,"enemies":"Slime Boss","floor":16.0,"turns":8.0},{"damage":1.0,"enemies":"conspire:FuzzyDice","floor":18.0,"turns":4.0},{"damage":14.0,"enemies":"2 Thieves","floor":21.0,"turns":3.0},{"damage":12.0,"enemies":"Cultist and Chosen","floor":22.0,"turns":4.0},{"damage":0.0,"enemies":"conspire:Head Lice","floor":24.0,"turns":5.0},{"damage":0.0,"enemies":"Snake Plant","floor":28.0,"turns":4.0},{"damage":0.0,"enemies":"Colosseum Slavers","floor":29.0,"turns":3.0},{"damage":0.0,"enemies":"Colosseum Nobs","floor":29.0,"turns":4.0},{"damage":0.0,"enemies":"Snecko","floor":31.0,"turns":4.0},{"damage":0.0,"enemies":"Collector","floor":33.0,"turns":5.0},{"damage":0.0,"enemies":"Orb Walker","floor":35.0,"turns":2.0},{"damage":0.0,"enemies":"3 Darklings","floor":37.0,"turns":3.0},{"damage":0.0,"enemies":"Nemesis","floor":40.0,"turns":5.0},{"damage":0.0,"enemies":"Reptomancer","floor":42.0,"turns":3.0},{"damage":0.0,"enemies":"Spire Growth","floor":45.0,"turns":3.0},{"damage":0.0,"enemies":"Writhing Mass","floor":46.0,"turns":2.0},{"damage":0.0,"enemies":"Jaw Worm Horde","floor":47.0,"turns":2.0},{"damage":0.0,"enemies":"Spire Growth","floor":48.0,"turns":2.0},{"damage":0.0,"enemies":"hubris:GrandSnecko","floor":50.0,"turns":3.0},{"damage":2.0,"enemies":"hubris:GrandSnecko","floor":51.0,"turns":5.0},{"damage":0.0,"enemies":"hubris:GrandSnecko","floor":52.0,"turns":6.0},{"damage":0,"enemies":"","floor":56,"turns":4},{"damage":0,"enemies":"paleoftheancients:N","floor":60,"turns":8}],"seed_played":"6683520954426397368","potions_obtained":[{"floor":11.0,"key":"Swift Potion"},{"floor":14.0,"key":"Dexterity Potion"},{"floor":18.0,"key":"infinitespire:BlackPotion"},{"floor":22.0,"key":"SkillPotion"},{"floor":29.0,"key":"SkillPotion"},{"floor":31.0,"key":"SteroidPotion"},{"floor":33.0,"key":"Strength Potion"},{"floor":35.0,"key":"BlessingOfTheForge"},{"floor":46.0,"key":"Dexterity Potion"},{"floor":48.0,"key":"Fire Potion"},{"floor":53.0,"key":"DuplicationPotion"},{"floor":53.0,"key":"GamblersBrew"},{"floor":53.0,"key":"Elixir"}],"is_trial":false,"path_per_floor":["M","?","T","M","M","R","?","R","T","$","M","R","?","M","R","B",null,"M","?","?","M","M","R","E","?","T","AVR","M","?","R","M","R","B",null,"M","?","M","?","$","E","R","E","T","$","M","M","M","M","R","B","M","M","?","$","R","M","R","T","?","B",null],"character_chosen":"THE_SILENT","items_purchased":["Envenom","MerchantsRug","Apotheosis","hubris:Metronome","Mirror"],"campfire_rested":0,"item_purchase_floors":[10,39,44,44,54],"current_hp_per_floor":[62,62,62,62,62,62,62,62,62,62,52,52,52,52,52,10,65,64,64,64,50,38,38,38,1,1,1,1,1,1,1,1,1,1,1,1,1,1,1,1,1,1,1,1,1,1,1,1,1,1,1,1,1,1,1,1,1,1,1,1],"gold":98,"neow_bonus":"ONE_RANDOM_RARE_CARD","is_daily":false,"chose_seed":false,"campfire_upgraded":11,"win_rate":0.0,"timestamp":1609920624,"path_taken":["M","?","?","?","M","R","?","R","T","$","M","R","?","M","R","BOSS","M","?","?","?","M","R","E","?","T","AVR","M","?","R","M","R","BOSS","M","?","M","?","$","E","R","E","T","$","M","M","M","M","R","BOSS","M","M","?","$","R","M","R","T","?","BOSS"],"items_purchased_type":["Card","Relic","Card","Relic","Relic"],"build_version":"2020-12-22","purchased_purges":4,"victory":true,"max_hp_per_floor":[70,70,70,70,70,70,70,70,70,70,70,70,65,65,65,65,65,65,65,65,65,65,65,65,1,1,1,1,1,1,1,1,1,1,1,1,1,1,1,1,1,1,1,1,1,1,1,1,1,1,1,1,1,1,1,1,1,1,1,1],"card_choices":[{"not_picked":["Poisoned Stab","Predator"],"picked":"Quick Slash","floor":1.0},{"not_picked":["Deadly Poison","Prepared"],"picked":"Dagger Throw","floor":4.0},{"not_picked":["Deflect","Deadly Poison"],"picked":"Slice","floor":5.0},{"not_picked":["ReplayTheSpireMod:From All Sides","Quick Slash"],"picked":"Blade Dance","floor":11.0},{"not_picked":["Flechettes","Underhanded Strike"],"picked":"Backflip","floor":14.0},{"not_picked":["Tools of the Trade","ReplayTheSpireMod:From All Sides"],"picked":"Adrenaline","floor":16.0},{"not_picked":["Deflect","Underhanded Strike"],"picked":"All Out Attack","floor":18.0},{"not_picked":["PiercingWail+1","Deflect"],"picked":"Noxious Fumes","floor":21.0},{"not_picked":["Blur+1","Sucker Punch+1"],"picked":"hubris:SlightOfHand","floor":22.0},{"not_picked":["Underhanded Strike","Riddle With Holes"],"picked":"Bane","floor":24.0},{"not_picked":["Quick Slash","Deadly Poison"],"picked":"Poisoned Stab+1","floor":28.0},{"not_picked":["Bane+1","Outmaneuver"],"picked":"Slice","floor":29.0},{"not_picked":["Deflect","Masterful Stab"],"picked":"Hidden Blade","floor":31.0},{"not_picked":["Night Terror","Glass Knife"],"picked":"After Image","floor":33.0},{"not_picked":["ReplayTheSpireMod:Exploit Weakness","Dash","Toxin Wave"],"picked":"SKIP","floor":35.0},{"not_picked":["Dodge and Roll+1","hubris:Counter+1"],"picked":"Flying Knee","floor":37.0},{"not_picked":["Hidden Blade+1","Corpse Explosion","Flying Knee+1"],"picked":"SKIP","floor":40.0},{"not_picked":["Flechettes","Underhanded Strike"],"picked":"conspire:PoisonWeapons+1","floor":42.0},{"not_picked":["Bane","Dodge and Roll+1","Outmaneuver"],"picked":"SKIP","floor":45.0},{"not_picked":["Bane","Dodge and Roll+1","Outmaneuver"],"picked":"SKIP","floor":45.0},{"not_picked":["Caltrops+1","Endless Agony+1","Flying Knee+1"],"picked":"SKIP","floor":46.0},{"not_picked":["hubris:Sniper","Dagger Throw","Backflip+1"],"picked":"SKIP","floor":47.0},{"not_picked":["PiercingWail","Bane","Hidden Blade+1"],"picked":"SKIP","floor":48.0},{"not_picked":["ReplayTheSpireMod:Scrap Shanks","Hidden Blade","Calculated Gamble+1"],"picked":"SKIP","floor":52.0},{"not_picked":["Finisher+1","Poisoned Stab"],"picked":"A Thousand Cuts","floor":56}],"player_experience":50112,"relics_obtained":[{"floor":3.0,"key":"Mummified Hand"},{"floor":9.0,"key":"Mercury Hourglass"},{"floor":19.0,"key":"ReplayTheSpireMod:Ring of Sloth"},{"floor":24.0,"key":"Anchor"},{"floor":26.0,"key":"aspiration:HummingbirdHeart"},{"floor":29.0,"key":"hubris:Zylophone"},{"floor":29.0,"key":"Pear"},{"floor":40.0,"key":"Ninja Scroll"},{"floor":42.0,"key":"Replay:Rubber Ducky"},{"floor":43.0,"key":"Happy Flower"},{"floor":52.0,"key":"paleoftheancients:SoulOfTheShowman"}],"event_choices":[{"damage_healed":0.0,"max_hp_gain":0.0,"max_hp_loss":5.0,"gold_gain":0.0,"event_name":"Golden Idol","player_choice":"Lose Max HP","floor":13.0,"gold_loss":0.0,"damage_taken":0.0,"relics_obtained":["Golden Idol"]},{"damage_healed":0.0,"max_hp_gain":0.0,"max_hp_loss":0.0,"gold_gain":0.0,"cards_transformed":["Amnesia"],"event_name":"Transmorgrifier","player_choice":"Transformed","floor":20.0,"gold_loss":0.0,"damage_taken":0.0,"cards_obtained":["Shame"]},{"damage_healed":0.0,"max_hp_gain":0.0,"max_hp_loss":0.0,"gold_gain":0.0,"event_name":"Colosseum","player_choice":"Fight","floor":29.0,"gold_loss":0.0,"damage_taken":0.0},{"damage_healed":0.0,"max_hp_gain":0.0,"max_hp_loss":0.0,"gold_gain":0.0,"event_name":"Colosseum","player_choice":"Fought Nobs","floor":29.0,"gold_loss":0.0,"damage_taken":0.0},{"damage_healed":0.0,"max_hp_gain":0.0,"max_hp_loss":0.0,"gold_gain":333.0,"event_name":"The Moai Head","player_choice":"Gave Idol","floor":38.0,"relics_lost":["Golden Idol"],"gold_loss":0.0,"damage_taken":0.0},{"damage_healed":0.0,"max_hp_gain":0.0,"max_hp_loss":0.0,"gold_gain":0.0,"event_name":"Lab","player_choice":"Got Potions","floor":53.0,"gold_loss":0.0,"damage_taken":0.0}],"is_beta":false,"boss_relics":[{"not_picked":["Velvet Choker","halation:PinkAlligatorPlush"],"picked":"Runic Dome"},{"not_picked":["aspiration:SecretTechniqueScroll","aspiration:RunicSpoon"],"picked":"WristBlade"}],"items_purged_floors":[27,39,44,54],"is_endless":false,"potions_floor_spawned":[11,14,18,22,29,31,33,35,46,48,52],"ascension_level":0}}