{"host":"dgf4n6lo35jtjz0c","time":1609899804,"event":{"mods":["AchievementEnabler","BaseMod","Bestiary","Colored Powertips","Minty Spire (QoL Compilation)"],"gold_per_floor":[366,386,60,73,87,87,87,87,111,111,125,125,165,181,181,310,310,329,354,379,39,53,53,73,73,73,73,88,107,126,144,144,265,265,278,333,248,311,74,74,89,112,112,112,14,37,50,75,75,75],"floor_reached":51,"playtime":3509,"items_purged":["Strike_B","Strike_B","Strike_B"],"score":757,"play_id":"545f8a7d-6098-41f7-b704-7a287e7a0aff","local_time":"20210106132324","is_ascension_mode":false,"campfire_choices":[{"floor":6.0,"key":"REST"},{"floor":8.0,"key":"REST"},{"floor":15.0,"key":"REST"},{"data":"Mayhem","floor":23.0,"key":"SMITH"},{"floor":32.0,"key":"REST"},{"floor":40.0,"key":"REST"},{"floor":44.0,"key":"REST"},{"floor":49.0,"key":"REST"}],"circlet_count":0,"master_deck":["Defend_B","Defend_B","Defend_B","Defend_B","Zap","Dualcast","Genetic Algorithm","Ball Lightning","Capacitor","Mayhem+1","Beam Cell","Glacier","Coolheaded","Cold Snap","Storm","Rainbow","Blizzard+1","Aggregate","Defragment","Defragment","Genetic Algorithm+1","Tempest+1","Loop","Coolheaded+1","Cold Snap+1","Storm+1","Coolheaded+1","Amplify+1","Conserve Battery+1","Storm","Glacier+1","Coolheaded+1","Conserve Battery+1","Static Discharge","Cold Snap","Conserve Battery+1","Stack+1","Cold Snap+1","Storm","Defragment","Hologram+1","Seek+1","Self Repair","White Noise+1"],"relics":["FrozenCore","Golden Idol","Blood Vial","MealTicket","Tiny Chest","Gremlin Horn","Membership Card","Toxic Egg 2","Orichalcum","InkBottle","Fusion Hammer","Nunchaku","Lizard Tail","Dream Catcher","Happy Flower"],"acts_visited":["Exordium","TheCity","TheBeyond"],"potions_floor_usage":[50],"damage_taken":[{"damage":6.0,"enemies":"2 Louse","floor":1.0,"turns":3.0},{"damage":0.0,"enemies":"Small Slimes","floor":2.0,"turns":3.0},{"damage":10.0,"enemies":"Jaw Worm","floor":4.0,"turns":3.0},{"damage":11.0,"enemies":"Large Slime","floor":5.0,"turns":7.0},{"damage":12.0,"enemies":"Lots of Slimes","floor":11.0,"turns":5.0},{"damage":30.0,"enemies":"Gremlin Nob","floor":13.0,"turns":7.0},{"damage":14.0,"enemies":"Exordium Wildlife","floor":14.0,"turns":6.0},{"damage":26.0,"enemies":"Hexaghost","floor":16.0,"turns":15.0},{"damage":7.0,"enemies":"3 Byrds","floor":18.0,"turns":6.0},{"damage":4.0,"enemies":"Spheric Guardian","floor":19.0,"turns":8.0},{"damage":14.0,"enemies":"Snecko","floor":20.0,"turns":8.0},{"damage":1.0,"enemies":"Centurion and Healer","floor":22.0,"turns":9.0},{"damage":21.0,"enemies":"3 Cultists","floor":24.0,"turns":7.0},{"damage":0.0,"enemies":"Snecko","floor":28.0,"turns":6.0},{"damage":6.0,"enemies":"Snake Plant","floor":29.0,"turns":5.0},{"damage":0.0,"enemies":"Centurion and Healer","floor":30.0,"turns":8.0},{"damage":5.0,"enemies":"Shelled Parasite and Fungi","floor":31.0,"turns":4.0},{"damage":37.0,"enemies":"Automaton","floor":33.0,"turns":11.0},{"damage":25.0,"enemies":"3 Darklings","floor":35.0,"turns":4.0},{"damage":18.0,"enemies":"2 Orb Walkers","floor":38.0,"turns":5.0},{"damage":5.0,"enemies":"Orb Walker","floor":41.0,"turns":3.0},{"damage":0.0,"enemies":"4 Shapes","floor":42.0,"turns":5.0},{"damage":8.0,"enemies":"3 Darklings","floor":46.0,"turns":3.0},{"damage":0.0,"enemies":"Maw","floor":47.0,"turns":6.0},{"damage":0.0,"enemies":"Writhing Mass","floor":48.0,"turns":4.0},{"damage":18,"enemies":"Donu and Deca","floor":50,"turns":9}],"seed_played":"-2711187745074528390","potions_obtained":[{"floor":1.0,"key":"Dexterity Potion"},{"floor":2.0,"key":"AttackPotion"},{"floor":13.0,"key":"Dexterity Potion"},{"floor":18.0,"key":"Strength Potion"},{"floor":22.0,"key":"DistilledChaos"},{"floor":28.0,"key":"SteroidPotion"},{"floor":33.0,"key":"FocusPotion"},{"floor":35.0,"key":"SkillPotion"},{"floor":38.0,"key":"Dexterity Potion"},{"floor":42.0,"key":"DistilledChaos"},{"floor":48.0,"key":"EssenceOfDarkness"}],"is_trial":false,"path_per_floor":["M","M","$","M","M","R","?","R","T","?","M","T","E","M","R","B",null,"M","M","M","$","M","R","M","?","T","?","M","M","M","M","R","B",null,"M","T","$","?","$","R","M","M","T","R","$","M","M","M","R","B",null],"character_chosen":"DEFECT","items_purchased":["Capacitor","Mayhem","Membership Card","Defragment","Toxic Egg 2","Genetic Algorithm+1","Storm","Glacier+1","Coolheaded+1","Static Discharge","Cold Snap","Fruit Juice","Dream Catcher","Defragment"],"campfire_rested":7,"item_purchase_floors":[3,3,21,21,21,21,37,37,37,39,39,39,39,45],"current_hp_per_floor":[62,62,62,52,41,61,44,64,64,61,51,51,23,11,31,7,68,61,59,47,62,63,63,44,44,44,44,46,42,44,41,61,26,68,43,43,58,42,57,68,63,70,70,73,73,65,67,69,73,62],"gold":75,"neow_bonus":"TWO_FIFTY_GOLD","is_daily":false,"chose_seed":false,"campfire_upgraded":1,"win_rate":0.0,"timestamp":1609899804,"path_taken":["M","M","$","M","M","R","?","R","T","?","M","?","E","M","R","BOSS","M","M","M","$","M","R","M","?","T","?","M","?","M","M","R","BOSS","BOSS","M","?","$","?","$","R","M","M","T","R","?","?","M","M","R","BOSS"],"items_purchased_type":["Card","Card","Relic","Card","Relic","Card","Card","Card","Card","Card","Card","Potion","Relic","Card"],"build_version":"2020-12-22","purchased_purges":3,"victory":true,"max_hp_per_floor":[68,68,68,68,68,68,68,68,68,68,68,68,68,68,68,68,68,68,68,68,68,68,68,68,68,68,68,68,68,68,68,68,68,68,68,68,68,68,68,68,68,73,73,73,73,73,73,73,73,73],"card_choices":[{"not_picked":["Recycle","Turbo"],"picked":"Genetic Algorithm","floor":1.0},{"not_picked":["Rebound","Sweeping Beam"],"picked":"Ball Lightning","floor":2.0},{"not_picked":["Steam","Compile Driver"],"picked":"Beam Cell","floor":4.0},{"not_picked":["Sweeping Beam","Steam"],"picked":"Glacier","floor":5.0},{"not_picked":["Stack","Doom and Gloom"],"picked":"Coolheaded","floor":11.0},{"not_picked":["Fission","Amplify"],"picked":"Cold Snap","floor":13.0},{"not_picked":["Beam Cell","Gash"],"picked":"Storm","floor":14.0},{"not_picked":["Thunder Strike","Amplify"],"picked":"Rainbow","floor":16.0},{"not_picked":["Gash","Barrage"],"picked":"Blizzard+1","floor":18.0},{"not_picked":["Fusion+1","Compile Driver"],"picked":"Aggregate","floor":19.0},{"not_picked":["Rebound","Creative AI"],"picked":"Defragment","floor":20.0},{"not_picked":["Gash","Aggregate+1"],"picked":"Tempest+1","floor":22.0},{"not_picked":["Cold Snap","Recycle+1"],"picked":"Loop","floor":24.0},{"not_picked":["Hologram+1","Gash+1"],"picked":"Coolheaded+1","floor":28.0},{"not_picked":["Conserve Battery+1","Recycle+1"],"picked":"Cold Snap+1","floor":29.0},{"not_picked":["Static Discharge","Sunder"],"picked":"Storm+1","floor":30.0},{"not_picked":["Sweeping Beam","Hologram+1"],"picked":"Coolheaded+1","floor":31.0},{"not_picked":["Reboot+1","Multi-Cast+1"],"picked":"Amplify+1","floor":33.0},{"not_picked":["Streamline+1","Barrage"],"picked":"Conserve Battery+1","floor":35.0},{"not_picked":["Barrage","Heatsinks"],"picked":"Conserve Battery+1","floor":38.0},{"not_picked":["Steam+1","Rebound+1"],"picked":"Conserve Battery+1","floor":40.0},{"not_picked":["Beam Cell","Sweeping Beam"],"picked":"Stack+1","floor":41.0},{"not_picked":["FTL+1","Force Field+1"],"picked":"Cold Snap+1","floor":42.0},{"not_picked":["Hello World+1","Recycle+1"],"picked":"Storm","floor":44.0},{"not_picked":["Skim+1","Leap+1"],"picked":"Hologram+1","floor":46.0},{"not_picked":["Rebound+1","Chaos+1"],"picked":"Seek+1","floor":47.0},{"not_picked":["Steam+1","Go for the Eyes+1"],"picked":"Self Repair","floor":48.0},{"not_picked":["Barrage+1","Static Discharge"],"picked":"White Noise+1","floor":49.0}],"player_experience":88832,"relics_obtained":[{"floor":9.0,"key":"Blood Vial"},{"floor":12.0,"key":"Tiny Chest"},{"floor":13.0,"key":"Gremlin Horn"},{"floor":26.0,"key":"InkBottle"},{"floor":36.0,"key":"Nunchaku"},{"floor":38.0,"key":"Lizard Tail"},{"floor":43.0,"key":"Happy Flower"}],"event_choices":[{"damage_healed":0.0,"max_hp_gain":0.0,"max_hp_loss":0.0,"gold_gain":0.0,"event_name":"Golden Idol","player_choice":"Take Damage","floor":7.0,"gold_loss":0.0,"damage_taken":17.0,"relics_obtained":["Golden Idol"]},{"damage_healed":0.0,"max_hp_gain":0.0,"max_hp_loss":0.0,"gold_gain":0.0,"event_name":"Scrap Ooze","player_choice":"Success","floor":10.0,"gold_loss":0.0,"damage_taken":3.0,"relics_obtained":["MealTicket"]},{"damage_healed":0.0,"max_hp_gain":0.0,"max_hp_loss":0.0,"gold_gain":0.0,"event_name":"The Mausoleum","player_choice":"Opened","floor":25.0,"gold_loss":0.0,"damage_taken":0.0,"relics_obtained":["Orichalcum"]},{"cards_removed":["Strike_B"],"damage_healed":0.0,"max_hp_gain":0.0,"max_hp_loss":0.0,"gold_gain":0.0,"event_name":"Purifier","player_choice":"Purged","floor":27.0,"gold_loss":0.0,"damage_taken":0.0},{"damage_healed":0.0,"max_hp_gain":0.0,"max_hp_loss":0.0,"gold_gain":0.0,"event_name":"Mysterious Sphere","player_choice":"Fight","floor":38.0,"gold_loss":0.0,"damage_taken":0.0}],"is_beta":false,"boss_relics":[{"not_picked":["SlaversCollar","Snecko Eye"],"picked":"FrozenCore"},{"not_picked":["Busted Crown","Astrolabe"],"picked":"Fusion Hammer"}],"items_purged_floors":[3,39,45],"is_endless":false,"potions_floor_spawned":[1,2,13,18,22,28,33,35,38,42,48],"ascension_level":0}}