{"host":"05vhm55ztg7fyvhd","time":1609952378,"event":{"mods":["BaseMod","Downfall","Googly Eyes","Hubris","Minty Spire (QoL Compilation)","Replay The Spire","Shop Mod","StSLib"],"gold_per_floor":[114,125,145,157,170,170,180,180,180,195,206,235,235,41,41,140,140,151,171,21,21,32,65,65,65,65],"floor_reached":25,"playtime":1304,"items_purged":["Defend_B"],"score":272,"play_id":"3ebb32ca-bc77-47d4-84d6-eb6e9774950b","local_time":"20210106175938","is_ascension_mode":true,"campfire_choices":[{"floor":6,"key":"REST"},{"floor":13,"key":"REST"},{"floor":15,"key":"REST"}],"circlet_count":0,"master_deck":["Strike_B","Strike_B","Strike_B","Strike_B","Defend_B","Defend_B","Zap","Dualcast","hubris:SpecializedCircuitry","Reinforced Body","Turbo","BasicCrystalCard","Sweeping Beam","Compile Driver","Conserve Battery","Meteor Strike","ReplayTheSpireMod:Brewmster","ReplayRNGCard","Streamline+1","Loop","BootSequence","Panic Button","Rebound"],"relics":["Cracked Core","hubris:Towel","Pet Ghost","Replay:Bottled Snecko","hubris:CrackedHourglass","Orichalcum","MutagenicStrength"],"acts_visited":["Exordium","TheCity"],"potions_floor_usage":[11,12,12,12,16,16,16,22,23,23,25,25,25],"damage_taken":[{"damage":0,"enemies":"Cultist","floor":1,"turns":3},{"damage":0,"enemies":"Small Slimes","floor":2,"turns":3},{"damage":10,"enemies":"2 Louse","floor":3,"turns":2},{"damage":6,"enemies":"2 Fungi Beasts","floor":4,"turns":3},{"damage":29,"enemies":"Gremlin Gang","floor":5,"turns":5},{"damage":14,"enemies":"Red Slaver","floor":7,"turns":3},{"damage":6,"enemies":"Looter","floor":10,"turns":2},{"damage":0,"enemies":"Large Slime","floor":11,"turns":3},{"damage":16,"enemies":"Gremlin Nob","floor":12,"turns":3},{"damage":5,"enemies":"Slime Boss","floor":16,"turns":6},{"damage":0,"enemies":"Spheric Guardian","floor":18,"turns":3},{"damage":17,"enemies":"Shell Parasite","floor":19,"turns":5},{"damage":22,"enemies":"Centurion and Healer","floor":22,"turns":4},{"damage":10,"enemies":"Slavers","floor":23,"turns":5},{"damage":20,"enemies":"Gremlin Leader","floor":25,"turns":4}],"seed_played":"-7922052039859018360","potions_obtained":[{"floor":1,"key":"Adrenaline Potion"},{"floor":4,"key":"Fire Potion"},{"floor":7,"key":"SkillPotion"},{"floor":11,"key":"GamblersBrew"},{"floor":12,"key":"Weak Potion"},{"floor":23,"key":"SteroidPotion"}],"is_trial":false,"path_per_floor":["M","M","M","M","M","R","M","?","T","M","M","E","R","$","R","B",null,"M","M","$","?","M","E","?","E"],"character_chosen":"DEFECT","items_purchased":["ReplayTheSpireMod:Brewmster","Loop"],"campfire_rested":3,"item_purchase_floors":[14,20],"current_hp_per_floor":[68,68,58,52,23,43,29,29,29,23,23,7,27,27,47,42,68,68,51,51,51,29,19,19,0,0],"gold":65,"neow_bonus":"THREE_RARE_CARDS","is_daily":false,"chose_seed":false,"campfire_upgraded":0,"win_rate":0.0,"timestamp":1609952378,"path_taken":["M","M","M","M","?","R","M","?","T","M","M","E","R","$","R","BOSS","M","M","$","?","?","E","?","E"],"items_purchased_type":["Card","Card"],"build_version":"2020-12-22","purchased_purges":1,"victory":false,"max_hp_per_floor":[68,68,68,68,68,68,68,68,68,68,68,68,68,68,68,68,68,68,68,68,68,68,68,68,68,68],"card_choices":[{"not_picked":["Biased Cognition","All For One"],"picked":"hubris:SpecializedCircuitry","floor":0},{"not_picked":["Streamline","Go for the Eyes"],"picked":"Reinforced Body","floor":1},{"not_picked":["Scrape","Rebound"],"picked":"Turbo","floor":2},{"not_picked":["Stack","Genetic Algorithm"],"picked":"BasicCrystalCard","floor":3},{"not_picked":["Coolheaded","Streamline"],"picked":"Sweeping Beam","floor":4},{"not_picked":["Leap","Cold Snap"],"picked":"Compile Driver","floor":5},{"not_picked":["Barrage","hubris:Prefetch","Beam Cell"],"picked":"SKIP","floor":7},{"not_picked":["BasicCrystalCard","Recycle"],"picked":"Conserve Battery","floor":10},{"not_picked":["Turbo","Melter"],"picked":"Meteor Strike","floor":11},{"not_picked":["Ball Lightning","ReplayTheSpireMod:Reroute Power","Steam"],"picked":"SKIP","floor":12},{"not_picked":["All For One","Multi-Cast"],"picked":"ReplayRNGCard","floor":16},{"not_picked":["Leap","Go for the Eyes+1","Stack"],"picked":"SKIP","floor":18},{"not_picked":["Go for the Eyes","Stack"],"picked":"Streamline+1","floor":19},{"not_picked":["Conserve Battery","Ball Lightning"],"picked":"Panic Button","floor":22},{"not_picked":["Stack","Panic Button"],"picked":"Rebound","floor":23}],"player_experience":442782,"relics_obtained":[{"floor":9,"key":"Pet Ghost"},{"floor":12,"key":"Replay:Bottled Snecko"},{"floor":23,"key":"Orichalcum"}],"event_choices":[{"damage_healed":0,"gold_gain":0,"cards_transformed":["Defend_B"],"player_choice":"Transformed","damage_taken":0,"max_hp_gain":0,"max_hp_loss":0,"event_name":"Transmorgrifier","floor":21,"gold_loss":0,"cards_obtained":["BootSequence"]},{"damage_healed":0,"gold_gain":0,"player_choice":"Inject Mutagens","damage_taken":0,"relics_obtained":["MutagenicStrength"],"max_hp_gain":0,"max_hp_loss":0,"event_name":"Drug Dealer","floor":24,"gold_loss":0}],"is_beta":false,"boss_relics":[{"not_picked":["Tiny House","Black Star"],"picked":"hubris:CrackedHourglass"}],"items_purged_floors":[20],"is_endless":false,"potions_floor_spawned":[1,4,7,11,12,19,23],"killed_by":"Gremlin Leader","ascension_level":4}}