{"host":"sxnl403xm2xmiyj1","time":1609947869,"event":{"mods":["BaseMod","Colored Map","Keyboard Shortcuts","Lobotomy","Minty Spire (QoL Compilation)","Quick Restart","StSLib","SuperFastMode"],"gold_per_floor":[113,128,142,160,160,192,192,209,288,304,315,315,346,346,346,448,448,466,37,136,149,149,149,176,190,237,237,254,254,254,254,254],"floor_reached":31,"playtime":1306,"items_purged":[],"score":395,"play_id":"46a459a5-51a0-4b4e-bbcd-bfd06bc438a6","local_time":"20210107004429","is_ascension_mode":true,"campfire_choices":[],"circlet_count":0,"master_deck":["SpecialBullet","SpecialBullet","SpecialBullet","SpecialBullet","SpecialBullet","SpecialBullet","SpecialBullet","SpecialBullet","ExtractionCode","SecurityCode","InformationCode","Twilight","GrinderMk4","Regret_ego+1","MagicBullet","OldLady","WallGazer","GrinderMk4","UniverseFragment","CherryBlossom","CENSORED_ego","DisciplinaryCode","ScreamingWedge","OSAHOGD","BloodyDesire","SpiderBud","Soda","Regret_ego","Adoration","Twilight","SolemnVow","GoldRush","Sadistic Nature","BlackSwan","GrinderMk4","Decay","CrumblingArmor","Variant","FourthMatchFlame+1","FourthMatchFlame+1"],"relics":["CogitoBucket","Boot","SkinProphecy","HornCleat","Turnip","Fusion Hammer","Theresia","Nunchaku","MutagenicStrength"],"acts_visited":["Exordium","TheCity"],"potions_floor_usage":[31,31],"damage_taken":[{"damage":9.0,"enemies":"Cultist","floor":1.0,"turns":4.0},{"damage":16.0,"enemies":"Jaw Worm","floor":2.0,"turns":4.0},{"damage":0.0,"enemies":"Small Slimes","floor":3.0,"turns":2.0},{"damage":16.0,"enemies":"Red Slaver","floor":4.0,"turns":2.0},{"damage":26.0,"enemies":"Gremlin Nob","floor":6.0,"turns":4.0},{"damage":26.0,"enemies":"Blue Slaver","floor":8.0,"turns":14.0},{"damage":5.0,"enemies":"Looter","floor":10.0,"turns":3.0},{"damage":9.0,"enemies":"3 Louse","floor":11.0,"turns":3.0},{"damage":10.0,"enemies":"Lagavulin","floor":13.0,"turns":7.0},{"damage":20.0,"enemies":"Slime Boss","floor":16.0,"turns":9.0},{"damage":68.0,"enemies":"3 Byrds","floor":18.0,"turns":11.0},{"damage":2.0,"enemies":"Spheric Guardian","floor":21.0,"turns":3.0},{"damage":30.0,"enemies":"Book of Stabbing","floor":24.0,"turns":4.0},{"damage":6.0,"enemies":"Shelled Parasite and Fungi","floor":25.0,"turns":3.0},{"damage":12.0,"enemies":"Centurion and Healer","floor":28.0,"turns":5.0},{"damage":107,"enemies":"Chosen and Byrds","floor":31,"turns":7}],"seed_played":"5588048973412769768","potions_obtained":[{"floor":3.0,"key":"Explosive Potion"},{"floor":6.0,"key":"Dexterity Potion"},{"floor":8.0,"key":"PowerPotion"},{"floor":11.0,"key":"Weak Potion"},{"floor":21.0,"key":"Ancient Potion"},{"floor":24.0,"key":"Swift Potion"},{"floor":25.0,"key":"Energy Potion"}],"is_trial":false,"path_per_floor":["M","M","M","M","?","E","R","M","T","M","M","R","E","?","R","B",null,"M","$","?","M","?","R","E","M","T","R","M","R","?","M"],"character_chosen":"Angela","items_purchased":["GoldRush","Sadistic Nature","FairyPotion"],"campfire_rested":0,"item_purchase_floors":[19,19,19],"current_hp_per_floor":[69,61,69,61,61,43,43,25,25,16,11,11,3,86,86,81,88,30,30,30,43,43,43,28,38,38,38,40,40,40,0,0],"gold":254,"neow_bonus":"ONE_RANDOM_RARE_CARD","is_daily":false,"chose_seed":false,"campfire_upgraded":0,"win_rate":0.0,"timestamp":1609947869,"path_taken":["M","M","M","M","?","E","R","M","T","M","M","R","E","?","R","BOSS","M","$","?","M","?","R","E","M","T","R","?","R","?","M"],"items_purchased_type":["Card","Card","Potion"],"build_version":"2020-12-22","purchased_purges":0,"victory":false,"max_hp_per_floor":[70,70,70,70,70,70,70,70,70,72,74,74,76,86,86,88,88,92,92,92,98,98,98,104,110,110,110,112,112,112,116,116],"card_choices":[{"not_picked":["Horn"],"picked":"GrinderMk4","floor":1.0},{"not_picked":["CherryBlossom"],"picked":"Regret_ego","floor":1.0},{"not_picked":["Noise"],"picked":"MagicBullet","floor":2.0},{"not_picked":["PunishingBird","Murderer"],"picked":"OldLady","floor":2.0},{"not_picked":["Lantern","Justitia"],"picked":"SKIP","floor":2.0},{"not_picked":["MeatLantern","Murderer"],"picked":"WallGazer","floor":3.0},{"not_picked":["TodaysExpression"],"picked":"GrinderMk4","floor":3.0},{"not_picked":["MeatLantern","BeautyBeast"],"picked":"UniverseFragment","floor":4.0},{"not_picked":["FrostShard","Discord"],"picked":"CherryBlossom","floor":4.0},{"not_picked":["Hypocrisy","Horn"],"picked":"Pinks","floor":6.0},{"not_picked":["RapturousDream","FourthMatchFlame"],"picked":"CENSORED_ego","floor":6.0},{"not_picked":["Galaxy","RapturousDream"],"picked":"ScreamingWedge","floor":8.0},{"not_picked":["WhitesApple","SpiderBud"],"picked":"OSAHOGD","floor":8.0},{"not_picked":["LifeForTheDareDevil","Horn"],"picked":"BloodyDesire","floor":8.0},{"not_picked":["PunishingBird","FairyFestival"],"picked":"SpiderBud","floor":10.0},{"not_picked":["Wingbeat","SolemnVow","Pleasure"],"picked":"SKIP","floor":10.0},{"not_picked":["Amita","Wingbeat","Pleasure"],"picked":"SKIP","floor":10.0},{"not_picked":["Penitence","Tough","Wingbeat"],"picked":"SKIP","floor":11.0},{"not_picked":["DaCapo","Logging"],"picked":"Soda","floor":13.0},{"not_picked":["Loneliness","WristCuter"],"picked":"Regret_ego","floor":13.0},{"not_picked":["ParadiseLost","Pinks"],"picked":"Adoration","floor":16.0},{"not_picked":["TheSmile","Adoration"],"picked":"Twilight","floor":16.0},{"not_picked":["TodaysExpression+1","Penitence"],"picked":"SolemnVow","floor":18.0},{"not_picked":["CUTE","Hornet+1","TodaysExpression"],"picked":"SKIP","floor":18.0},{"not_picked":["Laetitia","ShyLook"],"picked":"BlackSwan","floor":21.0},{"not_picked":["Wingbeat+1","RapturousDream"],"picked":"GrinderMk4","floor":21.0},{"not_picked":["Bloodbath","Wellcheers","MHz"],"picked":"Singing Bowl","floor":24.0},{"not_picked":["GalaxyChild","BlackArmy"],"picked":"CrumblingArmor","floor":24.0},{"not_picked":["Beak+1","Reverberation+1","Christmas+1"],"picked":"SKIP","floor":24.0},{"not_picked":["Loneliness+1","Lantern+1","CrimsonScar+1"],"picked":"SKIP","floor":24.0},{"not_picked":["BlackArmy","BigBird"],"picked":"Variant","floor":25.0},{"not_picked":["Spore+1","Lantern+1"],"picked":"FourthMatchFlame+1","floor":25.0},{"not_picked":["RapturousDream+1","ShedSkin+1"],"picked":"FourthMatchFlame+1","floor":28.0},{"not_picked":["NakedNest","NothingThere","FairyFestival"],"picked":"Singing Bowl","floor":28.0},{"not_picked":["Noise+1","Lantern+1","Beak+1"],"picked":"SKIP","floor":28.0}],"player_experience":202457,"relics_obtained":[{"floor":6.0,"key":"Boot"},{"floor":9.0,"key":"HornCleat"},{"floor":13.0,"key":"Turnip"},{"floor":24.0,"key":"Nunchaku"}],"event_choices":[{"damage_healed":0.0,"max_hp_gain":0.0,"max_hp_loss":0.0,"gold_gain":0.0,"event_name":"Living Wall","player_choice":"Grow","floor":5.0,"gold_loss":0.0,"damage_taken":0.0,"cards_upgraded":["Regret_ego"]},{"cards_removed":["Pinks"],"damage_healed":73.0,"max_hp_gain":10.0,"max_hp_loss":0.0,"gold_gain":0.0,"event_name":"Bonfire Elementals","player_choice":"Offered Rare","floor":14.0,"gold_loss":0.0,"damage_taken":0.0},{"damage_healed":0.0,"max_hp_gain":0.0,"max_hp_loss":0.0,"gold_gain":99.0,"event_name":"Nest","player_choice":"Stole From Cult","floor":20.0,"gold_loss":0.0,"damage_taken":0.0},{"damage_healed":0.0,"max_hp_gain":0.0,"max_hp_loss":0.0,"gold_gain":0.0,"event_name":"Wheel of Change","player_choice":"Cursed","floor":22.0,"gold_loss":0.0,"damage_taken":0.0,"cards_obtained":["Decay"]},{"damage_healed":0.0,"max_hp_gain":0.0,"max_hp_loss":0.0,"gold_gain":0.0,"event_name":"Drug Dealer","player_choice":"Inject Mutagens","floor":30.0,"gold_loss":0.0,"damage_taken":0.0,"relics_obtained":["MutagenicStrength"]}],"is_beta":false,"boss_relics":[{"not_picked":["Astrolabe","Calling Bell"],"picked":"Fusion Hammer"}],"items_purged_floors":[],"is_endless":false,"potions_floor_spawned":[3,6,8,11,21,24,25],"killed_by":"Chosen and Byrds","ascension_level":4}}