{"host":"xshq2rhao6qj608z","time":1609968000,"event":{"mods":["AchievementEnabler","BaseMod","BetterRewards","Block Reminder","Colored Powertips","Downfall","Energized Spire","Highlight Path","Infinite Spire","Minty Spire (QoL Compilation)","Quick Restart","Rare Cards Sparkle","Replay The Spire","StSLib","The Blue Laboratory","The Jungle"],"gold_per_floor":[109,123,123,45,45,45,45,45,123,155,173,191,226,242,242,345,345,358,56,56,155,169,202,0,26,26,26,26,26,59,76,76,174,224,258,168,199,224,37,37,88,88,136,14,41,41,72,90,90,90,90],"floor_reached":50,"playtime":2596,"items_purged":[],"score":670,"play_id":"16e17ff7-3716-44c4-9a94-fa1a98964a7b","local_time":"20210107002000","is_ascension_mode":true,"campfire_choices":[{"data":"White Noise","floor":6,"key":"SMITH"},{"data":"Loop","floor":8,"key":"SMITH"},{"floor":15,"key":"REST"},{"data":"Redo","floor":28,"key":"SMITH"},{"floor":32,"key":"REST"},{"floor":40,"key":"REST"},{"floor":46,"key":"REST"},{"floor":49,"key":"REST"}],"circlet_count":0,"master_deck":["Defend_B","Defend_B","Defend_B+2","Defend_B","Zap","Dualcast","Loop+1","Sweeping Beam","White Noise+1","Ball Lightning","Defragment","Panic Button","All For One","Go for the Eyes","Redo+1","Cold Snap+1","Beam Cell","sneckomod:QuickBite+1","Bite+1","Bite","Bite","Bite","Bite","CrushJoints+1","Slimebound:DisruptingSlam+1","AbeCurse","Rebound+1","ReplayTheSpireMod:Limb From Limb","Lockon+1","Slimebound:SplitAcid+1","Electrodynamics","Panache","ReplayTheSpireMod:Omega Cannon","Go for the Eyes","Beam Cell","Steam","expansioncontent:Sear+1","Dropkick","Perfected Strike"],"relics":["Cracked Core","NeowsBlessing","Onion Ring","infinitespire:Beetle Shell","Simple Rune","infinitespire:Cupcake","FossilizedHelix","Lantern","PrismaticShard","ReplayTheSpireMod:Lightbulb","infinitespire:SolderingIron","MutagenicStrength","Blue Candle","infinitespire:EvilPickle","Tiny House","Shovel","Replay:Rubber Ducky","Symbiotic Virus","Oddly Smooth Stone"],"acts_visited":["Exordium","TheCity","TheBeyond"],"potions_floor_usage":[13,25,33,34,38,38,38,41,47],"damage_taken":[{"damage":0,"enemies":"Cultist","floor":1,"turns":1},{"damage":0,"enemies":"Small Slimes","floor":2,"turns":1},{"damage":0,"enemies":"Lagavulin","floor":10,"turns":1},{"damage":3,"enemies":"2 Louse","floor":11,"turns":2},{"damage":0,"enemies":"Large Slime","floor":12,"turns":4},{"damage":30,"enemies":"3 Sentries","floor":13,"turns":6},{"damage":3,"enemies":"3 Louse","floor":14,"turns":2},{"damage":44,"enemies":"Hexaghost","floor":16,"turns":8},{"damage":1,"enemies":"3 Byrds","floor":18,"turns":3},{"damage":0,"enemies":"Spheric Guardian","floor":22,"turns":3},{"damage":6,"enemies":"Replay:Snechameleon","floor":23,"turns":5},{"damage":0,"enemies":"Book of Stabbing","floor":25,"turns":2},{"damage":32,"enemies":"Nightmare","floor":30,"turns":6},{"damage":0,"enemies":"Cultist and Chosen","floor":31,"turns":3},{"damage":39,"enemies":"Pondfish","floor":33,"turns":15},{"damage":25,"enemies":"3 Darklings","floor":35,"turns":6},{"damage":1,"enemies":"3 Shapes","floor":37,"turns":3},{"damage":43,"enemies":"Transient","floor":38,"turns":5},{"damage":23,"enemies":"2 Orb Walkers","floor":41,"turns":3},{"damage":0,"enemies":"R_Hoarder","floor":45,"turns":5},{"damage":16,"enemies":"Reptomancer","floor":47,"turns":4},{"damage":0,"enemies":"3 Darklings","floor":48,"turns":1},{"damage":73,"enemies":"infinitespire:MassOfShapes","floor":50,"turns":10}],"seed_played":"321601633461950081","potions_obtained":[{"floor":2,"key":"Death Potion"},{"floor":10,"key":"LiquidMemories"},{"floor":11,"key":"infinitespire:BlackPotion"},{"floor":22,"key":"Swift Potion"},{"floor":23,"key":"blueLaboratory:RelayPotion"},{"floor":25,"key":"blueLaboratory:EnragingPotion"},{"floor":33,"key":"SteroidPotion"},{"floor":34,"key":"Fruit Juice"},{"floor":35,"key":"Energy Potion"},{"floor":45,"key":"blueLaboratory:BiasPotion"}],"is_trial":false,"path_per_floor":["M","M","?","$","?","R","?","R","T","E","M","M","E","M","R","B",null,"M","$","?","?","M","E","$","E","T","?","R","?","NM","M","R","B",null,"M","?","M","M","$","R","?","?","T","$","E","R","E","M","R","B"],"character_chosen":"DEFECT","items_purchased":["White Noise","FossilizedHelix","PrismaticShard","Beam Cell","Electrodynamics","Strength Potion","Go for the Eyes","Beam Cell","Steam"],"campfire_rested":5,"item_purchase_floors":[4,19,24,24,39,39,44,44,44],"current_hp_per_floor":[75,75,75,75,75,75,75,75,75,75,72,72,42,39,61,17,75,74,74,60,60,60,54,54,54,54,54,54,54,28,34,50,39,66,46,46,52,18,18,37,22,22,22,22,29,48,36,39,58,0,0],"gold":90,"neow_bonus":"THREE_ENEMY_KILL","is_daily":false,"chose_seed":false,"campfire_upgraded":3,"win_rate":0.0,"timestamp":1609968000,"path_taken":["M","M","?","?","?","R","?","R","T","E","M","M","E","M","R","BOSS","M","$","?","?","M","E","$","E","T","?","R","?","NM","?","R","BOSS","M","?","?","M","?","R","?","?","T","$","E","R","E","M","R","BOSS"],"items_purchased_type":["Card","Relic","Relic","Card","Card","Potion","Card","Card","Card"],"build_version":"2020-12-22","purchased_purges":0,"victory":false,"max_hp_per_floor":[75,75,75,75,75,75,75,75,75,75,75,75,75,75,75,75,75,75,75,80,80,80,80,80,80,80,56,56,56,56,56,56,56,66,66,66,66,66,66,66,66,66,66,66,66,66,66,66,66,66,66],"card_choices":[{"not_picked":["Chaos","Gash"],"picked":"Loop","floor":1},{"not_picked":["Redo","Compile Driver"],"picked":"Sweeping Beam","floor":2},{"not_picked":["Lockon","Scrape"],"picked":"Ball Lightning","floor":10},{"not_picked":["Streamline","ReplayGash"],"picked":"Defragment","floor":11},{"not_picked":["Sweeping Beam","Barrage"],"picked":"Panic Button","floor":12},{"not_picked":["Capacitor","Ball Lightning"],"picked":"All For One","floor":13},{"not_picked":["Time Bomb","Recycle"],"picked":"Go for the Eyes","floor":14},{"not_picked":["Go for the Eyes","Conserve Battery"],"picked":"Redo","floor":18},{"not_picked":["Aggregate","Sweeping Beam+1"],"picked":"Cold Snap+1","floor":22},{"not_picked":["Melter","Sunder","Time Bomb+1"],"picked":"SKIP","floor":23},{"not_picked":["sneckomod:UnknownWeak","sneckomod:UnknownStrike"],"picked":"sneckomod:QuickBite+1","floor":25},{"not_picked":["champ:HoldFirm","ReplayTheSpireMod:Strike From Hell"],"picked":"CrushJoints+1","floor":30},{"not_picked":["Reprogram","Guardian:Suspension+1"],"picked":"Slimebound:DisruptingSlam+1","floor":31},{"not_picked":["Slimebound:WasteNot","champ:MurderStrike"],"picked":"Slimebound:OozeBath","floor":33},{"not_picked":["Protect","Slimebound:FormOfPuddle+1"],"picked":"Rebound+1","floor":34},{"not_picked":["Guardian:RollAttack+1","Fasting2"],"picked":"ReplayTheSpireMod:Limb From Limb","floor":35},{"not_picked":["Replay:Hum","Outmaneuver"],"picked":"Lockon+1","floor":37},{"not_picked":["JustLucky","Ball Lightning"],"picked":"Slimebound:SplitAcid+1","floor":38},{"not_picked":["Loop","hexamod:SpectersWail+1"],"picked":"Panache","floor":41},{"not_picked":["CutThroughFate","Skewer"],"picked":"expansioncontent:Sear+1","floor":45},{"not_picked":["champ:FanOfKnives+1","Guardian:TemporalShield"],"picked":"Dropkick","floor":47},{"not_picked":["champ:FlashCut","Replay:AtTheReady+1"],"picked":"Perfected Strike","floor":48}],"player_experience":228046,"relics_obtained":[{"floor":9,"key":"Onion Ring"},{"floor":10,"key":"infinitespire:Beetle Shell"},{"floor":13,"key":"Simple Rune"},{"floor":23,"key":"Lantern"},{"floor":25,"key":"ReplayTheSpireMod:Lightbulb"},{"floor":26,"key":"infinitespire:SolderingIron"},{"floor":30,"key":"Blue Candle"},{"floor":41,"key":"Shovel"},{"floor":43,"key":"Replay:Rubber Ducky"},{"floor":45,"key":"Symbiotic Virus"},{"floor":47,"key":"Oddly Smooth Stone"}],"event_choices":[{"cards_removed":["Strike_B"],"damage_healed":0,"gold_gain":0,"player_choice":"Offered Basic","damage_taken":0,"max_hp_gain":0,"max_hp_loss":0,"event_name":"Bonfire Elementals","floor":3,"gold_loss":0},{"damage_healed":0,"gold_gain":0,"player_choice":"Ignored","damage_taken":0,"max_hp_gain":0,"max_hp_loss":0,"event_name":"Golden Wing","floor":7,"gold_loss":0},{"damage_healed":0,"gold_gain":0,"player_choice":"Shed Blood","damage_taken":19,"max_hp_gain":5,"max_hp_loss":0,"event_name":"Forgotten Altar","floor":20,"gold_loss":0},{"damage_healed":0,"gold_gain":99,"player_choice":"Stole From Cult","damage_taken":0,"max_hp_gain":0,"max_hp_loss":0,"event_name":"Nest","floor":21,"gold_loss":0},{"damage_healed":0,"gold_gain":0,"player_choice":"Became a vampire","damage_taken":0,"max_hp_gain":0,"max_hp_loss":24,"event_name":"Vampires","floor":27,"gold_loss":0,"cards_obtained":["Bite","Bite","Bite","Bite","Bite"]},{"damage_healed":0,"gold_gain":0,"player_choice":"Inject Mutagens","damage_taken":0,"relics_obtained":["MutagenicStrength"],"max_hp_gain":0,"max_hp_loss":0,"event_name":"Drug Dealer","floor":29,"gold_loss":0},{"cards_removed":["Slimebound:OozeBath"],"damage_healed":0,"gold_gain":0,"player_choice":"Upgrade and Remove","damage_taken":0,"max_hp_gain":0,"max_hp_loss":0,"event_name":"Designer","floor":36,"gold_loss":90,"cards_upgraded":["Defend_B"]},{"damage_healed":0,"gold_gain":0,"player_choice":"Fight","damage_taken":0,"max_hp_gain":0,"max_hp_loss":0,"event_name":"Mysterious Sphere","floor":41,"gold_loss":0},{"damage_healed":0,"gold_gain":0,"player_choice":"1 cards matched","damage_taken":0,"max_hp_gain":0,"max_hp_loss":0,"event_name":"Match and Keep!","floor":42,"gold_loss":0,"cards_obtained":["ReplayTheSpireMod:Omega Cannon"]}],"is_beta":false,"boss_relics":[{"not_picked":["Busted Crown","ChewingGum"],"picked":"infinitespire:Cupcake"},{"not_picked":["Velvet Choker","ReplayTheSpireMod:DimensionalGlitch"],"picked":"Tiny House"}],"items_purged_floors":[],"is_endless":true,"potions_floor_spawned":[2,10,11,12,22,23,25,33,35,45],"killed_by":"infinitespire:MassOfShapes","ascension_level":3}}