{"host":"56ghxnzsglgdq727","time":1609949543,"event":{"mods":["AchievementEnabler","BaseMod","Downfall","Minty Spire (QoL Compilation)","StSLib"],"gold_per_floor":[99,99,162,162,162,189,212,212,244,261,276,290,215,244,261,362,362,362,373,46,46,31,50,100,100,100,100,100,117,132,143,156,256,256,256,268,288,308,319,169,248,261,288,288,288,47,47,47,57,57],"floor_reached":51,"playtime":1999,"items_purged":["Parasite"],"score":991,"play_id":"f72b7ed8-e697-485d-a641-e67afa09d9f8","local_time":"20210106111223","is_ascension_mode":true,"campfire_choices":[{"data":"champ:Taunt","floor":1.0,"key":"SMITH"},{"data":"champ:SkillfulDodge","floor":8.0,"key":"SMITH"},{"floor":13.0,"key":"REST"},{"data":"champ:ShieldThrow","floor":18.0,"key":"SMITH"},{"floor":35.0,"key":"RECALL"},{"floor":40.0,"key":"REST"},{"floor":45.0,"key":"REST"}],"circlet_count":0,"master_deck":["champ:Strike","champ:Strike","champ:Strike","champ:Defend","champ:Defend","champ:Defend","champ:Defend","champ:Taunt+1","champ:SkillfulDodge+1","champ:RisingSlash","champ:TornadoPunch","champ:ShieldSlam","champ:TornadoPunch","champ:ShieldThrow+1","champ:StrikeOfGenius","champ:DefensiveStyle","champ:Improvising","champ:ShieldWall+1","champ:Lariat","champ:TornadoPunch+1"],"relics":["champ:ChampionCrown","downfall:HeartsMalice","Mercury Hourglass","White Beast Statue","PreservedInsect","Ornamental Fan","downfall:HeartBlessingGreen","Pantograph","Philosopher\u0027s Stone","Torii","downfall:RedIOU","Singing Bowl","Cursed Key","downfall:HeartBlessingRed","downfall:HeartBlessingBlue","Kunai","Bronze Scales","champ:BerserkersGuideToSlaughter"],"acts_visited":["Exordium","TheCity","TheBeyond"],"potions_floor_usage":[49],"damage_taken":[{"damage":0.0,"enemies":"Jaw Worm","floor":2.0,"turns":1.0},{"damage":0.0,"enemies":"3 Sentries","floor":3.0,"turns":1.0},{"damage":0.0,"enemies":"Small Slimes","floor":5.0,"turns":1.0},{"damage":25.0,"enemies":"Lagavulin","floor":6.0,"turns":7.0},{"damage":22.0,"enemies":"3 Sentries","floor":9.0,"turns":4.0},{"damage":5.0,"enemies":"Cultist","floor":10.0,"turns":4.0},{"damage":9.0,"enemies":"Lots of Slimes","floor":11.0,"turns":3.0},{"damage":5.0,"enemies":"2 Fungi Beasts","floor":12.0,"turns":3.0},{"damage":25.0,"enemies":"Gremlin Nob","floor":14.0,"turns":4.0},{"damage":7.0,"enemies":"3 Louse","floor":15.0,"turns":2.0},{"damage":73.0,"enemies":"downfall:Watcher","floor":16.0,"turns":13.0},{"damage":5.0,"enemies":"3 Byrds","floor":19.0,"turns":3.0},{"damage":21.0,"enemies":"downfall:FleeingMerchant","floor":20.0,"turns":4.0},{"damage":5.0,"enemies":"downfall:FleeingMerchant","floor":22.0,"turns":4.0},{"damage":0.0,"enemies":"Sentry and Sphere","floor":23.0,"turns":3.0},{"damage":0.0,"enemies":"3 Cultists","floor":29.0,"turns":4.0},{"damage":1.0,"enemies":"Snecko","floor":30.0,"turns":3.0},{"damage":18.0,"enemies":"Snake Plant","floor":31.0,"turns":3.0},{"damage":2.0,"enemies":"Sentry and Sphere","floor":32.0,"turns":4.0},{"damage":15.0,"enemies":"downfall:Defect","floor":33.0,"turns":7.0},{"damage":1.0,"enemies":"Orb Walker","floor":36.0,"turns":3.0},{"damage":33.0,"enemies":"3 Darklings","floor":37.0,"turns":4.0},{"damage":41.0,"enemies":"Spire Growth","floor":38.0,"turns":5.0},{"damage":24.0,"enemies":"Jaw Worm Horde","floor":39.0,"turns":4.0},{"damage":0.0,"enemies":"Sphere and 2 Shapes","floor":42.0,"turns":4.0},{"damage":18.0,"enemies":"Reptomancer","floor":43.0,"turns":3.0},{"damage":8,"enemies":"downfall:FleeingMerchant","floor":46,"turns":4},{"damage":18,"enemies":"4 Shapes","floor":49,"turns":3},{"damage":15,"enemies":"downfall:Ironclad","floor":50,"turns":9}],"seed_played":"1157894774408212408","potions_obtained":[{"floor":3.0,"key":"sneckomod:MuddlingPotion"},{"floor":9.0,"key":"SteroidPotion"},{"floor":10.0,"key":"champ:CounterPotion"},{"floor":11.0,"key":"SpeedPotion"},{"floor":12.0,"key":"FairyPotion"},{"floor":14.0,"key":"SkillPotion"},{"floor":16.0,"key":"LiquidBronze"},{"floor":19.0,"key":"Fire Potion"},{"floor":20.0,"key":"Explosive Potion"},{"floor":22.0,"key":"PowerPotion"},{"floor":23.0,"key":"champ:CounterPotion"},{"floor":29.0,"key":"champ:OpenerPotion"},{"floor":30.0,"key":"LiquidBronze"},{"floor":31.0,"key":"champ:OpenerPotion"},{"floor":32.0,"key":"champ:CounterPotion"},{"floor":33.0,"key":"EssenceOfSteel"},{"floor":36.0,"key":"Fire Potion"},{"floor":37.0,"key":"Fire Potion"},{"floor":38.0,"key":"Block Potion"},{"floor":39.0,"key":"Swift Potion"},{"floor":42.0,"key":"DistilledChaos"},{"floor":43.0,"key":"SpeedPotion"},{"floor":46,"key":"FearPotion"},{"floor":49,"key":"Ancient Potion"}],"is_trial":false,"path_per_floor":["R","M","?","?","M","E","T","R","E","M","M","M","R","E","M","B",null,"R","M","$","T","$","M","T","?","?","?","T","M","M","M","M","B",null,"R","M","M","M","M","R","T","M","E","?","R","$","?","?","M","B",null],"character_chosen":"THE_CHAMP","items_purchased":["Torii","champ:BerserkersGuideToSlaughter"],"campfire_rested":3,"item_purchase_floors":[20,46],"current_hp_per_floor":[90,90,90,90,90,70,70,70,53,53,44,39,66,46,39,42,90,90,90,79,79,79,79,79,79,79,79,79,81,82,75,73,81,96,96,95,64,25,1,44,44,46,30,30,64,56,56,56,40,53],"gold":57,"neow_bonus":"THREE_ENEMY_KILL","is_daily":false,"chose_seed":false,"campfire_upgraded":3,"win_rate":0.0,"timestamp":1609949543,"path_taken":["R","M","?","?","M","E","T","R","E","M","?","M","R","E","M","BOSS","R","M","$","?","$","M","T","?","?","?","?","M","M","?","M","BOSS","R","M","M","M","M","R","T","M","E","?","R","$","?","?","M","BOSS"],"items_purchased_type":["Relic","Relic"],"build_version":"2020-12-22","purchased_purges":1,"victory":true,"max_hp_per_floor":[90,90,90,90,90,90,90,90,90,90,90,90,90,90,90,90,90,90,90,90,90,90,90,90,90,90,90,90,92,94,96,96,96,96,96,96,98,100,100,110,110,112,114,114,114,111,111,111,113,113],"card_choices":[{"not_picked":["champ:GladiatorsShout","champ:Circumvent"],"picked":"champ:SkillfulDodge","floor":2.0},{"not_picked":["champ:HeartStrike","champ:BringItOn"],"picked":"champ:RisingSlash","floor":3.0},{"not_picked":["champ:GutPunch","champ:FaceSlap","champ:Control"],"picked":"SKIP","floor":5.0},{"not_picked":["champ:Shatter","champ:DeathBlow","champ:FightOn"],"picked":"SKIP","floor":6.0},{"not_picked":["champ:BerserkersShout","champ:Haymaker","champ:Aggression"],"picked":"SKIP","floor":9.0},{"not_picked":["champ:FightOn","champ:Haymaker","champ:GladiatorsShout"],"picked":"SKIP","floor":10.0},{"not_picked":["champ:SkillfulDodge","champ:EnGarde"],"picked":"champ:TornadoPunch","floor":11.0},{"not_picked":["champ:Haymaker","champ:BerserkersShout"],"picked":"champ:ShieldSlam","floor":12.0},{"not_picked":["champ:GutPunch","champ:DefensiveShout","champ:DeathBlow"],"picked":"SKIP","floor":14.0},{"not_picked":["champ:BerserkersShout","champ:Backstep"],"picked":"champ:TornadoPunch","floor":15.0},{"not_picked":["champ:CrownThrow","champ:StrikeOfGenius"],"picked":"champ:ShieldThrow","floor":16.0},{"not_picked":["champ:BringItOn","champ:StanceDance","champ:CrookedStrike"],"picked":"SKIP","floor":19.0},{"not_picked":["champ:ViciousMockery","champ:StanceDance","champ:AdrenalArmor"],"picked":"SKIP","floor":20.0},{"not_picked":["champ:Encircle","champ:CrookedStrike","champ:EnGarde"],"picked":"SKIP","floor":22.0},{"not_picked":["champ:Circumvent","champ:IronFortress+1","champ:StanceDance+1"],"picked":"SKIP","floor":23.0},{"not_picked":["champ:Haymaker","champ:PerfectedStrike","champ:BringItOn"],"picked":"Singing Bowl","floor":29.0},{"not_picked":["champ:Backstep+1","champ:Duel","champ:FanOfKnives+1"],"picked":"Singing Bowl","floor":30.0},{"not_picked":["champ:ArenaPreparation","champ:FaceSlap","champ:Shatter"],"picked":"Singing Bowl","floor":31.0},{"not_picked":["champ:Aggression","champ:Circumvent"],"picked":"champ:DefensiveStyle","floor":32.0},{"not_picked":["champ:EnchantCrown","champ:CrownThrow"],"picked":"champ:Improvising","floor":33.0},{"not_picked":["champ:CrookedStrike","champ:RageSigil+1"],"picked":"champ:ShieldWall+1","floor":36.0},{"not_picked":["champ:CalledShot+1","champ:GladiatorsShout+1","champ:ArenaPreparation"],"picked":"Singing Bowl","floor":37.0},{"not_picked":["champ:PreciseThrust","champ:BladeFlurry+1","champ:PerfectedStrike"],"picked":"Singing Bowl","floor":38.0},{"not_picked":["champ:Backstep","champ:Shatter"],"picked":"champ:Lariat","floor":39.0},{"not_picked":["champ:PerfectedStrike","champ:GladiatorsShout+1","champ:Haymaker+1"],"picked":"Singing Bowl","floor":42.0},{"not_picked":["champ:FlashCut","champ:ShieldWall+1","champ:CrookedStrike+1"],"picked":"Singing Bowl","floor":43.0},{"not_picked":["champ:Circumvent","champ:Balance+1"],"picked":"champ:TornadoPunch+1","floor":46},{"not_picked":["champ:StanceDance","champ:Riposte","champ:SkillfulDodge"],"picked":"Singing Bowl","floor":49}],"player_experience":174634,"relics_obtained":[{"floor":3.0,"key":"Mercury Hourglass"},{"floor":6.0,"key":"White Beast Statue"},{"floor":7.0,"key":"PreservedInsect"},{"floor":9.0,"key":"Ornamental Fan"},{"floor":14.0,"key":"Pantograph"},{"floor":24.0,"key":"Bag of Preparation"},{"floor":28.0,"key":"Singing Bowl"},{"floor":41.0,"key":"Kunai"},{"floor":43.0,"key":"Bronze Scales"}],"event_choices":[{"damage_healed":0.0,"max_hp_gain":0.0,"max_hp_loss":0.0,"gold_gain":0.0,"event_name":"NoteForYourself","player_choice":"Ignored","floor":4.0,"gold_loss":0.0,"damage_taken":0.0},{"damage_healed":0.0,"max_hp_gain":0.0,"max_hp_loss":0.0,"gold_gain":0.0,"cards_transformed":["champ:Execute","champ:Strike"],"event_name":"Drug Dealer","player_choice":"Became Test Subject","floor":27.0,"gold_loss":0.0,"damage_taken":0.0,"cards_obtained":["champ:ViciousMockery","champ:StrikeOfGenius"]},{"damage_healed":0,"gold_gain":0,"player_choice":"Ignored","damage_taken":0,"max_hp_gain":0,"max_hp_loss":0,"event_name":"Mysterious Sphere","floor":47,"gold_loss":0},{"cards_removed":["champ:ViciousMockery"],"damage_healed":0,"gold_gain":0,"player_choice":"Purged","damage_taken":0,"max_hp_gain":0,"max_hp_loss":0,"event_name":"Purifier","floor":48,"gold_loss":0}],"is_beta":false,"boss_relics":[{"not_picked":["Fusion Hammer","Snecko Eye"],"picked":"Philosopher\u0027s Stone"},{"not_picked":["Velvet Choker","Runic Pyramid"],"picked":"Cursed Key"}],"items_purged_floors":[46],"is_endless":false,"potions_floor_spawned":[3,9,10,11,12,14,15,16,19,20,22,23,29,30,31,32,33,36,37,38,39,42,43,46,49],"ascension_level":1}}