{"host":"dntw6kil9p09eemm","time":1609908910,"event":{"mods":["Alarm Clock","Aspiration","BaseMod","Colored Powertips","Downfall","Hermit","Hubris","Minty Spire (QoL Compilation)","Permanent Neow","Replay The Spire","Shop Mod","StSLib","The Runesmith","Waifu the Spire"],"gold_per_floor":[119,119,119,119,119,138,151,180,180,210,237,268,68,83,83,93,93,198,198,209,220,220,231,251,251,251,278,278,143,143,157,171,185,185,286,286,305,319,336,353,231,261,261,271,295,170,170,190,201,220,220,220],"floor_reached":53,"playtime":4153,"items_purged":["hexamod:Strike","hexamod:Defend","hexamod:Strike"],"score":852,"play_id":"4c3a1169-d2e5-47a0-9d64-09fd4b13d106","local_time":"20210106135510","is_ascension_mode":true,"campfire_choices":[{"data":"hexamod:Float","floor":9.0,"key":"SMITH"},{"floor":17.0,"key":"REST"},{"floor":25.0,"key":"REST"},{"floor":43.0,"key":"REST"},{"floor":47,"key":"REST"},{"floor":51,"key":"REST"}],"circlet_count":0,"master_deck":["hexamod:Strike","hexamod:Strike","hexamod:Defend","hexamod:Sear","hexamod:Float+1","hexamod:SwordOfDarkness","hexamod:ExtraCrispy","hexamod:ThermalTransfer","hexamod:FastForward+1","hexamod:PhantomFireball","hexamod:ApocalypticArmor","hexamod:WildfireWeapon","hexamod:RadiantFlame+1","expansioncontent:DonusPower","hexamod:SuperheatedStrike","hexamod:ThermalTransfer","hexamod:StepThrough","hexamod:PhantomFireball+1","hexamod:DynamicBlow","hexamod:FastForward"],"relics":["hexamod:SpiritBrand","Vajra","hubris:Towel","Anchor","hexamod:MatchstickCase","Replay:Rubber Ducky","Dream Catcher","MerchantsRug","Busted Crown","aspiration:RitualStick","Replay:Baseball","aspiration:FrozenJewel","hexamod:Sixitude","Oddly Smooth Stone"],"acts_visited":["Exordium","TheCity","TheBeyond"],"potions_floor_usage":[50],"damage_taken":[{"damage":0.0,"enemies":"2 Louse","floor":1.0,"turns":2.0},{"damage":1.0,"enemies":"Jaw Worm","floor":6.0,"turns":3.0},{"damage":0.0,"enemies":"Small Slimes","floor":7.0,"turns":3.0},{"damage":18.0,"enemies":"Lagavulin","floor":8.0,"turns":6.0},{"damage":24.0,"enemies":"Gremlin Nob","floor":10.0,"turns":4.0},{"damage":15.0,"enemies":"Lagavulin","floor":12.0,"turns":6.0},{"damage":0.0,"enemies":"Exordium Thugs","floor":14.0,"turns":3.0},{"damage":0.0,"enemies":"3 Louse","floor":16.0,"turns":3.0},{"damage":20.0,"enemies":"The Guardian","floor":18.0,"turns":9.0},{"damage":0.0,"enemies":"Shell Parasite","floor":20.0,"turns":4.0},{"damage":0.0,"enemies":"2 Thieves","floor":21.0,"turns":4.0},{"damage":29.0,"enemies":"Chosen and Byrds","floor":23.0,"turns":5.0},{"damage":0.0,"enemies":"Centurion and Healer","floor":24.0,"turns":4.0},{"damage":8.0,"enemies":"Gremlin Leader","floor":27.0,"turns":5.0},{"damage":0.0,"enemies":"Shelled Parasite and Fungi","floor":31.0,"turns":3.0},{"damage":4.0,"enemies":"Snake Plant","floor":32.0,"turns":5.0},{"damage":4.0,"enemies":"Centurion and Healer","floor":33.0,"turns":5.0},{"damage":13.0,"enemies":"Collector","floor":35.0,"turns":7.0},{"damage":0.0,"enemies":"Orb Walker","floor":37.0,"turns":3.0},{"damage":1.0,"enemies":"3 Shapes","floor":38.0,"turns":3.0},{"damage":0.0,"enemies":"Transient","floor":39.0,"turns":6.0},{"damage":0.0,"enemies":"Spire Growth","floor":40.0,"turns":3.0},{"damage":66.0,"enemies":"Nemesis","floor":42.0,"turns":6.0},{"damage":0.0,"enemies":"Sphere and 2 Shapes","floor":44.0,"turns":4.0},{"damage":0,"enemies":"Writhing Mass","floor":48,"turns":5},{"damage":0,"enemies":"Transient","floor":49,"turns":6},{"damage":0,"enemies":"Maw","floor":50,"turns":6},{"damage":53,"enemies":"hubris:GrandSnecko","floor":52,"turns":15}],"seed_played":"7191503092288456475","potions_obtained":[{"floor":6.0,"key":"Milkshake"},{"floor":7.0,"key":"SpeedPotion"},{"floor":10.0,"key":"Fire Potion"},{"floor":14.0,"key":"SteroidPotion"},{"floor":23.0,"key":"Reflective Coating"},{"floor":24.0,"key":"hexamod:EctoCoolerPotion"},{"floor":32.0,"key":"ColorlessPotion"},{"floor":35.0,"key":"hexamod:InfernoChargePotion"},{"floor":38.0,"key":"Guardian:BlockOnCardUsePotion"},{"floor":39.0,"key":"DuplicationPotion"},{"floor":48,"key":"Weak Potion"},{"floor":50,"key":"Reflective Coating"}],"is_trial":false,"path_per_floor":["M","?","?","PTL","PTL","M","M","E","R","E","T","E","$","M","?","M","R","B",null,"M","M","?","M","M","R","?","E","T","$","?","M","M","M","R","B",null,"M","M","M","M","$","E","R","M","T","$","R","M","M","M","R","B",null],"character_chosen":"THE_SPIRIT","items_purchased":["MerchantsRug","hexamod:FastForward+1","hexamod:PhantomFireball","hexamod:SuperheatedStrike","hexamod:FastForward"],"campfire_rested":5,"item_purchase_floors":[13,13,13,29,41],"current_hp_per_floor":[70,67,67,67,67,66,66,48,48,24,24,9,9,9,9,9,30,10,70,70,70,70,41,41,62,48,40,40,40,40,40,36,32,32,19,70,70,69,69,69,69,3,24,24,24,24,45,45,45,45,66,13],"gold":220,"neow_bonus":"TRANSFORM_CARD","is_daily":false,"chose_seed":false,"campfire_upgraded":1,"win_rate":0.0,"timestamp":1609908910,"path_taken":["M","?","?","PTL","PTL","M","M","E","R","E","T","E","$","M","?","M","R","BOSS","M","M","?","M","?","R","?","E","T","$","?","M","M","M","R","BOSS","M","M","M","M","$","E","R","M","T","$","R","M","M","M","R","BOSS"],"items_purchased_type":["Relic","Card","Card","Card","Card"],"build_version":"2020-12-22","purchased_purges":3,"victory":true,"max_hp_per_floor":[70,70,70,70,70,70,70,70,70,70,70,70,70,70,70,70,70,70,70,70,70,70,70,70,70,70,70,70,70,70,70,70,70,70,70,70,70,70,70,70,70,70,70,70,70,70,70,70,70,70,70,70],"card_choices":[{"not_picked":["hexamod:Firestarter","hexamod:BacktrackSmack","hexamod:AdvancingGuard"],"picked":"SKIP","floor":1.0},{"not_picked":["hexamod:HauntingEcho","hexamod:ChargedBarrage"],"picked":"hexamod:ExtraCrispy","floor":6.0},{"not_picked":["hexamod:ShieldOfDarkness","hexamod:GhostShield","hexamod:NightmareGuise"],"picked":"SKIP","floor":7.0},{"not_picked":["hexamod:ShieldOfDarkness","hexamod:SpectralAdrenaline","hexamod:ApocalypseNow"],"picked":"SKIP","floor":8.0},{"not_picked":["hexamod:HeatMetal","hexamod:Firestarter","hexamod:HeatShield"],"picked":"SKIP","floor":10.0},{"not_picked":["hexamod:ThirdSeal","hexamod:ExtraCrispy"],"picked":"hexamod:ThermalTransfer","floor":12.0},{"not_picked":["hexamod:RainOfEmbers","hexamod:SpectersWail","hexamod:NightmareStrike"],"picked":"SKIP","floor":14.0},{"not_picked":["hexamod:SkipABeat","hexamod:BurningTouch","hexamod:Firestarter"],"picked":"SKIP","floor":16.0},{"not_picked":["hexamod:Again","hexamod:DynamicBlow"],"picked":"hexamod:ApocalypticArmor","floor":17.0},{"not_picked":["hexamod:FifthSeal","hexamod:TimeOfNeed"],"picked":"hexamod:WildfireWeapon","floor":18.0},{"not_picked":[],"picked":"hexamod:RadiantFlame+1","floor":20.0},{"not_picked":["hexamod:RetreatToShadows"],"picked":"SKIP","floor":21.0},{"not_picked":["hexamod:Hexaguard"],"picked":"SKIP","floor":23.0},{"not_picked":["hexamod:HauntingEcho+1"],"picked":"SKIP","floor":24.0},{"not_picked":["hexamod:InspiringFlames"],"picked":"SKIP","floor":27.0},{"not_picked":["hexamod:FirstSeal"],"picked":"SKIP","floor":31.0},{"not_picked":[],"picked":"hexamod:ThermalTransfer","floor":32.0},{"not_picked":["hexamod:NightmareStrike+1"],"picked":"SKIP","floor":33.0},{"not_picked":["hexamod:NightmareStrike+1"],"picked":"SKIP","floor":33.0},{"not_picked":["hexamod:NightmareStrike"],"picked":"SKIP","floor":37.0},{"not_picked":[],"picked":"hexamod:PhantomFireball+1","floor":38.0},{"not_picked":[],"picked":"hexamod:DynamicBlow","floor":39.0},{"not_picked":["hexamod:ShieldOfDarkness+1"],"picked":"SKIP","floor":40.0},{"not_picked":["hexamod:GhostOfSpirePast+1"],"picked":"SKIP","floor":42.0},{"not_picked":["hexamod:HauntingEcho"],"picked":"SKIP","floor":44.0},{"not_picked":["hexamod:ChargedBarrage+1"],"picked":"SKIP","floor":48},{"not_picked":["hexamod:ExtraCrispy"],"picked":"SKIP","floor":49},{"not_picked":["hexamod:NecessarySacrifice+1"],"picked":"SKIP","floor":50}],"player_experience":576877,"relics_obtained":[{"floor":8.0,"key":"Anchor"},{"floor":10.0,"key":"hexamod:MatchstickCase"},{"floor":11.0,"key":"Replay:Rubber Ducky"},{"floor":12.0,"key":"Dream Catcher"},{"floor":27.0,"key":"Replay:Baseball"},{"floor":28.0,"key":"aspiration:FrozenJewel"},{"floor":42.0,"key":"hexamod:Sixitude"},{"floor":45.0,"key":"Oddly Smooth Stone"}],"event_choices":[{"damage_healed":0.0,"max_hp_gain":0.0,"max_hp_loss":0.0,"gold_gain":0.0,"event_name":"Scrap Ooze","player_choice":"Success","floor":2.0,"gold_loss":0.0,"damage_taken":3.0,"relics_obtained":["Vajra"]},{"damage_healed":0.0,"max_hp_gain":0.0,"max_hp_loss":0.0,"gold_gain":0.0,"event_name":"Match and Keep!","player_choice":"1 cards matched","floor":22.0,"gold_loss":0.0,"damage_taken":0.0,"cards_obtained":["expansioncontent:DonusPower"]}],"is_beta":false,"boss_relics":[{"not_picked":["Black Star","Runesmith:UraniumAnvil"],"picked":"Busted Crown"},{"not_picked":["Ring of Chaos","Painkiller Herb","Honey Jar"]}],"items_purged_floors":[29,41,46],"is_endless":false,"potions_floor_spawned":[6,7,10,14,23,24,32,35,38,39,48,50],"ascension_level":4}}