{"host":"5x08nt64u3vxxcfi","time":1609906997,"event":{"mods":["BaseMod","Minty Spire (QoL Compilation)","StSLib","SuperFastMode"],"gold_per_floor":[118,134,84,94,23,23,37,112,162,188,200,200,200,234,234,337,337,351,351,361,361,361,361,361,361,408,421,436,436,95,95,95],"floor_reached":31,"playtime":611,"items_purged":[],"score":279,"play_id":"b71088c8-9e13-4b18-9bc8-4c30331b5155","local_time":"20210106132317","is_ascension_mode":true,"campfire_choices":[{"data":"Beam Cell","floor":6.0,"key":"SMITH"},{"floor":13.0,"key":"REST"},{"data":"Genetic Algorithm","floor":15.0,"key":"SMITH"},{"data":"Go for the Eyes","floor":23,"key":"SMITH"},{"data":"Hyperbeam","floor":25,"key":"SMITH"},{"floor":29,"key":"REST"}],"circlet_count":0,"master_deck":["Strike_B","Strike_B","Strike_B","Strike_B","Defend_B","Defend_B","Defend_B","Defend_B","Dualcast","Core Surge","Gash","Steam","Sweeping Beam","Beam Cell+1","Stack","Genetic Algorithm+1","Hyperbeam+1","Echo Form","Steam","Bandage Up","Conserve Battery","Streamline+1","Recycle","Steam","Go for the Eyes+1","Gash","Leap","Melter"],"relics":["Cracked Core","Oddly Smooth Stone","Art of War","DataDisk","Inserter","Orichalcum","Omamori","Unceasing Top"],"acts_visited":["Exordium","TheCity"],"potions_floor_usage":[31],"damage_taken":[{"damage":7.0,"enemies":"Jaw Worm","floor":1.0,"turns":2.0},{"damage":0.0,"enemies":"Small Slimes","floor":2.0,"turns":3.0},{"damage":1.0,"enemies":"Cultist","floor":4.0,"turns":3.0},{"damage":12.0,"enemies":"Lots of Slimes","floor":7.0,"turns":3.0},{"damage":18.0,"enemies":"Gremlin Nob","floor":10.0,"turns":4.0},{"damage":0.0,"enemies":"Exordium Thugs","floor":11.0,"turns":4.0},{"damage":26.0,"enemies":"3 Sentries","floor":14.0,"turns":7.0},{"damage":28.0,"enemies":"The Guardian","floor":16.0,"turns":14.0},{"damage":42.0,"enemies":"3 Byrds","floor":18.0,"turns":6.0},{"damage":8.0,"enemies":"Spheric Guardian","floor":20.0,"turns":4.0},{"damage":30,"enemies":"Centurion and Healer","floor":27,"turns":5},{"damage":10,"enemies":"Snake Plant","floor":28,"turns":4},{"damage":42,"enemies":"Gremlin Leader","floor":31,"turns":7}],"seed_played":"6375772927334973955","potions_obtained":[{"floor":10.0,"key":"SteroidPotion"},{"floor":14.0,"key":"Swift Potion"}],"is_trial":false,"path_per_floor":["M","M","?","M","$","R","M","?","T","E","M","?","R","E","R","B",null,"M","?","M","?","?","R","?","R","T","M","M","R","$","E"],"character_chosen":"DEFECT","items_purchased":["Beam Cell","Stack","Unceasing Top","Melter"],"campfire_rested":2,"item_purchase_floors":[5,5,30,30],"current_hp_per_floor":[68,68,68,67,67,67,55,44,44,26,26,26,48,26,26,2,75,41,41,37,37,37,37,37,37,37,11,5,27,27,0,0],"gold":95,"neow_bonus":"ONE_RANDOM_RARE_CARD","is_daily":false,"chose_seed":false,"campfire_upgraded":4,"win_rate":0.0,"timestamp":1609906997,"path_taken":["M","M","?","M","$","R","M","?","T","E","M","?","R","E","R","BOSS","M","?","?","?","?","R","?","R","T","M","M","R","$","E"],"items_purchased_type":["Card","Card","Relic","Card"],"build_version":"2020-12-22","purchased_purges":0,"victory":false,"max_hp_per_floor":[75,75,75,75,75,75,75,75,75,75,75,75,75,75,75,75,75,75,75,75,75,75,75,75,75,75,75,75,75,75,75,75],"card_choices":[{"not_picked":["Coolheaded","Cold Snap"],"picked":"Gash","floor":1.0},{"not_picked":["BootSequence","Loop"],"picked":"Steam","floor":2.0},{"not_picked":["Conserve Battery","Ball Lightning"],"picked":"Sweeping Beam","floor":4.0},{"not_picked":["Rebound","Chaos"],"picked":"Genetic Algorithm","floor":7.0},{"not_picked":["Aggregate","Ball Lightning"],"picked":"Hyperbeam","floor":10.0},{"not_picked":["Doom and Gloom","Cold Snap","Compile Driver"],"picked":"SKIP","floor":11.0},{"not_picked":["Turbo","Leap"],"picked":"Conserve Battery","floor":14.0},{"not_picked":["Leap","Stack"],"picked":"Streamline+1","floor":18.0},{"not_picked":["Self Repair","Chaos"],"picked":"Go for the Eyes","floor":20.0},{"not_picked":["Barrage","Darkness","Chill"],"picked":"SKIP","floor":27},{"not_picked":["Compile Driver","Blizzard"],"picked":"Leap","floor":28}],"player_experience":51440,"relics_obtained":[{"floor":9.0,"key":"Oddly Smooth Stone"},{"floor":10.0,"key":"Art of War"},{"floor":14.0,"key":"DataDisk"},{"floor":26,"key":"Omamori"}],"event_choices":[{"cards_removed":["Zap"],"damage_healed":0.0,"max_hp_gain":0.0,"max_hp_loss":0.0,"gold_gain":0.0,"event_name":"The Cleric","player_choice":"Card Removal","floor":3.0,"gold_loss":50.0,"damage_taken":0.0},{"damage_healed":0.0,"max_hp_gain":0.0,"max_hp_loss":0.0,"gold_gain":75.0,"event_name":"World of Goop","player_choice":"Gather Gold","floor":8.0,"gold_loss":0.0,"damage_taken":11.0},{"damage_healed":0.0,"max_hp_gain":0.0,"max_hp_loss":0.0,"gold_gain":0.0,"event_name":"Match and Keep!","player_choice":"3 cards matched","floor":12.0,"gold_loss":0.0,"damage_taken":0.0,"cards_obtained":["Echo Form","Steam","Bandage Up"]},{"damage_healed":0.0,"max_hp_gain":0.0,"max_hp_loss":0.0,"gold_gain":0.0,"event_name":"Match and Keep!","player_choice":"3 cards matched","floor":12.0,"gold_loss":0.0,"damage_taken":0.0,"cards_obtained":["Echo Form","Steam","Bandage Up"]},{"damage_healed":0.0,"max_hp_gain":0.0,"max_hp_loss":0.0,"gold_gain":0.0,"event_name":"Match and Keep!","player_choice":"2 cards matched","floor":19.0,"gold_loss":0.0,"damage_taken":0.0,"cards_obtained":["Recycle","Steam"]},{"damage_healed":0.0,"max_hp_gain":0.0,"max_hp_loss":0.0,"gold_gain":0.0,"event_name":"The Library","player_choice":"Read","floor":21.0,"gold_loss":0.0,"damage_taken":0.0,"cards_obtained":["Gash"]},{"damage_healed":0,"gold_gain":0,"player_choice":"Ignored","damage_taken":0,"max_hp_gain":0,"max_hp_loss":0,"event_name":"Beggar","floor":22,"gold_loss":0},{"damage_healed":0,"gold_gain":0,"player_choice":"Opened","damage_taken":0,"relics_obtained":["Orichalcum"],"max_hp_gain":0,"max_hp_loss":0,"event_name":"The Mausoleum","floor":24,"gold_loss":0}],"is_beta":false,"boss_relics":[{"not_picked":["Runic Dome","Pandora\u0027s Box"],"picked":"Inserter"}],"items_purged_floors":[],"is_endless":false,"potions_floor_spawned":[10,14],"killed_by":"Gremlin Leader","ascension_level":3}}