{"host":"8i4doyxqctgl5qb0","time":1609901357,"event":{"mods":["AchievementEnabler","BaseMod","Block Reminder","Colored Powertips","Downfall","Marisa£®ÏF”Í°°ƒß¿Ì…≥£©","Minty Spire (QoL Compilation)","Permanent Neow","Potion Indicator Mod","Rare Cards Sparkle","StSLib","SuperFastMode"],"gold_per_floor":[112,127,127,127,302,329,329,329,329,329,361,371,371,20,20,117,117,127,127,127,139,47,47,75,375,375,375,153,172,172,172,172,276,276,295,41,141,158,174,174,174,174],"floor_reached":41,"playtime":994,"items_purged":["Doubt","Defend_R+1"],"score":569,"play_id":"79d82ecb-120f-47aa-9618-01243c78fefe","local_time":"20210106104917","is_ascension_mode":true,"campfire_choices":[{"data":"Metallicize","floor":8.0,"key":"SMITH"},{"data":"Bash","floor":10.0,"key":"SMITH"},{"floor":13.0,"key":"REST"},{"data":"Demon Form","floor":15.0,"key":"SMITH"},{"floor":23.0,"key":"REST"},{"floor":27.0,"key":"REST"},{"floor":30.0,"key":"REST"},{"data":"Barricade","floor":32.0,"key":"SMITH"},{"floor":40.0,"key":"REST"}],"circlet_count":0,"master_deck":["Strike_R+1","Strike_R+1","Strike_R+1","Strike_R+1","Defend_R+1","Defend_R+1","Defend_R+1","Bash+1","Metallicize+1","Demon Form+1","Armaments","Double Tap","CurseOfTheBell","Inflame+1","Inflame","expansioncontent:DonusPower","Barricade+1","Burning Pact+1","Whirlwind","Corruption","Pummel+1","Magnetism","Combust+1","Shrug It Off","Metallicize+1"],"relics":["Burning Blood","NeowsBlessing","Toy Ornithopter","Smiling Mask","Self Forming Clay","Champion Belt","Thread and Needle","Calling Bell","Tiny Chest","StrikeDummy","StoneCalendar","Dream Catcher","Old Coin","Happy Flower","Membership Card","Philosopher\u0027s Stone","Brimstone","Potion Belt"],"acts_visited":["Exordium","TheCity","TheBeyond"],"potions_floor_usage":[41,41],"damage_taken":[{"damage":0.0,"enemies":"Jaw Worm","floor":1.0,"turns":1.0},{"damage":0.0,"enemies":"2 Louse","floor":2.0,"turns":1.0},{"damage":0.0,"enemies":"Lagavulin","floor":6.0,"turns":1.0},{"damage":36.0,"enemies":"Gremlin Nob","floor":11.0,"turns":5.0},{"damage":17.0,"enemies":"Small Slimes","floor":12.0,"turns":5.0},{"damage":28.0,"enemies":"Slime Boss","floor":16.0,"turns":8.0},{"damage":21.0,"enemies":"3 Byrds","floor":18.0,"turns":7.0},{"damage":6.0,"enemies":"Shell Parasite","floor":21.0,"turns":5.0},{"damage":59.0,"enemies":"Slavers","floor":24.0,"turns":6.0},{"damage":13.0,"enemies":"Snecko","floor":29.0,"turns":5.0},{"damage":17.0,"enemies":"Colosseum Slavers","floor":31.0,"turns":5.0},{"damage":0.0,"enemies":"Colosseum Nobs","floor":31.0,"turns":1.0},{"damage":87.0,"enemies":"Collector","floor":33.0,"turns":9.0},{"damage":37.0,"enemies":"3 Darklings","floor":35.0,"turns":5.0},{"damage":21.0,"enemies":"Orb Walker","floor":38.0,"turns":4.0},{"damage":23.0,"enemies":"3 Darklings","floor":39.0,"turns":4.0},{"damage":64,"enemies":"Reptomancer","floor":41,"turns":3}],"seed_played":"2077256329909933906","potions_obtained":[{"floor":6.0,"key":"EntropicBrew"},{"floor":24.0,"key":"Weak Potion"},{"floor":39.0,"key":"Strength Potion"}],"is_trial":false,"path_per_floor":["M","M","?","$","?","E","T","R","T","R","E","M","R","$","R","B",null,"M","?","?","M","$","R","E","T","T","R","$","M","R","?","R","B",null,"M","$","?","M","M","R","E"],"character_chosen":"IRONCLAD","items_purchased":["Thread and Needle","expansioncontent:DonusPower","Membership Card","BloodPotion","Brimstone","ColorlessPotion","Magnetism","Potion Belt"],"campfire_rested":5,"item_purchase_floors":[14,22,28,28,36,36,36,36],"current_hp_per_floor":[78,80,80,80,80,80,80,80,80,80,50,39,63,63,63,41,70,55,55,55,55,55,79,27,27,27,51,51,44,68,68,68,18,65,39,39,39,24,12,36,0,0],"gold":174,"neow_bonus":"THREE_ENEMY_KILL","is_daily":false,"chose_seed":false,"campfire_upgraded":4,"win_rate":0.0,"timestamp":1609901357,"path_taken":["M","M","?","$","?","E","?","R","T","R","E","M","R","$","R","BOSS","M","?","?","M","?","R","E","?","T","R","$","M","R","?","R","BOSS","M","$","?","?","M","R","E"],"items_purchased_type":["Relic","Card","Relic","Potion","Relic","Potion","Card","Relic"],"build_version":"2020-12-22","purchased_purges":2,"victory":false,"max_hp_per_floor":[80,80,80,80,80,80,80,80,80,80,80,80,80,80,80,80,80,80,80,80,80,80,80,80,80,80,80,80,80,80,80,80,80,80,80,80,80,80,80,80,80,80],"card_choices":[{"not_picked":["Thunderclap","Flex","Iron Wave"],"picked":"SKIP","floor":1.0},{"not_picked":["Headbutt","Cleave","Iron Wave"],"picked":"SKIP","floor":2.0},{"not_picked":["True Grit","Rupture"],"picked":"Metallicize","floor":6.0},{"not_picked":["Headbutt","Rampage"],"picked":"Demon Form","floor":11.0},{"not_picked":["Havoc","Pummel"],"picked":"Armaments","floor":12.0},{"not_picked":["Berserk","Reaper"],"picked":"Double Tap","floor":16.0},{"not_picked":["Flex","Cleave"],"picked":"Inflame+1","floor":18.0},{"not_picked":["Thunderclap+1","Burning Pact"],"picked":"Inflame","floor":21.0},{"not_picked":["Feel No Pain+1","Heavy Blade"],"picked":"Barricade","floor":24.0},{"not_picked":["Pommel Strike","Wild Strike"],"picked":"Burning Pact+1","floor":27.0},{"not_picked":["Havoc","Flame Barrier+1"],"picked":"Whirlwind","floor":29.0},{"not_picked":["Feed","Barricade"],"picked":"Corruption","floor":33.0},{"not_picked":["Armaments+1","Cleave"],"picked":"Pummel+1","floor":35.0},{"not_picked":["Havoc+1","Body Slam+1"],"picked":"Combust+1","floor":38.0},{"not_picked":["Entrench","Body Slam+1"],"picked":"Shrug It Off","floor":39.0},{"not_picked":["Hemokinesis","Shrug It Off"],"picked":"Metallicize+1","floor":40.0}],"player_experience":103057,"relics_obtained":[{"floor":6.0,"key":"Toy Ornithopter"},{"floor":7.0,"key":"Smiling Mask"},{"floor":9.0,"key":"Self Forming Clay"},{"floor":11.0,"key":"Champion Belt"},{"floor":17.0,"key":"Tiny Chest"},{"floor":17.0,"key":"StrikeDummy"},{"floor":17.0,"key":"StoneCalendar"},{"floor":24.0,"key":"Dream Catcher"},{"floor":25.0,"key":"Old Coin"},{"floor":26.0,"key":"Happy Flower"}],"event_choices":[{"cards_removed":["Strike_R"],"damage_healed":0.0,"max_hp_gain":0.0,"max_hp_loss":0.0,"gold_gain":0.0,"event_name":"Living Wall","player_choice":"Forget","floor":3.0,"gold_loss":0.0,"damage_taken":0.0},{"damage_healed":0.0,"max_hp_gain":0.0,"max_hp_loss":0.0,"gold_gain":175.0,"event_name":"Liars Game","player_choice":"AGREE","floor":5.0,"gold_loss":0.0,"damage_taken":0.0,"cards_obtained":["Doubt"]},{"damage_healed":0.0,"max_hp_gain":0.0,"max_hp_loss":0.0,"gold_gain":0.0,"event_name":"Back to Basics","player_choice":"Simplicity","floor":20.0,"gold_loss":0.0,"damage_taken":0.0,"cards_upgraded":["Strike_R","Strike_R","Strike_R","Strike_R","Defend_R","Defend_R","Defend_R","Defend_R"]},{"damage_healed":0.0,"max_hp_gain":0.0,"max_hp_loss":0.0,"gold_gain":0.0,"event_name":"Colosseum","player_choice":"Fight","floor":31.0,"gold_loss":0.0,"damage_taken":0.0},{"damage_healed":0.0,"max_hp_gain":0.0,"max_hp_loss":0.0,"gold_gain":0.0,"event_name":"Colosseum","player_choice":"Fought Nobs","floor":31.0,"gold_loss":0.0,"damage_taken":0.0},{"damage_healed":0.0,"max_hp_gain":0.0,"max_hp_loss":0.0,"gold_gain":100.0,"event_name":"Golden Shrine","player_choice":"Pray","floor":37.0,"gold_loss":0.0,"damage_taken":0.0}],"is_beta":false,"boss_relics":[{"not_picked":["Coffee Dripper","Runic Cube"],"picked":"Calling Bell"},{"not_picked":["Tiny House","SacredBark"],"picked":"Philosopher\u0027s Stone"}],"items_purged_floors":[14,28],"is_endless":false,"potions_floor_spawned":[6,12,21,24,39],"killed_by":"Reptomancer","ascension_level":6}}