{"host":"wonp23fsqqcu31ie","time":1609925007,"event":{"mods":["2.2 Compatiblity","AchievementEnabler","Aspiration","BaseMod","Bestiary","Better Altar","Better Match","Better Sensory Stone","Better Skull","Better Third Choice","BetterRewards","Block Reminder","Colored Map","Colored Powertips","Conspire","Curses Come First","DeckTracker","Displayed Cursed Tome","Downfall","Evolution","Hermit","Highlight Path","Hubris","Marisa????????","Minty Spire (QoL Compilation)","Permanent Neow","Prisma Mod","Quick Restart","Rare Cards Sparkle","Relic Stats","Replay The Spire","Robot Space Explorer","Shade Mod","Shop Mod","StSLib","SuperFastMode","The Animator","The Bug Knight","The Construct","The Cursed","The Dragon Tamer","The Gatherer","The Marked","The Necromancer","The Runesmith","The Servant 0.9.4"],"gold_per_floor":[124,143,72,72,90,125,157,211,223,235,256,268,82,10,10,116,116,140,64,64,88,88,122,122,82,105,129,167,167,203,93,93,203,203,238,247,247,275,300,300,300],"floor_reached":40,"playtime":1182,"items_purged":[],"score":745,"play_id":"8a6b53cc-b300-4bb9-9665-677f3a4afd01","local_time":"20210106202327","is_ascension_mode":true,"campfire_choices":[{"data":"Infernal Blade","floor":15,"key":"SMITH"},{"data":"Barricade","floor":29,"key":"SMITH"},{"floor":32,"key":"REST"}],"circlet_count":0,"master_deck":["Run Through","Run Through","Strike_R","Strike_R","Defend_R","Defend_R","Defend_R","Defend_R","Shockwave","Cleave","Carnage","Survivor","Neutralize","Infernal Blade+1","ReplayTheSpireMod:Stacked","Uppercut","expansioncontent:QuickStudy","Spot Weakness+1","ReplayTheSpireMod:Private Reserves","Barricade+1","Wild Strike","Discovery","Streamline","Searing Blow+1","Sweeping Beam","conspire:SharedLibrary+1","Run Through+1","Echo Form","Sweeping Beam","Go for the Eyes","Cold Snap+1","Tempest+1","Capacitor"],"relics":["Black Blood","EVO:Axolotl","conspire:Boomerang","CeramicFish","hubris:PeanutButter","Letter Opener","hubris:ChampionShield","aspiration:DefectSkillbook","Bag of Marbles","Vajra","Prayer Wheel","Akabeko","MerchantsRug"],"acts_visited":["Exordium","TheCity","TheBeyond"],"potions_floor_usage":[6,8,16,23,27,33,33,33,40],"damage_taken":[{"damage":0,"enemies":"Cultist","floor":1,"turns":2},{"damage":3,"enemies":"Small Slimes","floor":2,"turns":3},{"damage":19,"enemies":"3 Sentries","floor":6,"turns":4},{"damage":4,"enemies":"Jaw Worm","floor":7,"turns":3},{"damage":15,"enemies":"Gremlin Nob","floor":8,"turns":3},{"damage":6,"enemies":"Slime Boss","floor":16,"turns":7},{"damage":0,"enemies":"Spheric Guardian","floor":18,"turns":2},{"damage":15,"enemies":"3 Byrds","floor":21,"turns":4},{"damage":14,"enemies":"Gremlin Leader","floor":23,"turns":6},{"damage":9,"enemies":"Centurion and Healer","floor":27,"turns":4},{"damage":14,"enemies":"HollowMod:Nosk","floor":28,"turns":6},{"damage":32,"enemies":"Slavers","floor":30,"turns":3},{"damage":21,"enemies":"hubris:MusketHawk","floor":33,"turns":11},{"damage":42,"enemies":"3 Darklings","floor":35,"turns":7},{"damage":2,"enemies":"3 Shapes","floor":38,"turns":3},{"damage":1,"enemies":"Maw","floor":39,"turns":6},{"damage":92,"enemies":"Reptomancer","floor":40,"turns":6}],"seed_played":"5345042353377235152","potions_obtained":[{"floor":1,"key":"AttackPotion"},{"floor":6,"key":"construct:ShiftPotion"},{"floor":7,"key":"SkillPotion"},{"floor":21,"key":"GamblersBrew"},{"floor":25,"key":"Toxic Potion"},{"floor":25,"key":"Elixir"},{"floor":25,"key":"Cursed Concoction"},{"floor":27,"key":"Fruit Juice"},{"floor":28,"key":"Dexterity Potion"},{"floor":35,"key":"EssenceOfSteel"}],"is_trial":false,"path_per_floor":["M","M","$","?","?","E","M","E","T","$","?","T","$","$","R","B",null,"M","$","?","M","?","E","?","?","T","M","E","R","E","$","R","B",null,"M","?","?","M","M","E"],"character_chosen":"IRONCLAD","items_purchased":["Lee\u0027s Waffle","CeramicFish","Carnage","hubris:ChampionShield","Spot Weakness+1","ReplayTheSpireMod:Private Reserves","Discovery","MerchantsRug"],"campfire_rested":1,"item_purchase_floors":[0,0,3,13,13,14,19,31],"current_hp_per_floor":[87,87,87,87,87,74,76,67,67,67,67,67,67,67,67,67,87,87,87,87,78,78,70,70,70,70,72,64,64,38,38,65,50,92,62,62,71,81,92,0,0],"gold":300,"neow_bonus":"","is_daily":false,"chose_seed":false,"campfire_upgraded":2,"win_rate":0.0,"timestamp":1609925007,"path_taken":["M","M","$","?","?","E","M","E","T","?","?","?","?","$","R","BOSS","M","$","?","?","?","E","?","?","T","?","E","R","E","$","R","BOSS","M","?","?","M","M","E"],"items_purchased_type":["Relic","Relic","Card","Relic","Card","Card","Card","Relic"],"build_version":"2020-12-22","purchased_purges":0,"victory":false,"max_hp_per_floor":[87,87,87,87,87,87,87,87,87,87,87,87,87,87,87,87,87,87,87,87,87,87,87,87,87,87,92,92,92,92,92,92,92,92,92,92,92,92,92,92,92],"relic_stats":{"counters":[39,158],"CeramicFish":225,"Black Blood":209,"Prayer Wheel":3,"Letter Opener":[55],"obtain_stats":[{"SacredBark":34,"CeramicFish":0,"Vajra":26,"Black Blood":34,"hubris:SlimyHat":3,"EVO:Axolotl":0,"hubris:MysteriousPyramids":8,"Burning Blood":0,"aspiration:StickyExplosives_weak":44,"hubris:Icosahedron":39,"aspiration:DefectSkillbook":17,"DollysMirror":11,"Prayer Wheel":28,"Kunai":24,"Ring of Panic":19,"hubris:ChampionShield":13,"MerchantsRug":36,"Lee\u0027s Waffle":0,"construct:WeddingRing":17,"construct:RocketBooster":20,"Pear":43,"Counterbalance":37,"ReplayTheSpireMod:Ring of Addiction":43,"conspire:Boomerang":0,"Letter Opener":9,"hubris:Towel":21,"MawBank":6,"White Beast Statue":43,"Akabeko":30,"ReplayTheSpireMod:Ring of Collecting":19,"Ring of Misfortune":26,"Onion Ring":2,"Simple Rune":9,"hubris:PeanutButter":8,"Durian":0,"hubris:TenFootPole":31,"ReplayTheSpireMod:TigerMarble":46,"Bag of Marbles":23,"Toy Ornithopter":43},{"SacredBark":15,"CeramicFish":22,"Vajra":31,"Black Blood":35,"hubris:SlimyHat":2,"EVO:Axolotl":0,"hubris:MysteriousPyramids":5,"Burning Blood":0,"aspiration:StickyExplosives_weak":19,"hubris:Icosahedron":17,"aspiration:DefectSkillbook":28,"DollysMirror":5,"Prayer Wheel":33,"Kunai":10,"Ring of Panic":8,"hubris:ChampionShield":27,"MerchantsRug":16,"Lee\u0027s Waffle":22,"construct:WeddingRing":7,"construct:RocketBooster":8,"Pear":18,"Counterbalance":17,"ReplayTheSpireMod:Ring of Addiction":18,"conspire:Boomerang":22,"Letter Opener":27,"hubris:Towel":8,"MawBank":25,"White Beast Statue":18,"Akabeko":34,"ReplayTheSpireMod:Ring of Collecting":8,"Ring of Misfortune":10,"Onion Ring":2,"Simple Rune":5,"hubris:PeanutButter":27,"Durian":0,"hubris:TenFootPole":14,"ReplayTheSpireMod:TigerMarble":20,"Bag of Marbles":31,"Toy Ornithopter":18},{"SacredBark":57,"CeramicFish":79,"Vajra":113,"Black Blood":137,"hubris:SlimyHat":8,"EVO:Axolotl":0,"hubris:MysteriousPyramids":17,"Burning Blood":0,"aspiration:StickyExplosives_weak":69,"hubris:Icosahedron":62,"aspiration:DefectSkillbook":101,"DollysMirror":17,"Prayer Wheel":123,"Kunai":38,"Ring of Panic":29,"hubris:ChampionShield":94,"MerchantsRug":60,"Lee\u0027s Waffle":79,"construct:WeddingRing":28,"construct:RocketBooster":29,"Pear":63,"Counterbalance":62,"ReplayTheSpireMod:Ring of Addiction":63,"conspire:Boomerang":79,"Letter Opener":94,"hubris:Towel":29,"MawBank":88,"White Beast Statue":63,"Akabeko":126,"ReplayTheSpireMod:Ring of Collecting":29,"Ring of Misfortune":38,"Onion Ring":8,"Simple Rune":17,"hubris:PeanutButter":94,"Durian":0,"hubris:TenFootPole":49,"ReplayTheSpireMod:TigerMarble":72,"Bag of Marbles":113,"Toy Ornithopter":63}]},"card_choices":[{"not_picked":["Bloodletting","Infernal Blade"],"picked":"Shockwave","floor":1},{"not_picked":["Twin Strike","Run Through"],"picked":"Cleave","floor":2},{"not_picked":["Replay:Undeath\u0027s Touch","True Grit"],"picked":"Infernal Blade","floor":6},{"not_picked":["Havoc","Abandon"],"picked":"ReplayTheSpireMod:Stacked","floor":7},{"not_picked":["Sentinel","Wild Strike"],"picked":"Uppercut","floor":8},{"not_picked":["Transmutation","expansioncontent:LastStand"],"picked":"expansioncontent:QuickStudy","floor":11},{"not_picked":["Corruption","Double Tap"],"picked":"Barricade","floor":16},{"not_picked":["Havoc","FIFO Queue+1","Second Wind"],"picked":"Wild Strike","floor":18},{"not_picked":["Whirlwind","Pommel Strike","Hello World"],"picked":"Streamline","floor":21},{"not_picked":["Mirror Shield","Double Energy","Juggernaut"],"picked":"Searing Blow+1","floor":23},{"not_picked":["Stack","Coolheaded+1","Conserve Battery"],"picked":"Sweeping Beam","floor":27},{"not_picked":["Sword Boomerang","Body Slam","Abandon"],"picked":"conspire:SharedLibrary+1","floor":28},{"not_picked":["Headbutt","Turbo+1","Steam Power"],"picked":"Run Through+1","floor":30},{"not_picked":["Mirror Shield","Biased Cognition","Rainbow"],"picked":"Echo Form","floor":33},{"not_picked":["Clash+1","Evolve+1","ReplayTheSpireMod:Strike From Hell"],"picked":"Sweeping Beam","floor":35},{"not_picked":["Iron Wave+1","FIFO Queue","Replay:Undeath\u0027s Touch"],"picked":"Go for the Eyes","floor":35},{"not_picked":["ReplayTheSpireMod:Strike From Hell+1","Hologram+1","Clash+1"],"picked":"Cold Snap+1","floor":36},{"not_picked":["Leap","Sword Boomerang+1","Thunder Strike"],"picked":"Tempest+1","floor":38},{"not_picked":["Clothesline+1","Power Through","Sword Boomerang","Havoc"],"picked":"SKIP","floor":38},{"not_picked":["Skim+1","True Grit+1","Hologram"],"picked":"Capacitor","floor":39},{"not_picked":["Auto Shields","ReplaySort","Hello World","Iron Wave+1"],"picked":"SKIP","floor":39}],"player_experience":469693,"relics_obtained":[{"floor":6,"key":"MawBank"},{"floor":8,"key":"hubris:PeanutButter"},{"floor":9,"key":"Letter Opener"},{"floor":23,"key":"Bag of Marbles"},{"floor":26,"key":"Vajra"},{"floor":28,"key":"Prayer Wheel"},{"floor":30,"key":"Akabeko"}],"event_choices":[{"damage_healed":0,"gold_gain":0,"player_choice":"Leave","damage_taken":0,"max_hp_gain":0,"max_hp_loss":0,"event_name":"The Cleric","floor":4,"gold_loss":0},{"damage_healed":0,"gold_gain":1,"player_choice":"1","damage_taken":0,"max_hp_gain":0,"max_hp_loss":0,"event_name":"betterStone:BetterStone","floor":11,"gold_loss":0},{"cards_removed":["Strike_R"],"damage_healed":0,"gold_gain":0,"player_choice":"Purged","damage_taken":0,"max_hp_gain":0,"max_hp_loss":0,"event_name":"Purifier","floor":20,"gold_loss":0},{"damage_healed":0,"gold_gain":0,"player_choice":"Bought 3 Potions","damage_taken":0,"max_hp_gain":0,"max_hp_loss":0,"event_name":"The Woman in Blue","floor":25,"gold_loss":0},{"damage_healed":0,"gold_gain":0,"player_choice":"2","damage_taken":0,"max_hp_gain":0,"max_hp_loss":0,"event_name":"betterMatch:BetterMatch","floor":36,"gold_loss":0,"cards_obtained":["betterMatch:CommonCard"]}],"is_beta":false,"boss_relics":[{"not_picked":["aspiration:RitualDagger","ChewingGum"],"picked":"aspiration:DefectSkillbook"},{"not_picked":["aspiration:RunicSpoon","Fusion Hammer"],"picked":"Black Blood"}],"items_purged_floors":[],"is_endless":false,"potions_floor_spawned":[1,6,7,21,27,28,30,35],"killed_by":"Reptomancer","ascension_level":3}}