{"host":"bbld1ic1uj90ldt9","time":1609973731,"event":{"mods":["2.2 Compatiblity","AchievementEnabler","Act Like it!","BaseMod","Better Third Choice","Conspire","Downfall","Emptier Cage","Gensokyo","Hallownest","Hermit","Highlight Path","Hubris","Marisa????????","Minty Spire (QoL Compilation)","Random Character Button","Replay The Spire","StSLib","The Animator","The Bug Knight","The Cursed","The Disciple","The Hierophant","The Jungle","The Runesmith","The Servant 0.9.4"],"gold_per_floor":[114,132,132,143,156,188,188,217,241,268,286,314,58,70,70,165,165,179,179,179,27,38,38,56,86,86,86,102,134,134,326,326,426,426,442,454,374,393,97,97,132,142,169,189,189,217,217,252,252,252],"floor_reached":51,"playtime":6425,"items_purged":[],"score":1215,"play_id":"ad9aaac2-d12e-43b0-8abd-23d7403e4d4c","local_time":"20210106235531","is_ascension_mode":true,"campfire_choices":[{"data":"Eruption","floor":7.0,"key":"SMITH"},{"data":"Mayhem","floor":15.0,"key":"SMITH"},{"floor":23,"key":"REST"},{"floor":27,"key":"REST"},{"floor":30,"key":"REST"},{"floor":32,"key":"REST"},{"floor":40,"key":"REST"},{"floor":45,"key":"REST"},{"floor":47,"key":"REST"},{"floor":49,"key":"RECALL"}],"circlet_count":0,"master_deck":["Strike_P","Strike_P","Strike_P","Defend_P","Defend_P","Defend_P","Defend_P","Eruption+1","Vigilance","Protect+1","Replay:Battleflow","PathToVictory+1","PathToVictory","Crescendo","FearNoEvil","InnerPeace","FlurryOfBlows","BowlingBash","Mayhem+1","expansioncontent:HyperBeam","WheelKick","Replay:LoomingThreat","EmptyFist+1","EmptyFist+1","BowlingBash+1","Tantrum+1","EmptyBody","CarveReality","ReplayTheSpireMod:Splinters","Judgement","Wish","BowlingBash","WaveOfTheHand+1","Meditate+1","TalkToTheHand+1","Replay:DivineShield+1","ClearTheMind+1","Evaluate","Evaluate"],"relics":["hubris:GrandSneckoEye","Nunchaku","InkBottle","Vajra","Orichalcum","Centennial Puzzle","Fusion Hammer","hubris:Towel","Ring of Misfortune","ReplayTheSpireMod:Ring of Exchange","Lee\u0027s Waffle","Juzu Bracelet","Pantograph","hubris:FunFungus","Runesmith:UraniumAnvil","Golden Egg","Strange Spoon","Bag of Marbles","Boot","War Paint","HollowMod:PaleOreRelic","Yang"],"acts_visited":["Exordium","theJungle:Jungle","Hallownest:KingdomsEdge"],"potions_floor_usage":[22,24,35,38,41,46,50],"damage_taken":[{"damage":0.0,"enemies":"Small Slimes","floor":1.0,"turns":2.0},{"damage":0.0,"enemies":"Cultist","floor":2.0,"turns":2.0},{"damage":3.0,"enemies":"conspire:RoseBush","floor":4.0,"turns":2.0},{"damage":4.0,"enemies":"Looter","floor":5.0,"turns":3.0},{"damage":0.0,"enemies":"HollowMod:MossKnight","floor":6.0,"turns":4.0},{"damage":0.0,"enemies":"Lagavulin","floor":8.0,"turns":4.0},{"damage":2.0,"enemies":"3 Sentries","floor":10.0,"turns":3.0},{"damage":0.0,"enemies":"2 Fungi Beasts","floor":11.0,"turns":3.0},{"damage":8.0,"enemies":"Lagavulin","floor":12.0,"turns":3.0},{"damage":4.0,"enemies":"Gremlin Gang","floor":14.0,"turns":4.0},{"damage":0.0,"enemies":"Slime Boss","floor":16.0,"turns":3.0},{"damage":10,"enemies":"theJungle:GiantWrat","floor":18,"turns":3},{"damage":16,"enemies":"theJungle:MUSHROOMGANG","floor":22,"turns":2},{"damage":12,"enemies":"theJungle:JungleHuntersEncounter","floor":24,"turns":4},{"damage":13,"enemies":"theJungle:Cassacara","floor":25,"turns":4},{"damage":7,"enemies":"theJungle:2_Flameangoes","floor":28,"turns":4},{"damage":23,"enemies":"theJungle:2_Phrogs","floor":29,"turns":4},{"damage":41,"enemies":"theJungle:FunGuy","floor":33,"turns":7},{"damage":4,"enemies":"Hallownest:2_Littles","floor":35,"turns":4},{"damage":5,"enemies":"Hallownest:3_Siblings","floor":36,"turns":7},{"damage":2,"enemies":"Hallownest:2_Wing_and_1_Kings","floor":38,"turns":5},{"damage":0,"enemies":"Hallownest:StalkingDevout","floor":41,"turns":2},{"damage":38,"enemies":"Hallownest:Slobbering_and_Violent","floor":42,"turns":7},{"damage":8,"enemies":"Hallownest:Shield_Sturdy","floor":44,"turns":5},{"damage":15,"enemies":"Hallownest:eliteHiveKnight","floor":46,"turns":8},{"damage":0,"enemies":"Hallownest:eliteCollector","floor":48,"turns":7},{"damage":35,"enemies":"Hallownest:Radiance","floor":50,"turns":15}],"seed_played":"-5686951145274176706","potions_obtained":[{"floor":2.0,"key":"EntropicBrew"},{"floor":6.0,"key":"AttackPotion"},{"floor":8.0,"key":"FairyPotion"},{"floor":11.0,"key":"Strength Potion"},{"floor":12.0,"key":"Dexterity Potion"},{"floor":18,"key":"StancePotion"},{"floor":28,"key":"GamblersBrew"},{"floor":33,"key":"Venom Potion"},{"floor":36,"key":"AttackPotion"},{"floor":38,"key":"BottledMiracle"},{"floor":44,"key":"Explosive Potion"},{"floor":48,"key":"AttackPotion"}],"is_trial":false,"path_per_floor":["M","M","?","M","M","E","R","E","T","E","M","E","$","M","R","B",null,"M","?","?","$","M","R","M","E","T","R","M","E","R","?","R","B",null,"M","M","?","M","$","R","E","M","T","M","R","E","R","E","R","B",null],"character_chosen":"WATCHER","items_purchased":["Mayhem","expansioncontent:HyperBeam","Lee\u0027s Waffle","Strange Spoon","Bag of Marbles"],"campfire_rested":7,"item_purchase_floors":[13,13,21,39,39],"current_hp_per_floor":[65,65,65,62,58,58,58,58,58,56,56,48,48,44,44,44,65,55,55,55,79,63,79,67,54,54,77,70,47,70,70,79,43,70,67,65,65,64,64,79,79,45,45,42,65,64,79,79,79,69],"gold":252,"neow_bonus":"BOSS_RELIC","is_daily":false,"chose_seed":false,"campfire_upgraded":2,"win_rate":0.0,"timestamp":1609973731,"path_taken":["M","M","?","M","?","E","R","E","T","E","M","E","$","M","R","BOSS","M","?","?","$","M","R","M","E","T","R","M","E","R","?","R","BOSS","M","M","?","M","$","R","E","M","T","M","R","E","R","E","R","BOSS"],"items_purchased_type":["Card","Card","Relic","Relic","Relic"],"build_version":"2020-12-22","purchased_purges":0,"victory":true,"max_hp_per_floor":[72,72,72,72,72,72,72,72,72,72,72,72,72,72,72,72,72,72,72,72,79,79,79,79,79,79,79,79,79,79,79,79,79,79,79,79,79,79,79,79,79,79,79,79,79,79,79,79,79,79],"card_choices":[{"not_picked":["CrushJoints","Consecrate"],"picked":"Protect","floor":1.0},{"not_picked":["Fasting2","InnerPeace"],"picked":"Replay:Battleflow","floor":2.0},{"not_picked":["Replay:ManipulateFuture","Replay:BluntJabs"],"picked":"PathToVictory","floor":4.0},{"not_picked":["WreathOfFlame","Replay:AtTheReady"],"picked":"PathToVictory","floor":5.0},{"not_picked":["WheelKick","BowlingBash"],"picked":"Crescendo","floor":6.0},{"not_picked":["Prostrate","SignatureMove"],"picked":"FearNoEvil","floor":8.0},{"not_picked":["WheelKick","Pray"],"picked":"InnerPeace","floor":10.0},{"not_picked":["Replay:Anticipation","Replay:BluntJabs"],"picked":"FlurryOfBlows","floor":11.0},{"not_picked":["Replay:Cycle","Replay:Vibes"],"picked":"BowlingBash","floor":12.0},{"not_picked":["Halt","Replay:Vibes"],"picked":"WheelKick","floor":14.0},{"not_picked":["LessonLearned","Scrawl"],"picked":"Replay:LoomingThreat","floor":16.0},{"not_picked":["SashWhip+1","InnerPeace"],"picked":"EmptyFist+1","floor":18},{"not_picked":["Vengeance","EmptyMind"],"picked":"EmptyFist+1","floor":22},{"not_picked":["Halt","Replay:AtTheReady"],"picked":"BowlingBash+1","floor":24},{"not_picked":["Replay:AtTheReady","SignatureMove"],"picked":"Tantrum+1","floor":25},{"not_picked":["Vengeance","Blasphemy"],"picked":"EmptyBody","floor":28},{"not_picked":["JustLucky","Replay:Anticipation"],"picked":"CarveReality","floor":29},{"not_picked":["SashWhip","Protect"],"picked":"Judgement","floor":31},{"not_picked":["Blasphemy","Devotion"],"picked":"Wish","floor":33},{"not_picked":["SashWhip","Replay:Hum+1"],"picked":"BowlingBash","floor":35},{"not_picked":["Sanctity","Weave+1"],"picked":"WaveOfTheHand+1","floor":36},{"not_picked":["FearNoEvil+1","JustLucky"],"picked":"Meditate+1","floor":38},{"not_picked":["Conclude","Replay:BluntJabs"],"picked":"TalkToTheHand+1","floor":41},{"not_picked":["EmptyFist+1","ClearTheMind"],"picked":"Replay:DivineShield+1","floor":42},{"not_picked":["CarveReality+1","Consecrate"],"picked":"ClearTheMind+1","floor":44},{"not_picked":["Prostrate+1","FearNoEvil"],"picked":"Evaluate","floor":46},{"not_picked":["EmptyFist+1","Replay:AtTheReady+1"],"picked":"Evaluate","floor":48}],"player_experience":2202420,"relics_obtained":[{"floor":6.0,"key":"Nunchaku"},{"floor":8.0,"key":"InkBottle"},{"floor":9.0,"key":"Vajra"},{"floor":10.0,"key":"Orichalcum"},{"floor":12.0,"key":"Centennial Puzzle"},{"floor":20,"key":"Ring of Misfortune"},{"floor":20,"key":"ReplayTheSpireMod:Ring of Exchange"},{"floor":25,"key":"Juzu Bracelet"},{"floor":26,"key":"Pantograph"},{"floor":29,"key":"hubris:FunFungus"},{"floor":41,"key":"Boot"},{"floor":43,"key":"War Paint"},{"floor":46,"key":"HollowMod:PaleOreRelic"},{"floor":48,"key":"Yang"}],"event_choices":[{"cards_removed":["Strike_P"],"damage_healed":0.0,"max_hp_gain":0.0,"max_hp_loss":0.0,"gold_gain":0.0,"event_name":"Bonfire Elementals","player_choice":"Offered Basic","floor":3.0,"gold_loss":0.0,"damage_taken":0.0}],"is_beta":false,"boss_relics":[{"not_picked":["hubris:HollowSoul","conspire:SeveredTorchhead"],"picked":"Fusion Hammer"},{"not_picked":["hubris:BlackHole","Coffee Dripper"],"picked":"Runesmith:UraniumAnvil"}],"items_purged_floors":[],"is_endless":false,"potions_floor_spawned":[2,6,8,11,12,18,28,33,36,38,44,48],"ascension_level":7}}