{"host":"bxdue9bkfm2khp2x","time":1609929210,"event":{"mods":["ATMod(阿瑾Mod)","Aspiration","BaseMod","Better Vampires","Challenge The Spire","Colored Powertips","Conspire","Decade(王小明)","Dota2Spire","Highlight Path","Marisa（F雨　魔理沙）","Minty Spire (QoL Compilation)","MostiFishMod","Replay The Spire","RumiaBox-露米娅的神秘盒子","Spicy Shops","StSLib","Td1madao Mod","The Alterego","The Cursed","The Servant 0.9.4","WarShipGirlsR/战舰少女R mod","Youmu（魂魄妖梦）","noobMod","vexMod","【功能Mod】混沌之环修复补丁","【遗物卡牌】REMEMod","篝火指南"],"gold_per_floor":[118,132,149,149,149,149,181,181,230,230,276,276,50,69,69,141,141,161,161,36,36,61,61,77,77,103,103,115,135,185,185,185,260,260,271,282,282,301,320,320,347,347,347,359,543,543,558,25,25,25,25],"floor_reached":52,"playtime":3082,"items_purged":["Strike_MRS","Defend_MRS","vexMod:UltimateCard","Strike_MRS","Strike_MRS","Parasite"],"score":1843,"play_id":"1c500769-43ca-42f7-b9d5-862ad4816d2e","local_time":"20210106183330","is_ascension_mode":true,"campfire_choices":[{"data":"SprinkleStarSeal","floor":6,"key":"SMITH"},{"data":"AsteroidBelt","floor":8,"key":"SMITH"},{"data":"OortCloud","floor":10,"key":"SMITH"},{"data":"EnergyFlow","floor":12,"key":"SMITH"},{"data":"EnergyFlow","floor":15,"key":"SMITH"},{"data":"OortCloud","floor":23,"key":"SMITH"},{"data":"UltimateShortwave","floor":25,"key":"SMITH"},{"data":"AT_EmpoweredMortalDraw","floor":27,"key":"SMITH"},{"data":"OortCloud","floor":32,"key":"SMITH"},{"data":"MillisecondPulsars","floor":40,"key":"SMITH"},{"floor":46,"key":"REST"},{"floor":49,"key":"REST"}],"circlet_count":0,"master_deck":["AscendersBane","Strike_MRS","Defend_MRS","Defend_MRS","Defend_MRS","MasterSpark","UpSweep","OortCloud+1","AT_LightSaberMaster+1","AsteroidBelt+1","SprinkleStarSeal+1","EnergyFlow+1","EnergyFlow+1","GrandCross","MillisecondPulsars+1","AT_EmpoweredMortalDraw+1","EarthLightRay","OortCloud+1","UltimateShortwave+1","MilkyWay","OortCloud+1","FinalSpark","EnergyRecoil+1","SporeBomb","ChargingUp","EnergyFlow"],"relics":["MiniHakkero","DaveBox","REME_ComplimentaryCards","ice","AT_ATBox","SentryEyes","NeowsBlessing","SynthV:TestCard","Prayer Wheel","Dota2Spire:Vanguard","AT_MortalBlade","aspiration:Stabinomicon","ReplayTheSpireMod:CursedCoin","Dream Catcher","Dota2Spire:BladeMail","REME_ChargedStone","Gremlin Horn","AT_TimeSand","Regal Pillow"],"acts_visited":["Exordium","TheCity","TheBeyond"],"potions_floor_usage":[7,11,30,30,38,42,47,50],"damage_taken":[{"damage":0.0,"enemies":"Cultist","floor":1.0,"turns":1.0},{"damage":0.0,"enemies":"Small Slimes","floor":2.0,"turns":1.0},{"damage":0.0,"enemies":"Jaw Worm","floor":3.0,"turns":1.0},{"damage":0,"enemies":"3 Sentries","floor":7,"turns":3},{"damage":0,"enemies":"Exordium Thugs","floor":11,"turns":3},{"damage":0,"enemies":"Looter","floor":14,"turns":2},{"damage":1,"enemies":"The Guardian","floor":16,"turns":8},{"damage":4,"enemies":"Shell Parasite","floor":18,"turns":4},{"damage":0,"enemies":"2 Thieves","floor":24,"turns":1},{"damage":12,"enemies":"Chosen and Byrds","floor":28,"turns":4},{"damage":0,"enemies":"Snecko","floor":29,"turns":2},{"damage":0,"enemies":"Sentry and Sphere","floor":30,"turns":4},{"damage":7,"enemies":"Automaton","floor":33,"turns":8},{"damage":15,"enemies":"3 Darklings","floor":35,"turns":3},{"damage":0,"enemies":"Orb Walker","floor":36,"turns":4},{"damage":9,"enemies":"Spire Growth","floor":38,"turns":5},{"damage":17,"enemies":"3 Darklings","floor":39,"turns":3},{"damage":0,"enemies":"R_Hoarder","floor":41,"turns":7},{"damage":0,"enemies":"Jaw Worm Horde","floor":42,"turns":1},{"damage":8,"enemies":"Spire Growth","floor":44,"turns":6},{"damage":1,"enemies":"Writhing Mass","floor":47,"turns":5},{"damage":38,"enemies":"Donu and Deca","floor":50,"turns":9},{"damage":19,"enemies":"conspire:OrnateMirror","floor":51,"turns":11}],"seed_played":"-8492391881639422767","potions_obtained":[{"floor":1.0,"key":"ColorlessPotion"},{"floor":7,"key":"REME_GoldPotion"},{"floor":14,"key":"BlessingOfTheForge"},{"floor":28,"key":"LifebloodPotion"},{"floor":29,"key":"REME_GoldPotion"},{"floor":37,"key":"Ancient Potion"},{"floor":37,"key":"SmokeBomb"},{"floor":38,"key":"AttackPotion"},{"floor":44,"key":"Energy Potion"}],"is_trial":false,"path_per_floor":["M","M","M","?","?","R","E","R","T","R","M","R","$","M","R","B",null,"M","?","$","?","T","R","M","R","T","R","M","M","M","?","R","B",null,"M","M","?","M","M","R","E","M","T","M","?","R","M","$","R","B","B",null],"character_chosen":"MARISA","items_purchased":["EnergyFlow","ReplayTheSpireMod:CursedCoin","Regal Pillow"],"campfire_rested":2,"item_purchase_floors":[13,20,48],"current_hp_per_floor":[63,63,63,70,70,70,70,70,70,70,70,70,70,70,70,69,70,66,45,45,49,49,49,49,49,49,49,41,41,45,41,41,38,62,47,51,51,46,33,33,49,49,49,45,17,38,41,41,67,35,24],"gold":25,"neow_bonus":"THREE_ENEMY_KILL","is_daily":false,"chose_seed":false,"campfire_upgraded":10,"win_rate":0.0,"timestamp":1609929210,"path_taken":["M","M","M","?","?","R","E","R","T","R","M","R","$","?","R","BOSS","M","?","$","?","?","R","M","R","T","R","?","M","M","?","R","BOSS","M","M","?","?","M","R","E","?","T","M","?","R","M","$","R","BOSS","BOSS"],"items_purchased_type":["Card","Relic","Relic"],"build_version":"2020-12-22","purchased_purges":6,"victory":true,"max_hp_per_floor":[70,70,70,70,70,70,70,70,70,70,70,70,70,70,70,70,70,70,70,70,70,70,70,70,70,70,70,70,70,70,70,70,70,70,70,70,70,70,70,70,70,70,70,70,70,70,70,67,67,67,67],"card_choices":[{"not_picked":["IllusionStar","DC"],"picked":"AsteroidBelt","floor":1.0},{"not_picked":["EnergyRecoil","MysteriousBeam","LuminesStrike","ShootingEcho"],"picked":"SprinkleStarSeal","floor":2.0},{"not_picked":["Occultation","AsteroidBelt","UnstableBomb","MagicChant","DoubleSpark"],"picked":"SKIP","floor":3.0},{"not_picked":["WitchOfGreed","ShootingEcho","MysteriousBeam","StarDustReverie"],"picked":"EnergyFlow","floor":7},{"not_picked":["SporeBomb","UnstableBomb","IllusionStar","MysteriousBeam","WitchLeyline"],"picked":"SKIP","floor":11},{"not_picked":["OneTimeOff","ChargingUp","DragonMeteor","OpenUniverse","Occultation"],"picked":"SKIP","floor":11},{"not_picked":["AlicesGift","Acceleration","AsteroidBelt","SporeBomb"],"picked":"GrandCross","floor":14},{"not_picked":["ChargeUpSpray","Acceleration","AsteroidBelt","WitchOfGreed","ShootingEcho"],"picked":"SKIP","floor":14},{"not_picked":["JA","CasketOfStar","EscapeVelocity","StarDustReverie"],"picked":"MillisecondPulsars","floor":16},{"not_picked":["ShootTheMoon","Robbery","PropBag+1","NonDirectionalLaser"],"picked":"EarthLightRay","floor":18},{"not_picked":["IllusionStar","PowerUp","StarBarrage","WitchOfGreed"],"picked":"OortCloud","floor":18},{"not_picked":["ShootTheMoon","PowerUp","Acceleration","DragonMeteor"],"picked":"UltimateShortwave","floor":24},{"not_picked":["UnstableBomb","Acceleration","MysteriousBeam","PulseMagic+1","MagicChant"],"picked":"SKIP","floor":24},{"not_picked":["Singularity","IllusionStar","GalacticHalo","MysteriousBeam"],"picked":"MilkyWay","floor":28},{"not_picked":["Robbery","GrandCross","ChargingUp","6A","AsteroidBelt"],"picked":"SKIP","floor":28},{"not_picked":["Acceleration","LuminesStrike+1","ShootingEcho","WitchLeyline+1","SporeBomb"],"picked":"SKIP","floor":29},{"not_picked":["AsteroidBelt","LuminesStrike","WitchLeyline","DoubleSpark","MilkyWay"],"picked":"SKIP","floor":29},{"not_picked":["ShootTheMoon","PowerUp","EventHorizon","SprinkleStarSeal"],"picked":"OortCloud","floor":30},{"not_picked":["MachineGunSpark","EscapeVelocity","SporeBomb","MilkyWay","NonDirectionalLaser"],"picked":"SKIP","floor":30},{"not_picked":["StarDustReverie","CollectingQuirk","JA","UltimateShortwave"],"picked":"FinalSpark","floor":33},{"not_picked":["DoubleSpark+1","SporeBomb","DragonMeteor+1","Occultation","6A"],"picked":"SKIP","floor":35},{"not_picked":["6A","MysteriousBeam","DragonMeteor","MilkyWay","Robbery+1"],"picked":"SKIP","floor":35},{"not_picked":["DragonMeteor","PowerUp","WitchLeyline","ManaConvection","EventHorizon"],"picked":"SKIP","floor":36},{"not_picked":["GravityBeat+1","StarBarrage","6A","OneTimeOff","LuminesStrike"],"picked":"SKIP","floor":36},{"not_picked":["PulseMagic","Robbery","DarkSpark+1","GasGiant"],"picked":"EnergyRecoil+1","floor":38},{"not_picked":["PropBag","SprinkleStarSeal","PowerUp","StarlightTyphoon","TreasureHunter"],"picked":"SKIP","floor":38},{"not_picked":["GasGiant","DarkMatter","GravityBeat","MeteoricShower+1"],"picked":"SporeBomb","floor":39},{"not_picked":["MilkyWay+1","GalacticHalo","UnstableBomb","EarthLightRay","MysteriousBeam"],"picked":"SKIP","floor":39},{"not_picked":["LuminesStrike+1","ManaConvection","UltimateShortwave","Acceleration","Robbery"],"picked":"SKIP","floor":41},{"not_picked":["SporeBomb","WitchOfGreed","GalacticHalo","DeepEcoloBomb"],"picked":"ChargingUp","floor":44},{"not_picked":["EnergyRecoil","EventHorizon","MilkyWay+1","GrandCross","MysteriousBeam+1"],"picked":"SKIP","floor":44},{"not_picked":["6A","FairyDestructionRay","PowerUp","OneTimeOff","RefractionSpark"],"picked":"SKIP","floor":47},{"not_picked":["WitchOfGreed","6A+1","DoubleSpark","Occultation+1","StarlightTyphoon"],"picked":"SKIP","floor":47},{"not_picked":["PowerUp","OneTimeOff","MysteriousBeam","Acceleration"],"picked":"EnergyFlow","floor":49}],"player_experience":1344564,"relics_obtained":[{"floor":1.0,"key":"SynthV:TestCard"},{"floor":7,"key":"Prayer Wheel"},{"floor":9,"key":"Dota2Spire:Vanguard"},{"floor":19,"key":"aspiration:Stabinomicon"},{"floor":22,"key":"Dream Catcher"},{"floor":26,"key":"Dota2Spire:BladeMail"},{"floor":41,"key":"Gremlin Horn"},{"floor":43,"key":"AT_TimeSand"}],"event_choices":[{"damage_healed":0,"gold_gain":0,"player_choice":"Forge","damage_taken":0,"max_hp_gain":0,"max_hp_loss":0,"event_name":"Accursed Blacksmith","floor":5,"gold_loss":0,"cards_upgraded":["AT_LightSaberMaster"]},{"damage_healed":0,"gold_gain":0,"player_choice":"Obtained Book","damage_taken":21,"max_hp_gain":0,"max_hp_loss":0,"event_name":"Cursed Tome","floor":19,"gold_loss":0},{"damage_healed":0,"gold_gain":0,"player_choice":"Leave","damage_taken":0,"max_hp_gain":0,"max_hp_loss":0,"event_name":"conspire:Investor","floor":31,"gold_loss":0},{"damage_healed":0,"gold_gain":0,"player_choice":"Got Potions","damage_taken":0,"max_hp_gain":0,"max_hp_loss":0,"event_name":"Lab","floor":37,"gold_loss":0}],"is_beta":false,"boss_relics":[{"not_picked":["Transparent","TimeKeys"],"picked":"AT_MortalBlade"},{"not_picked":["Cursed Key","Painkiller Herb"],"picked":"REME_ChargedStone"}],"items_purged_floors":[13,13,20,20,48,48],"is_endless":false,"potions_floor_spawned":[1,7,14,28,29,38,42,44],"ascension_level":20}}