{"host":"yw3evqd6vz25gg9c","time":1609920738,"event":{"mods":["2.2 Compatiblity","BaseMod","Custom Start","Downfall","Minty Spire (QoL Compilation)","Replay The Spire","StSLib","slay the spire mod where everything is the same but ironclad has a cowboy hat"],"gold_per_floor":[109,109,35,55,75,75,95,95,95,95,110,70,90,100,100,204,254,265,265,282,300,3,3,20,31,31,31,48,148,159,159,159,264,264,276,276,276,129,143,175,175,275,275,303,321,346,360,371,371,371,371,371,13,48,48],"floor_reached":56,"playtime":4517,"items_purged":["Strike_G"],"score":1083,"play_id":"d6d05748-26fc-406f-96ed-eedcc20c7f9f","local_time":"20210106011218","is_ascension_mode":false,"campfire_choices":[{"data":"Finisher","floor":6.0,"key":"SMITH"},{"floor":15.0,"key":"REST"},{"data":"Blade Dance","floor":23.0,"key":"SMITH"},{"data":"Blade Dance","floor":27.0,"key":"SMITH"},{"floor":32.0,"key":"RECALL"},{"data":"Backstab","floor":41.0,"key":"SMITH"},{"data":"Caltrops","floor":52.0,"key":"SMITH"}],"circlet_count":0,"master_deck":["Strike_G","Strike_G","Defend_G+1","Defend_G","Survivor","Neutralize","Backstab","Hidden Blade","Finisher+1","Flying Knee","After Image+1","Backstab+1","PiercingWail","Dagger Throw","Malaise","Deflect","Blade Dance+1","Blade Dance+1","Masterful Stab+1","Prepared","AbeCurse","Accuracy","Caltrops+1","Slice+1","Endless Agony","Cloak And Dagger+1","Blade Dance+1","ReplayTheSpireMod:IOU","Cloak And Dagger+1"],"relics":["Replay:Drink Me","CaptainsWheel","Tiny House","TwistedFunnel","Strawberry","Matryoshka","Unceasing Top","Mummified Hand","WristBlade","Question Card","Bag of Marbles","Tough Bandages","Replay:Kaleidoscope","Replay:Wax Seal","OrangePellets","HornCleat","Pen Nib"],"acts_visited":["Exordium","TheCity","TheBeyond","TheEnding"],"potions_floor_usage":[55,55,55],"damage_taken":[{"damage":0.0,"enemies":"Jaw Worm","floor":1.0,"turns":6.0},{"damage":0.0,"enemies":"Cultist","floor":4.0,"turns":3.0},{"damage":0.0,"enemies":"2 Louse","floor":5.0,"turns":4.0},{"damage":3.0,"enemies":"Lots of Slimes","floor":7.0,"turns":3.0},{"damage":6.0,"enemies":"2 Fungi Beasts","floor":11.0,"turns":4.0},{"damage":5.0,"enemies":"Exordium Thugs","floor":13.0,"turns":4.0},{"damage":7.0,"enemies":"Looter","floor":14.0,"turns":2.0},{"damage":9.0,"enemies":"The Guardian","floor":16.0,"turns":12.0},{"damage":0.0,"enemies":"3 Byrds","floor":18.0,"turns":3.0},{"damage":0.0,"enemies":"Chosen","floor":20.0,"turns":4.0},{"damage":0.0,"enemies":"Sentry and Sphere","floor":21.0,"turns":5.0},{"damage":0.0,"enemies":"3 Cultists","floor":24.0,"turns":5.0},{"damage":0.0,"enemies":"Cultist and Chosen","floor":25.0,"turns":5.0},{"damage":0.0,"enemies":"Centurion and Healer","floor":28.0,"turns":4.0},{"damage":0.0,"enemies":"Colosseum Slavers","floor":29.0,"turns":4.0},{"damage":0.0,"enemies":"Colosseum Nobs","floor":29.0,"turns":4.0},{"damage":0.0,"enemies":"Shelled Parasite and Fungi","floor":30.0,"turns":4.0},{"damage":0.0,"enemies":"Pondfish","floor":33.0,"turns":11.0},{"damage":0.0,"enemies":"3 Darklings","floor":35.0,"turns":3.0},{"damage":0.0,"enemies":"3 Shapes","floor":39.0,"turns":3.0},{"damage":7.0,"enemies":"Reptomancer","floor":40.0,"turns":4.0},{"damage":0.0,"enemies":"Giant Head","floor":44.0,"turns":6.0},{"damage":0.0,"enemies":"Maw","floor":45.0,"turns":4.0},{"damage":0.0,"enemies":"Reptomancer","floor":46.0,"turns":4.0},{"damage":0.0,"enemies":"Jaw Worm Horde","floor":47.0,"turns":2.0},{"damage":0.0,"enemies":"3 Darklings","floor":48.0,"turns":3.0},{"damage":38.0,"enemies":"Time Eater","floor":50.0,"turns":8.0},{"damage":0.0,"enemies":"Shield and Spear","floor":54.0,"turns":5.0},{"damage":0,"enemies":"The Heart","floor":55,"turns":7}],"seed_played":"-1473739531943862610","potions_obtained":[{"floor":5.0,"key":"Weak Potion"},{"floor":12.0,"key":"Ancient Potion"},{"floor":12.0,"key":"Fire Potion"},{"floor":12.0,"key":"Venom Potion"},{"floor":13.0,"key":"Explosive Potion"},{"floor":14.0,"key":"FearPotion"},{"floor":16.0,"key":"DistilledChaos"},{"floor":20.0,"key":"Elixir"},{"floor":21.0,"key":"Adrenaline Potion"},{"floor":30.0,"key":"ColorlessPotion"},{"floor":39.0,"key":"ColorlessPotion"},{"floor":40.0,"key":"Dexterity Potion"},{"floor":45.0,"key":"PowerPotion"},{"floor":48.0,"key":"Toxic Potion"},{"floor":54.0,"key":"GhostInAJar"}],"is_trial":false,"path_per_floor":["M","?","$","M","M","R","M","?","T","$","M","?","M","M","R","B",null,"M","?","M","M","$","R","M","M","T","R","M","?","M","?","R","B",null,"M","?","?","$","M","E","R","?","T","E","M","E","M","M","R","B",null,"R","$","E","B",null],"character_chosen":"THE_SILENT","items_purchased":["Hidden Blade","Flying Knee","TwistedFunnel","Strawberry","Caltrops","Replay:Wax Seal","OrangePellets","HornCleat","PowerPotion"],"campfire_rested":1,"item_purchase_floors":[3,3,22,22,38,53,53,53,53],"current_hp_per_floor":[53,53,53,53,53,53,50,50,50,50,44,44,39,32,47,38,58,58,58,58,58,65,65,65,65,65,65,65,65,65,65,65,65,65,65,65,65,65,65,58,58,58,58,58,58,58,58,58,65,27,65,65,65,65,65],"gold":48,"neow_bonus":"BOSS_RELIC","is_daily":false,"chose_seed":false,"campfire_upgraded":5,"win_rate":0.0,"timestamp":1609920738,"path_taken":["M","?","$","?","?","R","M","?","T","$","?","?","M","M","R","BOSS","M","?","M","M","$","R","M","M","T","R","M","?","M","?","R","BOSS","M","?","?","$","M","E","R","?","T","E","?","E","M","M","R","BOSS","R","$","E","BOSS"],"items_purchased_type":["Card","Card","Relic","Relic","Card","Relic","Relic","Relic","Potion"],"build_version":"2020-12-22","purchased_purges":1,"victory":true,"max_hp_per_floor":[53,53,53,53,53,53,53,53,53,53,53,53,53,53,53,53,58,58,58,58,58,65,65,65,65,65,65,65,65,65,65,65,65,65,65,65,65,65,65,65,65,65,65,65,65,65,65,65,65,65,65,65,65,65,65],"card_choices":[{"not_picked":["Flying Knee","Quick Slash"],"picked":"Backstab","floor":1.0},{"not_picked":["Dodge and Roll","Deadly Poison"],"picked":"Finisher","floor":4.0},{"not_picked":["Poisoned Stab","PiercingWail"],"picked":"Flying Knee","floor":5.0},{"not_picked":["Masterful Stab","Acrobatics"],"picked":"After Image","floor":7.0},{"not_picked":["Dagger Spray","Blade Dance"],"picked":"Backstab","floor":11.0},{"not_picked":["Tactician","Well Laid Plans"],"picked":"PiercingWail","floor":13.0},{"not_picked":["Crippling Poison","Poisoned Stab"],"picked":"Dagger Throw","floor":14.0},{"not_picked":["Venomology","ReplayTheSpireMod:Necrosis"],"picked":"Malaise","floor":16.0},{"not_picked":["Poisoned Stab","Caltrops"],"picked":"Deflect","floor":17.0},{"not_picked":["Poisoned Stab+1","Replay:Poison Smokescreen","Sucker Punch"],"picked":"SKIP","floor":18.0},{"not_picked":["Tactician","ReplayTheSpireMod:Exploit Weakness"],"picked":"Blade Dance","floor":20.0},{"not_picked":["Deflect","Outmaneuver"],"picked":"Blade Dance","floor":21.0},{"not_picked":["Acrobatics+1","Quick Slash+1","Riddle With Holes"],"picked":"SKIP","floor":24.0},{"not_picked":["Sucker Punch","ReplayTheSpireMod:From All Sides","Backflip"],"picked":"SKIP","floor":25.0},{"not_picked":["Underhanded Strike","Dagger Throw"],"picked":"Masterful Stab","floor":28.0},{"not_picked":["ReplayTheSpireMod:Scrap Shanks+1","Calculated Gamble+1"],"picked":"Prepared","floor":30.0},{"not_picked":["Acrobatics+1","Prepared"],"picked":"Accuracy","floor":35.0},{"not_picked":["Outmaneuver","Quick Slash+1"],"picked":"Slice+1","floor":39.0},{"not_picked":["Flying Knee+1","Dash+1","Eviscerate+1"],"picked":"SKIP","floor":40.0},{"not_picked":["ReplayTheSpireMod:The Works+1","Quick Slash","Draining Mist+1","Poisoned Stab+1"],"picked":"SKIP","floor":44.0},{"not_picked":["ReplayTheSpireMod:The Works","Poison Darts","Bane+1"],"picked":"Endless Agony","floor":45.0},{"not_picked":["Dagger Spray","Replay:Poison Smokescreen+1","Bouncing Flask+1"],"picked":"Cloak And Dagger+1","floor":46.0},{"not_picked":["Flying Knee+1","Quick Slash","Well Laid Plans+1","Malaise"],"picked":"SKIP","floor":47.0},{"not_picked":["Underhanded Strike","Well Laid Plans","Sucker Punch"],"picked":"Blade Dance+1","floor":48.0},{"not_picked":["Poisoned Stab","Flying Knee+1","Skewer+1"],"picked":"Cloak And Dagger+1","floor":54.0}],"player_experience":151850,"relics_obtained":[{"floor":9.0,"key":"CaptainsWheel"},{"floor":26.0,"key":"Matryoshka"},{"floor":29.0,"key":"Unceasing Top"},{"floor":29.0,"key":"Mummified Hand"},{"floor":40.0,"key":"Question Card"},{"floor":43.0,"key":"Bag of Marbles"},{"floor":44.0,"key":"Tough Bandages"},{"floor":46.0,"key":"Replay:Kaleidoscope"},{"floor":54.0,"key":"Pen Nib"}],"event_choices":[{"cards_removed":["Strike_G"],"damage_healed":0.0,"max_hp_gain":0.0,"max_hp_loss":0.0,"gold_gain":0.0,"event_name":"Bonfire Elementals","player_choice":"Offered Basic","floor":2.0,"gold_loss":0.0,"damage_taken":0.0},{"damage_healed":0.0,"max_hp_gain":0.0,"max_hp_loss":0.0,"gold_gain":0.0,"event_name":"Upgrade Shrine","player_choice":"Upgraded","floor":8.0,"gold_loss":0.0,"damage_taken":0.0,"cards_upgraded":["After Image"]},{"damage_healed":0.0,"max_hp_gain":0.0,"max_hp_loss":0.0,"gold_gain":0.0,"event_name":"The Woman in Blue","player_choice":"Bought 3 Potions","floor":12.0,"gold_loss":0.0,"damage_taken":0.0},{"damage_healed":0.0,"max_hp_gain":0.0,"max_hp_loss":0.0,"gold_gain":0.0,"event_name":"Ghosts","player_choice":"Ignored","floor":19.0,"gold_loss":0.0,"damage_taken":0.0},{"damage_healed":0.0,"max_hp_gain":0.0,"max_hp_loss":0.0,"gold_gain":0.0,"event_name":"Colosseum","player_choice":"Fight","floor":29.0,"gold_loss":0.0,"damage_taken":0.0},{"damage_healed":0.0,"max_hp_gain":0.0,"max_hp_loss":0.0,"gold_gain":0.0,"event_name":"Colosseum","player_choice":"Fought Nobs","floor":29.0,"gold_loss":0.0,"damage_taken":0.0},{"cards_removed":["Strike_G"],"damage_healed":0.0,"max_hp_gain":0.0,"max_hp_loss":0.0,"gold_gain":0.0,"event_name":"Purifier","player_choice":"Purged","floor":31.0,"gold_loss":0.0,"damage_taken":0.0},{"damage_healed":0.0,"max_hp_gain":0.0,"max_hp_loss":0.0,"gold_gain":0.0,"event_name":"SensoryStone","player_choice":"Memory 1","floor":36.0,"gold_loss":0.0,"damage_taken":0.0},{"cards_removed":["Flying Knee"],"damage_healed":0.0,"max_hp_gain":0.0,"max_hp_loss":0.0,"gold_gain":0.0,"event_name":"Falling","player_choice":"Removed Attack","floor":37.0,"gold_loss":0.0,"damage_taken":0.0},{"damage_healed":0.0,"max_hp_gain":0.0,"max_hp_loss":0.0,"gold_gain":100.0,"event_name":"Golden Shrine","player_choice":"Pray","floor":42.0,"gold_loss":0.0,"damage_taken":0.0}],"is_beta":false,"boss_relics":[{"not_picked":["Replay:Wanted Poster","Replay:Bronze Core"],"picked":"Tiny House"},{"not_picked":["Honey Jar","Ring of Chaos"],"picked":"WristBlade"}],"items_purged_floors":[38],"is_endless":false,"potions_floor_spawned":[5,13,14,16,20,21,29,30,39,40,45,48,54],"ascension_level":0}}