{"host":"6r4na9dgjsffx65e","time":1609941218,"event":{"mods":["BaseMod","Colored Map","Colored Powertips","Minty Spire (QoL Compilation)","Relic Stats","ojb\u0027s Info Mod"],"gold_per_floor":[116,191,191,210,18,44,64,96,120,80,111,111,121,155,155,256,256,276,276,8,27,27,57,57,74,74,74,174,192,223,223,223,326,326,344,96,144,144,144,144],"floor_reached":39,"playtime":3051,"items_purged":["Strike_P"],"score":598,"play_id":"8ccef997-12aa-4ab0-b195-98a91ac2bc68","local_time":"20210106145338","is_ascension_mode":true,"campfire_choices":[{"floor":12,"key":"REST"},{"data":"DevaForm","floor":15,"key":"SMITH"},{"floor":24,"key":"RECALL"},{"data":"Apotheosis","floor":27,"key":"SMITH"},{"floor":32,"key":"REST"}],"circlet_count":0,"master_deck":["Strike_P+1","Strike_P+1","Defend_P","Defend_P","Defend_P+1","Defend_P+1","Eruption","Vigilance","Consecrate+1","EmptyBody","Evaluate+1","MentalFortress+1","DevaForm+1","SashWhip","InnerPeace","EmptyFist","CutThroughFate","LessonLearned+1","ForeignInfluence","Apotheosis+1","ThirdEye","Nirvana","FollowUp+1","Indignation","Halt+1","Devotion","Wish","JustLucky","Panacea","Wireheading"],"relics":["PureWater","NeowsBlessing","Potion Belt","PreservedInsect","Whetstone","Bag of Preparation","Akabeko","Kunai","Runic Pyramid","Question Card","Meat on the Bone","Ginger","Pantograph","Strawberry","Black Star","Omamori"],"acts_visited":["Exordium","TheCity","TheBeyond"],"potions_floor_usage":[11,13,14,16,18,21,28,28,29,35,39],"damage_taken":[{"damage":0,"enemies":"Jaw Worm","floor":1,"turns":1},{"damage":0,"enemies":"Cultist","floor":4,"turns":1},{"damage":0,"enemies":"3 Sentries","floor":6,"turns":2},{"damage":6,"enemies":"2 Louse","floor":7,"turns":4},{"damage":35,"enemies":"Gremlin Nob","floor":8,"turns":5},{"damage":0,"enemies":"Lagavulin","floor":11,"turns":3},{"damage":0,"enemies":"Large Slime","floor":13,"turns":3},{"damage":0,"enemies":"3 Sentries","floor":14,"turns":2},{"damage":13,"enemies":"Hexaghost","floor":16,"turns":10},{"damage":10,"enemies":"Shell Parasite","floor":18,"turns":4},{"damage":11,"enemies":"3 Byrds","floor":21,"turns":4},{"damage":13,"enemies":"Slavers","floor":23,"turns":4},{"damage":4,"enemies":"Snecko","floor":25,"turns":4},{"damage":14,"enemies":"Colosseum Slavers","floor":28,"turns":6},{"damage":10,"enemies":"Colosseum Nobs","floor":28,"turns":4},{"damage":5,"enemies":"Centurion and Healer","floor":29,"turns":4},{"damage":22,"enemies":"Book of Stabbing","floor":30,"turns":5},{"damage":13,"enemies":"Collector","floor":33,"turns":8},{"damage":20,"enemies":"3 Darklings","floor":35,"turns":4},{"damage":50,"enemies":"3 Shapes","floor":37,"turns":8},{"damage":21,"enemies":"Sphere and 2 Shapes","floor":39,"turns":2}],"seed_played":"7893297491644531752","potions_obtained":[{"floor":6,"key":"Energy Potion"},{"floor":7,"key":"LiquidBronze"},{"floor":8,"key":"LiquidMemories"},{"floor":10,"key":"Fire Potion"},{"floor":10,"key":"Explosive Potion"},{"floor":10,"key":"Swift Potion"},{"floor":11,"key":"Regen Potion"},{"floor":16,"key":"Weak Potion"},{"floor":23,"key":"Strength Potion"},{"floor":28,"key":"LiquidMemories"},{"floor":30,"key":"Swift Potion"},{"floor":37,"key":"BlessingOfTheForge"}],"is_trial":false,"path_per_floor":["M","?","$","M","$","E","M","E","T","?","E","R","M","E","R","B",null,"M","?","$","M","$","E","R","M","T","R","?","M","E","?","R","B",null,"M","$","M","?","M"],"character_chosen":"WATCHER","items_purchased":["Evaluate","Potion Belt","Apotheosis","ThirdEye","Omamori","Panacea"],"campfire_rested":2,"item_purchase_floors":[5,5,20,20,36,36],"current_hp_per_floor":[72,61,61,61,61,61,55,20,20,20,20,41,41,41,41,28,72,62,72,72,61,61,48,48,44,44,44,47,42,39,39,62,66,79,59,59,21,21,0,0],"gold":144,"neow_bonus":"THREE_ENEMY_KILL","is_daily":false,"chose_seed":false,"campfire_upgraded":2,"win_rate":0.0,"timestamp":1609941218,"path_taken":["M","?","$","M","$","E","M","E","T","?","E","R","M","E","R","BOSS","M","?","?","?","$","E","R","M","T","R","?","M","E","?","R","BOSS","M","$","M","?","M"],"items_purchased_type":["Card","Relic","Card","Card","Relic","Card"],"build_version":"2020-12-22","purchased_purges":1,"victory":false,"max_hp_per_floor":[72,72,72,72,72,72,72,72,72,72,72,72,72,72,72,72,72,72,72,72,72,72,72,72,72,72,72,72,72,79,79,79,79,79,79,79,79,79,79,79],"relic_stats":{"counters":[21,88],"Pantograph":17,"PreservedInsect":197,"Bag of Preparation":[32],"Black Star":0,"Whetstone":["Strike_P","Strike_P"],"Kunai":[28],"Ginger":[3],"Question Card":7,"obtain_stats":[{"Potion Belt":5,"NeowsBlessing":0,"PreservedInsect":6,"Bag of Preparation":9,"Omamori":36,"Whetstone":8,"Ginger":28,"Question Card":23,"Akabeko":11,"Pantograph":28,"Strawberry":30,"Black Star":34,"Kunai":14,"PureWater":0,"Runic Pyramid":17,"Meat on the Bone":26},{"Potion Belt":2,"NeowsBlessing":0,"PreservedInsect":3,"Bag of Preparation":5,"Omamori":19,"Whetstone":5,"Ginger":15,"Question Card":12,"Akabeko":6,"Pantograph":15,"Strawberry":17,"Black Star":18,"Kunai":8,"PureWater":0,"Runic Pyramid":9,"Meat on the Bone":13},{"Potion Belt":2,"NeowsBlessing":0,"PreservedInsect":4,"Bag of Preparation":13,"Omamori":78,"Whetstone":13,"Ginger":57,"Question Card":43,"Akabeko":16,"Pantograph":57,"Strawberry":66,"Black Star":74,"Kunai":21,"PureWater":0,"Runic Pyramid":31,"Meat on the Bone":47}],"Meat on the Bone":36},"card_choices":[{"not_picked":["SignatureMove","Tantrum"],"picked":"Consecrate","floor":1},{"not_picked":["SashWhip","Prostrate"],"picked":"EmptyBody","floor":4},{"not_picked":["SashWhip","Worship"],"picked":"MentalFortress","floor":6},{"not_picked":["Crescendo","ThirdEye"],"picked":"DevaForm","floor":7},{"not_picked":["DevaForm","FlyingSleeves"],"picked":"SashWhip","floor":8},{"not_picked":["Consecrate","WindmillStrike"],"picked":"InnerPeace","floor":11},{"not_picked":["CrushJoints","EmptyBody"],"picked":"EmptyFist","floor":13},{"not_picked":["Prostrate","SashWhip"],"picked":"CutThroughFate","floor":14},{"not_picked":["Scrawl","Brilliance"],"picked":"LessonLearned","floor":16},{"not_picked":["Tantrum+1","WindmillStrike+1"],"picked":"ForeignInfluence","floor":18},{"not_picked":["Evaluate+1","InnerPeace"],"picked":"Nirvana","floor":21},{"not_picked":["Study","Protect"],"picked":"FollowUp","floor":23},{"not_picked":["ForeignInfluence","Evaluate","ThirdEye","BattleHymn+1"],"picked":"SKIP","floor":25},{"not_picked":["LikeWater","JustLucky","Perseverance"],"picked":"Indignation","floor":28},{"not_picked":["CrushJoints","EmptyFist","SignatureMove"],"picked":"Halt","floor":29},{"not_picked":["FlyingSleeves+1","CrushJoints","FearNoEvil"],"picked":"Devotion","floor":30},{"not_picked":["DeusExMachina","Establishment","Vault"],"picked":"Wish","floor":33},{"not_picked":["BattleHymn","WindmillStrike+1","FlyingSleeves"],"picked":"JustLucky","floor":35},{"not_picked":["Conclude","Consecrate","JustLucky"],"picked":"Wireheading","floor":37}],"player_experience":525713,"relics_obtained":[{"floor":6,"key":"PreservedInsect"},{"floor":8,"key":"Whetstone"},{"floor":9,"key":"Bag of Preparation"},{"floor":11,"key":"Akabeko"},{"floor":14,"key":"Kunai"},{"floor":23,"key":"Question Card"},{"floor":26,"key":"Meat on the Bone"},{"floor":28,"key":"Ginger"},{"floor":28,"key":"Pantograph"},{"floor":30,"key":"Strawberry"}],"event_choices":[{"damage_healed":0,"gold_gain":75,"player_choice":"Gather Gold","damage_taken":11,"max_hp_gain":0,"max_hp_loss":0,"event_name":"World of Goop","floor":2,"gold_loss":0},{"damage_healed":0,"gold_gain":0,"player_choice":"Bought 3 Potions","damage_taken":0,"max_hp_gain":0,"max_hp_loss":0,"event_name":"The Woman in Blue","floor":10,"gold_loss":0},{"damage_healed":10,"gold_gain":0,"player_choice":"Full Heal","damage_taken":0,"max_hp_gain":0,"max_hp_loss":0,"event_name":"Wheel of Change","floor":19,"gold_loss":0},{"damage_healed":0,"gold_gain":0,"player_choice":"Fight","damage_taken":0,"max_hp_gain":0,"max_hp_loss":0,"event_name":"Colosseum","floor":28,"gold_loss":0},{"damage_healed":0,"gold_gain":0,"player_choice":"Fought Nobs","damage_taken":0,"max_hp_gain":0,"max_hp_loss":0,"event_name":"Colosseum","floor":28,"gold_loss":0},{"damage_healed":0,"gold_gain":0,"player_choice":"Ignored","damage_taken":0,"max_hp_gain":0,"max_hp_loss":0,"event_name":"Ghosts","floor":31,"gold_loss":0},{"cards_removed":["Strike_P"],"damage_healed":0,"gold_gain":0,"player_choice":"Removed Attack","damage_taken":0,"max_hp_gain":0,"max_hp_loss":0,"event_name":"Falling","floor":38,"gold_loss":0}],"is_beta":false,"boss_relics":[{"not_picked":["Runic Dome","Snecko Eye"],"picked":"Runic Pyramid"},{"not_picked":["Pandora\u0027s Box","Astrolabe"],"picked":"Black Star"}],"items_purged_floors":[20],"is_endless":false,"potions_floor_spawned":[6,7,8,11,16,23,28,28,30,37],"killed_by":"Sphere and 2 Shapes","ascension_level":3}}