{"host":"005oipbkxhicanek","time":1609900468,"event":{"mods":["AchievementEnabler","BaseMod","Colored Map","Colored Powertips","Minty Spire (QoL Compilation)"],"gold_per_floor":[109,159,178,253,71,71,89,112,124,167,167],"floor_reached":10,"playtime":405,"items_purged":["Streamline"],"score":236,"play_id":"331c6725-27d2-4821-96ba-18438c775092","local_time":"20210106033428","daily_mods":["Draft","Vintage","Diverse","Heirloom","Flight"],"is_ascension_mode":true,"campfire_choices":[{"data":"Terror","floor":6.0,"key":"SMITH"}],"circlet_count":0,"master_deck":["AscendersBane","Terror+1","Noxious Fumes","Tempest","Weave","CrushJoints","BootSequence","Self Repair","Steam+1","Scrape","Gash","Recycle+1","Go for the Eyes","JustLucky","Flying Knee","Swift Strike"],"relics":["Unceasing Top","FossilizedHelix","Tiny Chest","Bronze Scales","War Paint","MawBank","Bottled Lightning","PreservedInsect","Boot"],"acts_visited":[],"potions_floor_usage":[],"damage_taken":[{"damage":0.0,"enemies":"Cultist","floor":1.0,"turns":3.0},{"damage":0.0,"enemies":"2 Louse","floor":3.0,"turns":2.0},{"damage":0.0,"enemies":"Jaw Worm","floor":7.0,"turns":2.0},{"damage":0.0,"enemies":"2 Fungi Beasts","floor":8.0,"turns":2.0},{"damage":11.0,"enemies":"3 Sentries","floor":10.0,"turns":5.0}],"seed_played":"8336774754990195227","potions_obtained":[{"floor":7.0,"key":"Regen Potion"},{"floor":10,"key":"SteroidPotion"}],"is_trial":true,"path_per_floor":["M","T","M","?","$","R","M","M","T","E"],"character_chosen":"IRONCLAD","items_purchased":["Swift Strike"],"campfire_rested":0,"item_purchase_floors":[5],"current_hp_per_floor":[75,75,75,64,64,64,71,75,75,71,71],"gold":167,"neow_bonus":"","is_daily":false,"chose_seed":false,"campfire_upgraded":1,"win_rate":0.0,"timestamp":1609900468,"path_taken":["M","?","M","?","$","R","M","M","T","E"],"items_purchased_type":["Card"],"build_version":"2020-12-22","purchased_purges":1,"victory":false,"max_hp_per_floor":[75,75,75,75,75,75,75,75,75,75,75],"card_choices":[{"not_picked":["Blade Dance","FlyingSleeves"],"picked":"Terror","floor":0.0},{"not_picked":["Pray","Sanctity"],"picked":"Noxious Fumes","floor":0.0},{"not_picked":["EmptyMind","Evaluate"],"picked":"Tempest","floor":0.0},{"not_picked":["Warcry","Dark Embrace"],"picked":"Weave","floor":0.0},{"not_picked":["Leap","Consume"],"picked":"CrushJoints","floor":0.0},{"not_picked":["Fusion","Sucker Punch"],"picked":"BootSequence","floor":0.0},{"not_picked":["EmptyFist","Sucker Punch"],"picked":"Self Repair","floor":0.0},{"not_picked":["Bane","Blood for Blood"],"picked":"Steam","floor":0.0},{"not_picked":["WindmillStrike","Deadly Poison"],"picked":"Scrape","floor":0.0},{"not_picked":["Dodge and Roll","Glacier"],"picked":"Gash","floor":0.0},{"not_picked":["Outmaneuver","Sword Boomerang"],"picked":"Streamline","floor":0.0},{"not_picked":["Heavy Blade","CrushJoints"],"picked":"Recycle","floor":0.0},{"not_picked":["Wireheading","Intimidate"],"picked":"Go for the Eyes","floor":0.0},{"not_picked":["SashWhip","Wallop"],"picked":"JustLucky","floor":0.0},{"not_picked":["Study","Shockwave"],"picked":"Flying Knee","floor":0.0},{"not_picked":["Wraith Form v2","Entrench","Wireheading"],"picked":"SKIP","floor":10}],"player_experience":122702,"relics_obtained":[{"floor":1.0,"key":"Tiny Chest"},{"floor":2.0,"key":"Bronze Scales"},{"floor":3.0,"key":"War Paint"},{"floor":7.0,"key":"MawBank"},{"floor":8.0,"key":"Bottled Lightning"},{"floor":9.0,"key":"PreservedInsect"},{"floor":10,"key":"Boot"}],"event_choices":[{"damage_healed":0.0,"max_hp_gain":0.0,"max_hp_loss":0.0,"gold_gain":75.0,"event_name":"World of Goop","player_choice":"Gather Gold","floor":4.0,"gold_loss":0.0,"damage_taken":11.0}],"is_beta":false,"boss_relics":[],"items_purged_floors":[5],"is_endless":true,"potions_floor_spawned":[7,10],"killed_by":"3 Sentries","ascension_level":20}}