{"host":"4mxntv5hh20ijfso","time":1609925642,"event":{"mods":["2.2 Compatiblity","AchievementEnabler","BaseMod","Bestiary","Better Altar","Better Match","Better Note","Better Sensory Stone","Better Skull","Better Third Choice","Better Vampires","Energized Spire","Ironclad Rager","Marked Mod","Minty Spire (QoL Compilation)","Quick Restart","Random Character Button","Rare Cards Sparkle","Shop Mod","Spicy Shops","StSLib","Uncapped","UnlockEverythingMod","Waifu the Spire"],"gold_per_floor":[109,155,172,172,188,223,241,260,560,580,580,17,36,36,36,140,140,156,166,180,180,196,196,215,215,260,294,294,294,324,25,25,130,130,144,144,144],"floor_reached":36,"playtime":3138,"items_purged":[],"score":411,"play_id":"b6c5868e-d14e-4c2b-b051-754c65d6d269","local_time":"20210106043402","is_ascension_mode":false,"campfire_choices":[{"floor":11.0,"key":"REST"},{"data":"Apotheosis","floor":15.0,"key":"SMITH"},{"data":"Creative AI","floor":23.0,"key":"SMITH"},{"data":"Genetic Algorithm","floor":25.0,"key":"SMITH"},{"floor":29.0,"key":"RECALL"},{"floor":32.0,"key":"REST"}],"circlet_count":0,"master_deck":["Zap","ICR:ProbingStrike","ICR:ProbingStrike","ICR:ProbingStrike","ICR:ProbingStrike","ICR:AutoDefend","ICR:AutoDefend","ICR:AutoDefend","ICR:AutoDefend+1","Heatsinks","Gash","Skim","Ball Lightning","Streamline","Genetic Algorithm+1","Creative AI+1","Melter","Apotheosis+1","Force Field+1","Beam Cell","Conserve Battery","Amplify","Gash","Cold Snap","Capacitor+1","Sunder","Rebound+1","ICR:ChainLightning+1","Streamline+1","Echo Form","Gash"],"relics":["Cracked Core","White Beast Statue","Old Coin","Orichalcum","Bronze Scales","Eternal Feather","Black Star","FaceOfCleric","Boot","War Paint","Tiny Chest","Red Mask","DataDisk","MealTicket","energizedSpire:NeverEndingSparkler"],"acts_visited":["Exordium","TheCity","TheBeyond"],"potions_floor_usage":[36,36],"damage_taken":[{"damage":2.0,"enemies":"Cultist","floor":1.0,"turns":4.0},{"damage":0.0,"enemies":"2 Louse","floor":3.0,"turns":3.0},{"damage":6.0,"enemies":"Jaw Worm","floor":5.0,"turns":4.0},{"damage":28.0,"enemies":"3 Sentries","floor":6.0,"turns":11.0},{"damage":14.0,"enemies":"Red Slaver","floor":7.0,"turns":4.0},{"damage":9.0,"enemies":"Looter","floor":8.0,"turns":3.0},{"damage":6.0,"enemies":"Large Slime","floor":10.0,"turns":6.0},{"damage":3.0,"enemies":"Red Slaver","floor":13.0,"turns":4.0},{"damage":18.0,"enemies":"Hexaghost","floor":16.0,"turns":8.0},{"damage":5.0,"enemies":"Shell Parasite","floor":18.0,"turns":4.0},{"damage":15.0,"enemies":"2 Thieves","floor":19.0,"turns":5.0},{"damage":25.0,"enemies":"Snake Plant","floor":20.0,"turns":5.0},{"damage":14.0,"enemies":"Centurion and Healer","floor":22.0,"turns":7.0},{"damage":2.0,"enemies":"Snecko","floor":24.0,"turns":4.0},{"damage":23.0,"enemies":"Book of Stabbing","floor":27.0,"turns":6.0},{"damage":37.0,"enemies":"Masked Bandits","floor":30.0,"turns":4.0},{"damage":33.0,"enemies":"Champ","floor":33.0,"turns":11.0},{"damage":25.0,"enemies":"Orb Walker","floor":35.0,"turns":5.0},{"damage":63,"enemies":"2 Orb Walkers","floor":36,"turns":4}],"seed_played":"-6046070626231101643","potions_obtained":[{"floor":5.0,"key":"ColorlessPotion"},{"floor":7.0,"key":"Block Potion"},{"floor":8.0,"key":"GamblersBrew"},{"floor":10.0,"key":"EssenceOfDarkness"},{"floor":13.0,"key":"SkillPotion"},{"floor":16.0,"key":"AttackPotion"},{"floor":18.0,"key":"SpeedPotion"},{"floor":19.0,"key":"EssenceOfSteel"},{"floor":20.0,"key":"AttackPotion"},{"floor":22.0,"key":"BlessingOfTheForge"},{"floor":24.0,"key":"LiquidMemories"},{"floor":27.0,"key":"CultistPotion"},{"floor":30.0,"key":"PotionOfCapacity"},{"floor":33.0,"key":"Explosive Potion"},{"floor":35.0,"key":"Weak Potion"}],"is_trial":false,"path_per_floor":["M","T","M","?","M","E","M","M","T","M","R","$","M","T","R","B",null,"M","M","M","?","M","R","M","R","T","E","?","R","?","$","R","B",null,"M","?"],"character_chosen":"DEFECT","items_purchased":["Apotheosis","Orichalcum","Force Field","Beam Cell","Bronze Scales","DataDisk","MealTicket"],"campfire_rested":2,"item_purchase_floors":[12,12,12,12,12,31,31],"current_hp_per_floor":[73,73,73,73,67,39,25,16,16,10,32,32,29,29,41,23,75,70,55,30,30,17,32,31,46,46,24,24,39,3,3,41,9,80,56,0,0],"gold":144,"neow_bonus":"DEFECT_WARDEN","is_daily":false,"chose_seed":false,"campfire_upgraded":3,"win_rate":0.0,"timestamp":1609925642,"path_taken":["M","?","?","?","M","E","M","?","T","M","R","$","M","?","R","BOSS","M","M","M","?","M","R","M","R","T","E","?","R","?","$","R","BOSS","M","?"],"items_purchased_type":["Card","Relic","Card","Card","Relic","Relic","Relic"],"build_version":"2020-12-22","purchased_purges":0,"victory":false,"max_hp_per_floor":[75,75,75,75,75,75,75,75,75,75,75,75,75,75,75,75,75,75,75,75,75,76,76,77,77,77,78,78,78,79,79,79,80,80,81,81,81],"card_choices":[{"not_picked":["Cold Snap","Steam"],"picked":"Heatsinks","floor":1.0},{"not_picked":["Redo","Undo"],"picked":"Gash","floor":3.0},{"not_picked":["Compile Driver","Streamline"],"picked":"Ball Lightning","floor":5.0},{"not_picked":["Turbo","Doom and Gloom"],"picked":"Streamline","floor":6.0},{"not_picked":["Tempest","Rebound"],"picked":"Genetic Algorithm","floor":7.0},{"not_picked":["Tempest","Coolheaded"],"picked":"Creative AI","floor":8.0},{"not_picked":["Chaos","Steam"],"picked":"Melter","floor":10.0},{"not_picked":["Coolheaded","Ball Lightning"],"picked":"Conserve Battery","floor":13.0},{"not_picked":["Hyperbeam","Multi-Cast"],"picked":"Amplify","floor":16.0},{"not_picked":["Compile Driver+1","Blizzard"],"picked":"Gash","floor":18.0},{"not_picked":["Sweeping Beam","Scrape"],"picked":"Cold Snap","floor":19.0},{"not_picked":["Reprogram","Blizzard"],"picked":"Capacitor+1","floor":20.0},{"not_picked":["Tempest+1","Streamline"],"picked":"Sunder","floor":22.0},{"not_picked":["Conserve Battery+1","Redo"],"picked":"Rebound+1","floor":24.0},{"not_picked":["Leap","Redo"],"picked":"ICR:ChainLightning+1","floor":27.0},{"not_picked":["Rainbow","Coolheaded"],"picked":"Streamline+1","floor":30.0},{"not_picked":["Core Surge","Creative AI"],"picked":"Echo Form","floor":33.0},{"not_picked":["Streamline","Barrage"],"picked":"Gash","floor":35.0}],"player_experience":8791,"relics_obtained":[{"floor":6.0,"key":"White Beast Statue"},{"floor":9.0,"key":"Old Coin"},{"floor":14.0,"key":"Eternal Feather"},{"floor":26.0,"key":"Boot"},{"floor":27.0,"key":"War Paint"},{"floor":27.0,"key":"Tiny Chest"},{"floor":30.0,"key":"Red Mask"}],"event_choices":[{"damage_healed":0.0,"max_hp_gain":0.0,"max_hp_loss":0.0,"gold_gain":0.0,"cards_transformed":["Dualcast"],"event_name":"Transmorgrifier","player_choice":"Transformed","floor":4.0,"gold_loss":0.0,"damage_taken":0.0,"cards_obtained":["Skim"]},{"damage_healed":0.0,"max_hp_gain":0.0,"max_hp_loss":0.0,"gold_gain":0.0,"event_name":"FaceTrader","player_choice":"Trade","floor":21.0,"gold_loss":0.0,"damage_taken":0.0,"relics_obtained":["FaceOfCleric"]},{"cards_removed":["Apotheosis"],"damage_healed":0.0,"max_hp_gain":0.0,"max_hp_loss":0.0,"gold_gain":0.0,"event_name":"betterNote:BetterNote","player_choice":"Give","floor":28.0,"gold_loss":0.0,"damage_taken":0.0,"cards_obtained":["None"]},{"damage_healed":0.0,"max_hp_gain":0.0,"max_hp_loss":0.0,"gold_gain":0.0,"event_name":"Masked Bandits","player_choice":"Fought Bandits","floor":30.0,"gold_loss":0.0,"damage_taken":0.0},{"damage_healed":0,"gold_gain":0,"player_choice":"Fight","damage_taken":0,"max_hp_gain":0,"max_hp_loss":0,"event_name":"Mysterious Sphere","floor":36,"gold_loss":0}],"is_beta":false,"boss_relics":[{"not_picked":["Ectoplasm","Cursed Key"],"picked":"Black Star"},{"not_picked":["SacredBark","energizedSpire:SpiderWeb"],"picked":"energizedSpire:NeverEndingSparkler"}],"items_purged_floors":[],"is_endless":false,"potions_floor_spawned":[5,7,8,10,13,16,18,19,20,22,24,27,30,33,35],"killed_by":"2 Orb Walkers","ascension_level":0}}