{"host":"9v3x998ddbx8o276","time":1609929235,"event":{"mods":["AchievementEnabler","BaseMod","Colored Map","Colored Powertips","Highlight Path","Minty Spire (QoL Compilation)","Quick Restart","Rare Cards Sparkle"],"gold_per_floor":[115,132,132,152,61,61,94,94,94,94,128,60,60,75,75,148,148,165,215,215,215],"floor_reached":20,"playtime":746,"items_purged":[],"score":360,"play_id":"398b3270-8ea1-4608-9802-85fe5f5961ab","local_time":"20210106210355","is_ascension_mode":true,"campfire_choices":[{"data":"Blade Dance","floor":6,"key":"SMITH"},{"floor":10,"key":"REST"},{"data":"Choke","floor":13,"key":"SMITH"},{"floor":15,"key":"REST"}],"circlet_count":0,"master_deck":["AscendersBane","Strike_G+1","Strike_G+1","Strike_G","Strike_G+1","Strike_G","Defend_G","Defend_G","Defend_G","Defend_G","Defend_G","Survivor","Neutralize","Sucker Punch","Poisoned Stab+1","Blade Dance+1","Swift Strike","Leg Sweep","Choke+1","Backflip","Storm of Steel","Distraction"],"relics":["SlaversCollar","Orichalcum","InkBottle","Whetstone","WristBlade"],"acts_visited":["Exordium","TheCity"],"potions_floor_usage":[7,20],"damage_taken":[{"damage":4,"enemies":"Small Slimes","floor":1,"turns":4},{"damage":0,"enemies":"2 Louse","floor":2,"turns":4},{"damage":2,"enemies":"Jaw Worm","floor":4,"turns":3},{"damage":26,"enemies":"Lagavulin","floor":7,"turns":8},{"damage":7,"enemies":"3 Sentries","floor":11,"turns":7},{"damage":8,"enemies":"Red Slaver","floor":14,"turns":4},{"damage":23,"enemies":"The Guardian","floor":16,"turns":13},{"damage":50,"enemies":"2 Thieves","floor":18,"turns":4},{"damage":2,"enemies":"Chosen","floor":20,"turns":3}],"seed_played":"3529463429504956719","potions_obtained":[{"floor":2,"key":"Regen Potion"},{"floor":4,"key":"DuplicationPotion"}],"is_trial":false,"path_per_floor":["M","M","?","M","$","R","E","?","T","R","E","?","R","M","R","B",null,"M","?","M"],"character_chosen":"THE_SILENT","items_purchased":["Swift Strike"],"campfire_rested":2,"item_purchase_floors":[5],"current_hp_per_floor":[55,55,35,33,33,33,22,27,27,48,41,41,41,33,54,31,61,11,11,9,9],"gold":215,"neow_bonus":"BOSS_RELIC","is_daily":false,"chose_seed":false,"campfire_upgraded":2,"win_rate":0.0,"timestamp":1609929235,"path_taken":["M","M","?","M","$","R","E","?","T","R","E","?","R","M","R","BOSS","M","?","M"],"items_purchased_type":["Card"],"build_version":"2020-12-22","purchased_purges":0,"victory":false,"max_hp_per_floor":[66,66,66,66,66,66,66,71,71,71,71,71,71,71,71,71,71,71,71,71,71],"card_choices":[{"not_picked":["Outmaneuver","Deflect"],"picked":"Sucker Punch","floor":1},{"not_picked":["Infinite Blades","Leg Sweep"],"picked":"Poisoned Stab","floor":2},{"not_picked":["Riddle With Holes","Dagger Spray"],"picked":"Blade Dance","floor":4},{"not_picked":["Skewer","Terror"],"picked":"Leg Sweep","floor":7},{"not_picked":["Dagger Throw","Bane"],"picked":"Choke","floor":11},{"not_picked":["Poisoned Stab","Caltrops"],"picked":"Backflip","floor":14},{"not_picked":["Bullet Time","Tools of the Trade"],"picked":"Storm of Steel","floor":16},{"not_picked":["Setup+1","Poisoned Stab"],"picked":"Distraction","floor":18}],"player_experience":2090007,"relics_obtained":[{"floor":7,"key":"Orichalcum"},{"floor":9,"key":"InkBottle"},{"floor":11,"key":"Whetstone"}],"event_choices":[{"damage_healed":0,"gold_gain":0,"player_choice":"Entered Light","damage_taken":20,"max_hp_gain":0,"max_hp_loss":0,"event_name":"Shining Light","floor":3,"gold_loss":0,"cards_upgraded":["Strike_G","Strike_G"]},{"damage_healed":0,"gold_gain":0,"player_choice":"Donut","damage_taken":0,"max_hp_gain":5,"max_hp_loss":0,"event_name":"Big Fish","floor":8,"gold_loss":0},{"damage_healed":0,"gold_gain":0,"player_choice":"Left Gold","damage_taken":0,"max_hp_gain":0,"max_hp_loss":0,"event_name":"World of Goop","floor":12,"gold_loss":68},{"damage_healed":0,"gold_gain":50,"player_choice":"Stole From Cult","damage_taken":0,"max_hp_gain":0,"max_hp_loss":0,"event_name":"Nest","floor":19,"gold_loss":0}],"is_beta":false,"boss_relics":[{"not_picked":["Ectoplasm","Velvet Choker"],"picked":"WristBlade"}],"items_purged_floors":[],"is_endless":false,"potions_floor_spawned":[2,4],"killed_by":"Chosen","ascension_level":20}}