{"host":"f5y45f7z7ziu0smp","time":1609933919,"event":{"mods":["AchievementEnabler","BaseMod","Koishi","Marisa£¨Ùöéë¡¡Øª×âÞÞ£©","Minty Spire (QoL Compilation)","StSLib","SuperFastMode","The Hierophant"],"gold_per_floor":[114,133,153,153,78,78,39,39,39,72,72,72,72,90,90,188,188,205,51,60,60,70,70,97,109,121,161,173,185,509,521,533,640,652,680,692,754,775,800,812,855,867,879,731,782,574,574,225,225,225],"floor_reached":51,"playtime":4008,"items_purged":["Masterful Stab","Acrobatics+1","Blade Dance+1","Blade Dance+1"],"score":1103,"play_id":"f386d254-3451-4ca3-8dd3-41c70591e086","local_time":"20210106205159","daily_mods":["SealedDeck","Vintage","Heirloom","Time Dilation","Flight","Lethality"],"is_ascension_mode":false,"campfire_choices":[{"data":"Blade Dance","floor":6.0,"key":"SMITH"},{"data":"Blade Dance","floor":12.0,"key":"SMITH"},{"data":"Blade Dance","floor":13.0,"key":"SMITH"},{"data":"Concentrate","floor":15.0,"key":"SMITH"},{"data":"Acrobatics","floor":23,"key":"SMITH"},{"data":"Cloak And Dagger","floor":25,"key":"PURGE"},{"data":"Blade Dance","floor":28,"key":"PURGE"},{"data":"Acrobatics","floor":29,"key":"PURGE"},{"data":"Quick Slash","floor":32,"key":"PURGE"},{"data":"Underhanded Strike","floor":40,"key":"PURGE"},{"data":"Concentrate+1","floor":49,"key":"PURGE"}],"circlet_count":0,"master_deck":["Blade Dance+1","Accuracy+1","Accuracy+1","Accuracy"],"relics":["Ring of the Snake","Tingsha","InkBottle","CeramicFish","Boot","Orichalcum","Peace Pipe","Shuriken","HoveringKite","Omamori","Lantern","The Specimen","MawBank","StrikeDummy","Ice Cream","Old Coin","SlaversCollar","Unceasing Top","Shovel","Bronze Scales","Singing Bowl","Blue Candle","Calipers","Membership Card","PreservedInsect","HandDrill","Mummified Hand"],"acts_visited":["Exordium","TheCity","TheBeyond"],"potions_floor_usage":[50],"damage_taken":[{"damage":0.0,"enemies":"2 Louse","floor":1.0,"turns":1.0},{"damage":0.0,"enemies":"Jaw Worm","floor":2.0,"turns":1.0},{"damage":0.0,"enemies":"Small Slimes","floor":3.0,"turns":1.0},{"damage":0.0,"enemies":"3 Sentries","floor":10.0,"turns":1.0},{"damage":0.0,"enemies":"Looter","floor":14.0,"turns":1.0},{"damage":0.0,"enemies":"Hexaghost","floor":16.0,"turns":1.0},{"damage":0,"enemies":"Spheric Guardian","floor":18,"turns":1},{"damage":0,"enemies":"2 Thieves","floor":22,"turns":1},{"damage":0,"enemies":"Gremlin Leader","floor":24,"turns":1},{"damage":0,"enemies":"Slavers","floor":27,"turns":1},{"damage":0,"enemies":"Snake Plant","floor":30,"turns":1},{"damage":0,"enemies":"Automaton","floor":33,"turns":1},{"damage":0,"enemies":"Orb Walker","floor":35,"turns":1},{"damage":0,"enemies":"Mind Bloom Boss Battle","floor":37,"turns":1},{"damage":0,"enemies":"3 Darklings","floor":39,"turns":1},{"damage":0,"enemies":"Reptomancer","floor":41,"turns":1},{"damage":0,"enemies":"2 Orb Walkers","floor":45,"turns":1},{"damage":0,"enemies":"Awakened One","floor":50,"turns":2}],"seed_played":"7996479946617666774","potions_obtained":[{"floor":10.0,"key":"FearPotion"},{"floor":14.0,"key":"Strength Potion"},{"floor":16.0,"key":"PowerPotion"}],"is_trial":true,"path_per_floor":["M","M","M","?","$","R","$","?","T","E","$","R","R","M","R","B",null,"M","$","?","?","M","R","E","R","T","E","R","R","M","?","R","B",null,"M","$","?","?","M","R","E","?","T","$","?","$","?","$","R","B",null],"character_chosen":"THE_SILENT","items_purchased":["Blade Dance","Lantern","Accuracy","Membership Card","PreservedInsect","HandDrill","Mummified Hand"],"campfire_rested":0,"item_purchase_floors":[7,19,44,46,48,48,48],"current_hp_per_floor":[70,70,70,70,70,70,70,70,70,70,70,70,70,70,70,70,70,70,70,70,70,70,70,70,70,70,70,70,70,70,70,70,70,70,70,70,70,70,70,70,72,68,68,68,70,70,70,70,70,70],"gold":225,"neow_bonus":"","is_daily":false,"chose_seed":false,"campfire_upgraded":5,"win_rate":0.0,"timestamp":1609933919,"path_taken":["M","M","M","?","$","R","$","?","T","E","?","R","R","M","R","BOSS","M","$","?","?","M","R","E","R","T","E","R","R","M","?","R","BOSS","M","$","?","?","?","R","E","?","T","$","?","?","?","$","R","BOSS"],"items_purchased_type":["Card","Relic","Card","Relic","Relic","Relic","Relic"],"build_version":"2020-12-22","purchased_purges":4,"victory":true,"max_hp_per_floor":[70,70,70,70,70,70,70,70,70,70,70,70,70,70,70,70,70,70,70,70,70,70,70,70,70,70,70,70,70,70,70,70,70,70,70,70,70,70,70,70,72,68,68,68,70,70,70,70,70,70],"card_choices":[{"not_picked":["Prepared","Glass Knife","Bane"],"picked":"SKIP","floor":10.0},{"not_picked":["Underhanded Strike","Blur","Masterful Stab"],"picked":"SKIP","floor":24},{"not_picked":["Flying Knee","Dagger Spray","Blade Dance"],"picked":"SKIP","floor":27},{"not_picked":["Predator","Dagger Spray+1","Sucker Punch"],"picked":"Singing Bowl","floor":41},{"not_picked":["Flying Knee+1","Cloak And Dagger+1","Slice"],"picked":"Singing Bowl","floor":45}],"player_experience":73116,"relics_obtained":[{"floor":1.0,"key":"InkBottle"},{"floor":2.0,"key":"CeramicFish"},{"floor":3.0,"key":"Boot"},{"floor":9.0,"key":"Orichalcum"},{"floor":10.0,"key":"Peace Pipe"},{"floor":14.0,"key":"Shuriken"},{"floor":18,"key":"Omamori"},{"floor":22,"key":"The Specimen"},{"floor":24,"key":"MawBank"},{"floor":26,"key":"StrikeDummy"},{"floor":27,"key":"Ice Cream"},{"floor":30,"key":"Old Coin"},{"floor":35,"key":"Unceasing Top"},{"floor":37,"key":"Shovel"},{"floor":39,"key":"Bronze Scales"},{"floor":41,"key":"Singing Bowl"},{"floor":43,"key":"Blue Candle"},{"floor":45,"key":"Calipers"}],"event_choices":[{"damage_healed":0.0,"max_hp_gain":0.0,"max_hp_loss":0.0,"gold_gain":0.0,"event_name":"Living Wall","player_choice":"Grow","floor":4.0,"gold_loss":0.0,"damage_taken":0.0,"cards_upgraded":["Accuracy"]},{"damage_healed":0.0,"max_hp_gain":0.0,"max_hp_loss":0.0,"gold_gain":0.0,"event_name":"The Cleric","player_choice":"Leave","floor":8.0,"gold_loss":0.0,"damage_taken":0.0},{"damage_healed":0,"gold_gain":0,"player_choice":"Read","damage_taken":0,"max_hp_gain":0,"max_hp_loss":0,"event_name":"The Library","floor":20,"gold_loss":0,"cards_obtained":["Blade Dance"]},{"damage_healed":0,"gold_gain":0,"player_choice":"Ignored","damage_taken":0,"max_hp_gain":0,"max_hp_loss":0,"event_name":"Vampires","floor":21,"gold_loss":0},{"damage_healed":0,"gold_gain":0,"player_choice":"Ignored","damage_taken":0,"max_hp_gain":0,"max_hp_loss":0,"event_name":"Ghosts","floor":31,"gold_loss":0},{"damage_healed":0,"gold_gain":0,"player_choice":"Fight","damage_taken":0,"max_hp_gain":0,"max_hp_loss":0,"event_name":"MindBloom","floor":37,"gold_loss":0},{"damage_healed":0,"gold_gain":0,"player_choice":"Copied","damage_taken":0,"max_hp_gain":0,"max_hp_loss":0,"event_name":"Duplicator","floor":38,"gold_loss":0,"cards_obtained":["Accuracy"]},{"damage_healed":0,"gold_gain":0,"player_choice":"Max HP","damage_taken":0,"max_hp_gain":0,"max_hp_loss":4,"event_name":"Winding Halls","floor":42,"gold_loss":0},{"damage_healed":0,"gold_gain":0,"player_choice":"Fight","damage_taken":0,"max_hp_gain":0,"max_hp_loss":0,"event_name":"Mysterious Sphere","floor":45,"gold_loss":0},{"damage_healed":0,"gold_gain":0,"player_choice":"Ignored","damage_taken":0,"max_hp_gain":0,"max_hp_loss":0,"event_name":"Tomb of Lord Red Mask","floor":47,"gold_loss":0}],"is_beta":false,"boss_relics":[{"not_picked":["Ectoplasm","Snecko Eye"],"picked":"HoveringKite"},{"not_picked":["Velvet Choker","Empty Cage"],"picked":"SlaversCollar"}],"items_purged_floors":[5,44,46,48],"is_endless":false,"potions_floor_spawned":[10,14,16,18,24,33,37,39],"ascension_level":0}}