{"host":"Rich","time":1609904777,"event":{"mods":["AchievementEnabler","BaseMod","Highlight Path","Minty Spire (QoL Compilation)","Relic Stats"],"gold_per_floor":[118,138,138,152,89,118,118,130,130,130,143,143,153,170,170,244,244,256,275,275,190,201,228,248,248,248,198,198,298,298,62,62,136,136,149,0,55,55,80,115,115,134,205,205,224,259,277,277,277,277,277,277],"floor_reached":51,"playtime":1968,"items_purged":[],"score":1500,"play_id":"23c8e8d5-37ac-45aa-b2cf-24d960c03211","local_time":"20210105224617","is_ascension_mode":true,"campfire_choices":[{"data":"Cloak And Dagger","floor":7.0,"key":"SMITH"},{"data":"Bane","floor":10.0,"key":"SMITH"},{"data":"Poisoned Stab","floor":12.0,"key":"SMITH"},{"data":"Dagger Spray","floor":15.0,"key":"SMITH"},{"data":"After Image","floor":25.0,"key":"SMITH"},{"floor":28.0,"key":"REST"},{"floor":32.0,"key":"REST"},{"floor":44.0,"key":"REST"},{"floor":49,"key":"RECALL"}],"circlet_count":0,"master_deck":["AscendersBane","Strike_G","Strike_G","Strike_G","Strike_G","Strike_G","Defend_G","Defend_G","Defend_G","Defend_G","Defend_G","Survivor","Neutralize+1","Cloak And Dagger+1","Backflip","Deadly Poison","Dagger Spray+1","Bane+1","Poisoned Stab+1","Endless Agony","Burst","Dagger Spray","Prepared+1","After Image+1","Backstab","Blade Dance+1","Storm of Steel+1","Backflip+1","Cloak And Dagger+1","Tactician+1","PiercingWail+1","Footwork+1","Accuracy+1","Caltrops","Parasite","Writhe"],"relics":["Ring of the Serpent","Vajra","StrikeDummy","Pear","WristBlade","Toxic Egg 2","Juzu Bracelet","Lizard Tail","White Beast Statue","FossilizedHelix","Snake Skull","Red Mask","Du-Vu Doll","Gambling Chip","Regal Pillow","Mercury Hourglass","Smiling Mask"],"acts_visited":["Exordium","TheCity","TheBeyond"],"potions_floor_usage":[50,51],"damage_taken":[{"damage":0.0,"enemies":"Cultist","floor":1.0,"turns":4.0},{"damage":1.0,"enemies":"Small Slimes","floor":2.0,"turns":3.0},{"damage":4.0,"enemies":"2 Louse","floor":4.0,"turns":3.0},{"damage":22.0,"enemies":"Lagavulin","floor":6.0,"turns":8.0},{"damage":0.0,"enemies":"Red Slaver","floor":8.0,"turns":3.0},{"damage":0.0,"enemies":"Gremlin Gang","floor":11.0,"turns":1.0},{"damage":0.0,"enemies":"Looter","floor":13.0,"turns":2.0},{"damage":3.0,"enemies":"3 Louse","floor":14.0,"turns":2.0},{"damage":0.0,"enemies":"Slime Boss","floor":16.0,"turns":6.0},{"damage":1.0,"enemies":"3 Byrds","floor":18.0,"turns":3.0},{"damage":0.0,"enemies":"Chosen","floor":19.0,"turns":3.0},{"damage":20.0,"enemies":"Snake Plant","floor":22.0,"turns":4.0},{"damage":23.0,"enemies":"Slavers","floor":23.0,"turns":3.0},{"damage":3.0,"enemies":"3 Cultists","floor":24.0,"turns":4.0},{"damage":10.0,"enemies":"Colosseum Slavers","floor":29.0,"turns":4.0},{"damage":19.0,"enemies":"Colosseum Nobs","floor":29.0,"turns":4.0},{"damage":12.0,"enemies":"Automaton","floor":33.0,"turns":10.0},{"damage":16.0,"enemies":"3 Darklings","floor":35.0,"turns":4.0},{"damage":14.0,"enemies":"2 Orb Walkers","floor":37.0,"turns":4.0},{"damage":12.0,"enemies":"Mind Bloom Boss Battle","floor":39.0,"turns":5.0},{"damage":15.0,"enemies":"Reptomancer","floor":40.0,"turns":5.0},{"damage":0.0,"enemies":"Orb Walker","floor":42.0,"turns":3.0},{"damage":13.0,"enemies":"Spire Growth","floor":45.0,"turns":4.0},{"damage":7,"enemies":"Nemesis","floor":46,"turns":5},{"damage":0,"enemies":"Writhing Mass","floor":47,"turns":6},{"damage":91,"enemies":"Time Eater","floor":50,"turns":10},{"damage":8,"enemies":"Donu and Deca","floor":51,"turns":4}],"seed_played":"-965834328178212003","potions_obtained":[{"floor":6.0,"key":"BlessingOfTheForge"},{"floor":8.0,"key":"CunningPotion"},{"floor":11.0,"key":"LiquidBronze"},{"floor":16.0,"key":"SteroidPotion"},{"floor":22.0,"key":"Energy Potion"},{"floor":23.0,"key":"SpeedPotion"},{"floor":29.0,"key":"DuplicationPotion"},{"floor":33.0,"key":"Explosive Potion"},{"floor":35.0,"key":"CunningPotion"},{"floor":37.0,"key":"AttackPotion"},{"floor":39.0,"key":"Swift Potion"},{"floor":40.0,"key":"SpeedPotion"},{"floor":42.0,"key":"Block Potion"},{"floor":46,"key":"GamblersBrew"}],"is_trial":false,"path_per_floor":["M","M","?","M","?","E","R","M","T","R","M","R","M","M","R","B",null,"M","M","?","?","M","E","M","R","T","?","R","?","T","$","R","B",null,"M","?","?","?","?","E","?","M","T","R","M","E","M","?","R","B","B"],"character_chosen":"THE_SILENT","items_purchased":["Snake Skull","Noxious Fumes"],"campfire_rested":3,"item_purchase_floors":[31,31],"current_hp_per_floor":[59,58,58,54,54,32,32,32,42,42,42,42,42,39,39,39,67,66,66,66,66,46,23,20,20,20,20,42,13,13,13,35,23,63,47,47,33,62,50,35,35,35,35,62,49,42,42,54,54,2,0,0],"gold":277,"neow_bonus":"UPGRADE_CARD","is_daily":false,"chose_seed":false,"campfire_upgraded":5,"win_rate":0.0,"timestamp":1609904777,"path_taken":["M","?","?","M","?","E","R","?","T","R","?","R","M","M","R","BOSS","M","M","?","?","M","E","M","R","T","?","R","?","?","$","R","BOSS","M","?","?","?","?","E","?","M","T","R","M","E","M","?","R","BOSS","BOSS"],"items_purchased_type":["Relic","Card"],"build_version":"2020-12-18","purchased_purges":0,"victory":false,"max_hp_per_floor":[66,66,66,66,66,66,66,66,76,76,76,76,76,76,76,76,76,76,76,76,76,76,76,76,76,76,76,76,76,76,76,76,76,76,76,76,76,62,62,62,62,62,62,62,62,62,62,62,62,62,62,62],"relic_stats":{"Lizard Tail":31,"Regal Pillow":9,"counters":[27,117],"Gambling Chip":[19],"Snake Skull":[40],"Juzu Bracelet":2,"Smiling Mask":0,"obtain_stats":[{"Regal Pillow":40,"Pear":9,"Vajra":5,"Snake Skull":31,"Juzu Bracelet":23,"Smiling Mask":46,"White Beast Statue":29,"Mercury Hourglass":43,"Du-Vu Doll":37,"Lizard Tail":29,"WristBlade":17,"Gambling Chip":39,"Red Mask":36,"Toxic Egg 2":21,"StrikeDummy":6,"FossilizedHelix":30,"Ring of the Serpent":34,"Ring of the Snake":0},{"Regal Pillow":21,"Pear":5,"Vajra":3,"Snake Skull":16,"Juzu Bracelet":13,"Smiling Mask":24,"White Beast Statue":16,"Mercury Hourglass":22,"Du-Vu Doll":19,"Lizard Tail":16,"WristBlade":9,"Gambling Chip":20,"Red Mask":18,"Toxic Egg 2":11,"StrikeDummy":4,"FossilizedHelix":16,"Ring of the Serpent":17,"Ring of the Snake":0},{"Regal Pillow":85,"Pear":21,"Vajra":10,"Snake Skull":57,"Juzu Bracelet":45,"Smiling Mask":97,"White Beast Statue":57,"Mercury Hourglass":88,"Du-Vu Doll":75,"Lizard Tail":57,"WristBlade":32,"Gambling Chip":80,"Red Mask":71,"Toxic Egg 2":38,"StrikeDummy":18,"FossilizedHelix":57,"Ring of the Serpent":67,"Ring of the Snake":0}],"Mercury Hourglass":[64]},"card_choices":[{"not_picked":["Poisoned Stab","Flechettes"],"picked":"Cloak And Dagger","floor":1.0},{"not_picked":["Acrobatics","Eviscerate"],"picked":"Backflip","floor":2.0},{"not_picked":["Slice","Outmaneuver"],"picked":"Deadly Poison","floor":4.0},{"not_picked":["Glass Knife","Caltrops"],"picked":"Dagger Spray","floor":6.0},{"not_picked":["Dagger Throw","Quick Slash"],"picked":"Bane","floor":8.0},{"not_picked":["Heel Hook","Dagger Spray"],"picked":"Poisoned Stab","floor":11.0},{"not_picked":["Tactician","Dagger Throw","Setup"],"picked":"SKIP","floor":13.0},{"not_picked":["All Out Attack","Deflect"],"picked":"Endless Agony","floor":14.0},{"not_picked":["Venomology","Unload"],"picked":"Burst","floor":16.0},{"not_picked":["Masterful Stab","Flying Knee"],"picked":"Dagger Spray","floor":18.0},{"not_picked":["Poisoned Stab","Predator","Heel Hook"],"picked":"SKIP","floor":19.0},{"not_picked":["Dodge and Roll+1","Quick Slash"],"picked":"Prepared+1","floor":22.0},{"not_picked":["Backstab","Infinite Blades"],"picked":"After Image","floor":23.0},{"not_picked":["Dagger Spray+1","Dodge and Roll+1"],"picked":"Backstab","floor":24.0},{"not_picked":["Endless Agony","Skewer"],"picked":"Blade Dance+1","floor":29.0},{"not_picked":["Glass Knife","Burst+1"],"picked":"Storm of Steel+1","floor":33.0},{"not_picked":["Slice","Deflect+1"],"picked":"Backflip+1","floor":35.0},{"not_picked":["Flying Knee+1","Backflip+1"],"picked":"Cloak And Dagger+1","floor":37.0},{"not_picked":["Masterful Stab","Deflect+1"],"picked":"Tactician+1","floor":39.0},{"not_picked":["Expertise+1","Prepared+1"],"picked":"PiercingWail+1","floor":40.0},{"not_picked":["Dagger Throw","Blur+1"],"picked":"Footwork+1","floor":42.0},{"not_picked":["Bane","Footwork"],"picked":"Accuracy+1","floor":45.0},{"not_picked":["Heel Hook","Dagger Spray"],"picked":"Caltrops","floor":46},{"not_picked":["Setup+1","Outmaneuver+1","Underhanded Strike"],"picked":"SKIP","floor":47}],"player_experience":1969146,"relics_obtained":[{"floor":6.0,"key":"StrikeDummy"},{"floor":9.0,"key":"Pear"},{"floor":23.0,"key":"Juzu Bracelet"},{"floor":29.0,"key":"Lizard Tail"},{"floor":29.0,"key":"White Beast Statue"},{"floor":30.0,"key":"FossilizedHelix"},{"floor":37.0,"key":"Du-Vu Doll"},{"floor":39.0,"key":"Gambling Chip"},{"floor":40.0,"key":"Regal Pillow"},{"floor":43.0,"key":"Mercury Hourglass"},{"floor":46,"key":"Smiling Mask"}],"event_choices":[{"damage_healed":0.0,"max_hp_gain":0.0,"max_hp_loss":0.0,"gold_gain":0.0,"event_name":"Liars Game","player_choice":"Ignored","floor":3.0,"gold_loss":0.0,"damage_taken":0.0},{"damage_healed":0.0,"max_hp_gain":0.0,"max_hp_loss":0.0,"gold_gain":0.0,"event_name":"WeMeetAgain","player_choice":"Paid Gold","floor":5.0,"gold_loss":63.0,"damage_taken":0.0,"relics_obtained":["Vajra"]},{"damage_healed":0.0,"max_hp_gain":0.0,"max_hp_loss":0.0,"gold_gain":0.0,"event_name":"The Mausoleum","player_choice":"Ignored","floor":20.0,"gold_loss":0.0,"damage_taken":0.0},{"damage_healed":0.0,"max_hp_gain":0.0,"max_hp_loss":0.0,"gold_gain":0.0,"event_name":"Addict","player_choice":"Obtained Relic","floor":21.0,"gold_loss":85.0,"damage_taken":0.0,"relics_obtained":["Toxic Egg 2"]},{"damage_healed":0.0,"max_hp_gain":0.0,"max_hp_loss":0.0,"gold_gain":0.0,"event_name":"The Joust","player_choice":"Bet on Murderer","floor":27.0,"gold_loss":50.0,"damage_taken":0.0},{"damage_healed":0.0,"max_hp_gain":0.0,"max_hp_loss":0.0,"gold_gain":0.0,"event_name":"Colosseum","player_choice":"Fight","floor":29.0,"gold_loss":0.0,"damage_taken":0.0},{"damage_healed":0.0,"max_hp_gain":0.0,"max_hp_loss":0.0,"gold_gain":0.0,"event_name":"Colosseum","player_choice":"Fought Nobs","floor":29.0,"gold_loss":0.0,"damage_taken":0.0},{"damage_healed":0.0,"max_hp_gain":0.0,"max_hp_loss":0.0,"gold_gain":0.0,"event_name":"Tomb of Lord Red Mask","player_choice":"Paid","floor":36.0,"gold_loss":149.0,"damage_taken":0.0,"relics_obtained":["Red Mask"]},{"damage_healed":0.0,"max_hp_gain":0.0,"max_hp_loss":0.0,"gold_gain":0.0,"event_name":"Mysterious Sphere","player_choice":"Fight","floor":37.0,"gold_loss":0.0,"damage_taken":0.0},{"damage_healed":62.0,"max_hp_gain":0.0,"max_hp_loss":14.0,"gold_gain":0.0,"event_name":"The Moai Head","player_choice":"Heal","floor":38.0,"gold_loss":0.0,"damage_taken":0.0},{"damage_healed":0.0,"max_hp_gain":0.0,"max_hp_loss":0.0,"gold_gain":0.0,"event_name":"MindBloom","player_choice":"Fight","floor":39.0,"gold_loss":0.0,"damage_taken":0.0},{"cards_removed":["Noxious Fumes"],"damage_healed":0.0,"max_hp_gain":0.0,"max_hp_loss":0.0,"gold_gain":0.0,"event_name":"Falling","player_choice":"Removed Power","floor":41.0,"gold_loss":0.0,"damage_taken":0.0},{"damage_healed":12,"gold_gain":0,"player_choice":"Writhe","damage_taken":0,"max_hp_gain":0,"max_hp_loss":0,"event_name":"Winding Halls","floor":48,"gold_loss":0,"cards_obtained":["Writhe"]}],"is_beta":true,"boss_relics":[{"not_picked":["Ectoplasm","Empty Cage"],"picked":"WristBlade"},{"not_picked":["SlaversCollar","HoveringKite"],"picked":"Ring of the Serpent"}],"items_purged_floors":[],"is_endless":false,"potions_floor_spawned":[6,8,11,13,16,22,23,29,33,35,37,39,40,42,45,46,47],"killed_by":"Donu and Deca","ascension_level":20}}