{"host":"kev6uqotw4tlyx8l","time":1609941780,"event":{"mods":["Act Like it!","Aspiration","BaseMod","Colored Powertips","Dota2Spire","Downfall","Hallownest","Infinite Spire","Marisa????????","Minty Spire (QoL Compilation)","Quick Restart","Remilia??????","Replay The Spire","StSLib","The Cursed","The Jungle","The Marked","The Mystic","The Servant 0.9.4"],"gold_per_floor":[109,109,459,534,534,569,178,178,202,218,218,234,234,251,251,355,355,372,389,403,403,403,403,437,457,480,480,480,493,506,517,517,615,615,627,627,639,1638,0,0,0,0,24,24,42,66,66,99,99,99,99],"floor_reached":50,"playtime":1146,"items_purged":["hexamod:Haunted","Envy_TH","Greed_TH","Normality"],"score":816,"play_id":"a6de817f-0dba-42f5-bb71-9247f4bde389","local_time":"20210106210300","is_ascension_mode":true,"campfire_choices":[{"data":"expansioncontent:Chronoboost","floor":8,"key":"SMITH"},{"data":"Melter","floor":11,"key":"SMITH"},{"data":"Compile Driver","floor":13,"key":"SMITH"},{"data":"Steam","floor":15,"key":"SMITH"},{"floor":23,"key":"REST"},{"data":"Gash","floor":27,"key":"SMITH"},{"floor":32,"key":"REST"},{"floor":40,"key":"REST"},{"data":"Reprogram","floor":42,"key":"SMITH"},{"floor":49,"key":"REST"}],"circlet_count":0,"master_deck":["Strike_B","Strike_B","Strike_B","Strike_B","Defend_B","Defend_B","Defend_B","Defend_B","Zap","Dualcast","Compile Driver+1","Doubt","expansioncontent:Chronoboost+1","Melter+1","Gash+1","Streamline+1","Steam+1","Buffer+1","Gash+1","Hologram","Double Energy+1","Beam Cell","Hologram+1","hexamod:Haunted","Gash+1","Hologram","Panic Button","Rebound+1","Machine Learning+1","CurseOfTheBell","ReplayTheSpireMod:Faulty Equipment","Go for the Eyes+1","Reprogram+1","Normality","Replay:UnknownCurse","Pain","ReplayTheSpireMod:Splinters","Clumsy","Replay:Sluggish","Sloth_TH","Rebound+1","Self Repair","Rainbow+1","Zap","Streamline+1"],"relics":["Cracked Core","NeowsBlessing","Ring of Greed","Golden Egg","Old Coin","Ring of Hypnosis","Bottled Flame","Dota2Spire:BattleFury","Nunchaku","Philosopher\u0027s Stone","Dota2Spire:BladeMail","Empty Cage","Carrot","aspiration:ChemicalBlood","Calling Bell","infinitespire:Freezer","infinitespire:Bottled Soul","infinitespire:Joker Card","Sling","Thread and Needle","PreservedInsect","aspiration:EnhancedActuators","WingedGreaves","Replay:Wax Seal","Centennial Puzzle"],"acts_visited":["Exordium","TheCity","TheBeyond"],"potions_floor_usage":[16,29,31,33,33,33,37,37,45,45,50,50,50,50],"damage_taken":[{"damage":0,"enemies":"Jaw Worm","floor":1,"turns":1},{"damage":0,"enemies":"Lagavulin","floor":6,"turns":1},{"damage":0,"enemies":"2 Louse","floor":10,"turns":1},{"damage":4,"enemies":"Small Slimes","floor":12,"turns":2},{"damage":2,"enemies":"Looter","floor":14,"turns":2},{"damage":39,"enemies":"Slime Boss","floor":16,"turns":9},{"damage":10,"enemies":"Shell Parasite","floor":18,"turns":3},{"damage":0,"enemies":"Spheric Guardian","floor":19,"turns":1},{"damage":26,"enemies":"3 Cultists","floor":20,"turns":5},{"damage":0,"enemies":"Slavers","floor":24,"turns":4},{"damage":20,"enemies":"Snake Plant","floor":25,"turns":2},{"damage":4,"enemies":"Centurion and Healer","floor":29,"turns":6},{"damage":1,"enemies":"Snecko","floor":30,"turns":5},{"damage":3,"enemies":"Sentry and Sphere","floor":31,"turns":4},{"damage":17,"enemies":"Automaton","floor":33,"turns":7},{"damage":17,"enemies":"3 Darklings","floor":35,"turns":3},{"damage":0,"enemies":"3 Shapes","floor":37,"turns":3},{"damage":30,"enemies":"Spire Growth","floor":45,"turns":4},{"damage":0,"enemies":"R_Hoarder","floor":48,"turns":4},{"damage":65,"enemies":"Donu and Deca","floor":50,"turns":5}],"seed_played":"-8052540530297819357","potions_obtained":[{"floor":12,"key":"SpeedPotion"},{"floor":24,"key":"Elixir"},{"floor":25,"key":"CultistPotion"},{"floor":30,"key":"Fire Potion"},{"floor":31,"key":"Dota2Spire:Clarity"},{"floor":35,"key":"Dota2Spire:Clarity"},{"floor":37,"key":"Fruit Juice"},{"floor":48,"key":"FocusPotion"}],"is_trial":false,"path_per_floor":["M","?","?","?","?","E","$","R","T","M","R","M","R","M","R","B",null,"M","M","M","?","AVR","R","E","M","T","R","?","M","M","M","R","B",null,"M","?","M","?","$","R","$","R","T","AVR","M","T","?","E","R","B"],"character_chosen":"DEFECT","items_purchased":["Dota2Spire:BattleFury","Gash","Streamline","Sling","Thread and Needle","PreservedInsect"],"campfire_rested":4,"item_purchase_floors":[7,7,7,39,39,39],"current_hp_per_floor":[75,75,75,64,64,64,64,64,64,64,64,60,60,58,58,19,75,65,65,39,39,39,61,61,41,41,41,41,37,36,33,55,38,75,58,58,63,63,43,67,67,67,67,67,37,37,37,37,61,0,0],"gold":99,"neow_bonus":"THREE_ENEMY_KILL","is_daily":false,"chose_seed":false,"campfire_upgraded":6,"win_rate":0.0,"timestamp":1609941780,"path_taken":["M","?","?","?","?","E","$","R","T","M","R","?","R","M","R","BOSS","M","M","M","?","AVR","R","E","M","T","R","?","?","M","M","R","BOSS","M","?","M","?","$","R","$","R","T","AVR","?","?","?","E","R","BOSS"],"items_purchased_type":["Relic","Card","Card","Relic","Relic","Relic"],"build_version":"2020-12-22","purchased_purges":4,"victory":false,"max_hp_per_floor":[75,75,75,75,75,75,75,75,75,75,75,75,75,75,75,75,75,75,75,75,75,75,75,75,75,75,75,75,75,75,75,75,75,75,75,75,80,80,80,80,80,80,80,80,80,80,80,80,80,80,80],"card_choices":[{"not_picked":["Panic Button","Heatsinks"],"picked":"Compile Driver","floor":1},{"not_picked":["Doom and Gloom","Tempest"],"picked":"Melter","floor":6},{"not_picked":["Scrape","Barrage","Panic Button"],"picked":"SKIP","floor":10},{"not_picked":["Conserve Battery","Coolheaded"],"picked":"Steam","floor":12},{"not_picked":["ReplayTheSpireMod:Reroute Power","Multi-Cast","ReplayTheSpireMod:Calculation Training"],"picked":"SKIP","floor":14},{"not_picked":["Meteor Strike","Fission"],"picked":"Buffer","floor":16},{"not_picked":["Chill","Rebound"],"picked":"Gash","floor":18},{"not_picked":["Cold Snap","Leap"],"picked":"Hologram","floor":19},{"not_picked":["ReplayTheSpireMod:Calculation Training","Coolheaded"],"picked":"Double Energy+1","floor":20},{"not_picked":["Hello World+1","Coolheaded"],"picked":"Beam Cell","floor":24},{"not_picked":["Ball Lightning","Beam Cell"],"picked":"Hologram+1","floor":25},{"not_picked":["Fission","Redo"],"picked":"Hologram","floor":29},{"not_picked":["Echo Form","Steam"],"picked":"Panic Button","floor":30},{"not_picked":["Ball Lightning","Steam"],"picked":"Rebound+1","floor":31},{"not_picked":["Thunder Strike","ReplayTheSpireMod:Omega Cannon"],"picked":"Machine Learning","floor":33},{"not_picked":["Redo+1","Heatsinks"],"picked":"Go for the Eyes+1","floor":35},{"not_picked":["Consume+1","Cold Snap"],"picked":"Reprogram","floor":37},{"not_picked":["ReplayTheSpireMod:Fabricate Wheel","Blizzard+1"],"picked":"Rebound+1","floor":45},{"not_picked":["Heatsinks","Turbo+1"],"picked":"Streamline+1","floor":48}],"player_experience":98182,"relics_obtained":[{"floor":3,"key":"Ring of Greed"},{"floor":3,"key":"Golden Egg"},{"floor":3,"key":"Old Coin"},{"floor":3,"key":"Ring of Hypnosis"},{"floor":6,"key":"Bottled Flame"},{"floor":9,"key":"Nunchaku"},{"floor":24,"key":"Carrot"},{"floor":26,"key":"aspiration:ChemicalBlood"},{"floor":34,"key":"infinitespire:Freezer"},{"floor":34,"key":"infinitespire:Bottled Soul"},{"floor":34,"key":"infinitespire:Joker Card"},{"floor":43,"key":"aspiration:EnhancedActuators"},{"floor":46,"key":"Replay:Wax Seal"},{"floor":48,"key":"Centennial Puzzle"}],"event_choices":[{"damage_healed":0,"gold_gain":0,"player_choice":"Leave","damage_taken":0,"max_hp_gain":0,"max_hp_loss":0,"event_name":"The Cleric","floor":2,"gold_loss":0},{"damage_healed":0,"gold_gain":75,"player_choice":"Gather Gold","damage_taken":11,"max_hp_gain":0,"max_hp_loss":0,"event_name":"World of Goop","floor":4,"gold_loss":0},{"damage_healed":0,"gold_gain":0,"player_choice":"1 cards matched","damage_taken":0,"max_hp_gain":0,"max_hp_loss":0,"event_name":"Match and Keep!","floor":5,"gold_loss":0,"cards_obtained":["expansioncontent:Chronoboost"]},{"damage_healed":0,"gold_gain":0,"player_choice":"Ignored","damage_taken":0,"max_hp_gain":0,"max_hp_loss":0,"event_name":"Ghosts","floor":21,"gold_loss":0},{"damage_healed":0,"gold_gain":0,"player_choice":"Copied","damage_taken":0,"max_hp_gain":0,"max_hp_loss":0,"event_name":"Duplicator","floor":28,"gold_loss":0,"cards_obtained":["Gash"]},{"damage_healed":0,"gold_gain":0,"player_choice":"Ignored","damage_taken":0,"max_hp_gain":0,"max_hp_loss":0,"event_name":"Tomb of Lord Red Mask","floor":36,"gold_loss":0},{"damage_healed":0,"gold_gain":999,"player_choice":"Gold","damage_taken":0,"max_hp_gain":0,"max_hp_loss":0,"event_name":"MindBloom","floor":38,"gold_loss":0,"cards_obtained":["Normality","Normality"]},{"damage_healed":0,"gold_gain":0,"player_choice":"3 cards matched","damage_taken":0,"max_hp_gain":0,"max_hp_loss":0,"event_name":"Match and Keep!","floor":47,"gold_loss":0,"cards_obtained":["Self Repair","Rainbow","Zap"]}],"is_beta":false,"boss_relics":[{"not_picked":["Honey Jar","aspiration:BursterCore"],"picked":"Philosopher\u0027s Stone"},{"not_picked":["Busted Crown","aspiration:SecretTechniqueScroll"],"picked":"Calling Bell"}],"items_purged_floors":[7,22,39,44],"is_endless":false,"potions_floor_spawned":[12,24,25,30,31,35,37,48],"killed_by":"Donu and Deca","ascension_level":1}}