{"host":"474oh00kq6ni8dn3","time":1609958790,"event":{"mods":["AchievementEnabler","Aspiration","BaseMod","Bestiary","Colored Map","Colored Powertips","Conspire","Custom Start","Defuse TimeMaze Blight","Downfall","Duelist Mod","GifTheSpireLib","Googly Eyes","GungeonMod","Halation","Hubris","Infinite Spire","Jedi Mod","Minty Spire (QoL Compilation)","Permanent Neow","Quick Restart","Random Character Button","Replay The Spire","Shop Mod","StSLib","Stuff the Spire","The Construct","The Factory","The Jungle","Trackpad","Unceasing Turn Reminder","vexMod"],"gold_per_floor":[12,26,42,53,67,102,102,137,137,137,164,181,201,211,211,316,316,336,356,356,356,375,375,375],"floor_reached":23,"playtime":1611,"items_purged":[],"score":250,"play_id":"ef54e164-9d6d-47c2-ab0a-4d11e370379a","local_time":"20210106184630","is_ascension_mode":true,"campfire_choices":[{"data":"theDuelist:RainbowMagician","floor":10.0,"key":"SMITH"},{"data":"theDuelist:Yami","floor":15.0,"key":"SMITH"}],"circlet_count":0,"master_deck":["theDuelist:CastleWalls","theDuelist:CastleWalls","theDuelist:DarkMagician","theDuelist:MysticalElf","theDuelist:MysticalElf","theDuelist:NeoMagic","theDuelist:NeoMagic","theDuelist:Sparks","theDuelist:NeoMagic","theDuelist:AncientElf","theDuelist:RainbowMagician+1","Pot Of Greed","Mayhem","Pot Of Greed","theDuelist:Yami+1","theDuelist:GoblinSecret","theDuelist:DiffusionWaveMotion","StuffTheSpire:DeathNote","theDuelist:DiffusionWaveMotion+1"],"relics":["theDuelist:MillenniumPuzzle","theDuelist:CardPoolRelic","theDuelist:CardPoolBasicRelic","theDuelist:BoosterPackPoolRelic","theDuelist:CardPoolAddRelic","theDuelist:CardPoolMinusRelic","theDuelist:CardPoolSaveRelic","theDuelist:CardPoolOptionsRelic","theDuelist:MetronomeRelicB","jedi:kaleidoscope","DemoMod:MemoryAlloy","Grinning Jar","theDuelist:ElectricKey"],"acts_visited":["Exordium","TheCity"],"potions_floor_usage":[],"damage_taken":[{"damage":0.0,"enemies":"2 Louse","floor":1.0,"turns":3.0},{"damage":0.0,"enemies":"Cultist","floor":2.0,"turns":4.0},{"damage":0.0,"enemies":"Jaw Worm","floor":3.0,"turns":4.0},{"damage":0.0,"enemies":"2 Fungi Beasts","floor":4.0,"turns":3.0},{"damage":0.0,"enemies":"Red Slaver","floor":5.0,"turns":4.0},{"damage":16.0,"enemies":"Lagavulin","floor":6.0,"turns":9.0},{"damage":8.0,"enemies":"3 Sentries","floor":8.0,"turns":9.0},{"damage":9.0,"enemies":"Gremlin Nob","floor":11.0,"turns":3.0},{"damage":0.0,"enemies":"Blue Slaver","floor":12.0,"turns":4.0},{"damage":0.0,"enemies":"3 Louse","floor":13.0,"turns":2.0},{"damage":0.0,"enemies":"Red Slaver","floor":14.0,"turns":5.0},{"damage":20.0,"enemies":"Hexaghost","floor":16.0,"turns":9.0},{"damage":0,"enemies":"3 Byrds","floor":18,"turns":7},{"damage":10,"enemies":"Spheric Guardian","floor":19,"turns":6},{"damage":15,"enemies":"3 Cultists","floor":22,"turns":6},{"damage":15,"enemies":"conspire:SneckoGhost","floor":23,"turns":4}],"seed_played":"-8275954732631046017","potions_obtained":[{"floor":2.0,"key":"Explosive Potion"},{"floor":6.0,"key":"SneckoOil"},{"floor":11.0,"key":"SpeedPotion"},{"floor":12.0,"key":"theDuelist:FireBottle"},{"floor":16.0,"key":"sneckomod:MuddlingPotion"}],"is_trial":false,"path_per_floor":["M","M","M","M","M","E","?","E","T","R","E","M","M","M","R","B",null,"M","M","?","?","M","E"],"character_chosen":"THE_DUELIST","items_purchased":[],"campfire_rested":0,"item_purchase_floors":[],"current_hp_per_floor":[80,80,80,80,80,64,80,72,72,72,63,63,63,63,63,43,80,80,70,50,50,35,20,20],"gold":375,"neow_bonus":"TRANSFORM_TWO_CARDS","is_daily":false,"chose_seed":false,"campfire_upgraded":2,"win_rate":0.0,"timestamp":1609958790,"path_taken":["M","M","M","M","M","E","?","E","T","R","E","?","M","M","R","BOSS","M","M","?","?","?","E"],"items_purchased_type":[],"build_version":"2020-12-22","purchased_purges":0,"victory":false,"max_hp_per_floor":[80,80,80,80,80,80,80,80,80,80,80,80,80,80,80,80,80,80,80,80,80,80,80,80],"card_choices":[{"not_picked":["theDuelist:SangaThunder","theDuelist:FlyingSaucer","theDuelist:GeminiElf","theDuelist:PowerKaishin","theDuelist:SpiritHarp"],"picked":"SKIP","floor":1.0},{"not_picked":["theDuelist:BlueBloodedOni","theDuelist:GreenGraveOni","theDuelist:GreyGreedOni","theDuelist:RainbowKuriboh","theDuelist:RainbowOverdragon"],"picked":"SKIP","floor":2.0},{"not_picked":["theDuelist:SpellShatteringArrow","theDuelist:Mudballman","theDuelist:DarkMagician","theDuelist:CallAtlanteans","theDuelist:SpiritHarp"],"picked":"SKIP","floor":3.0},{"not_picked":["theDuelist:Sparks","theDuelist:Graverobber"],"picked":"SKIP","floor":4.0},{"not_picked":["theDuelist:Sparks","theDuelist:Graverobber"],"picked":"SKIP","floor":5.0},{"not_picked":["theDuelist:BlizzardWarrior","theDuelist:SpiritHarp","theDuelist:MysticalElf","theDuelist:WhiteHowling"],"picked":"theDuelist:AncientElf","floor":6.0},{"not_picked":["theDuelist:GemElephant","theDuelist:GolemSentry","theDuelist:PotForbidden","theDuelist:RainbowKuriboh"],"picked":"theDuelist:RainbowMagician","floor":8.0},{"not_picked":["theDuelist:RainbowDarkDragon","theDuelist:IrisEarthMother","theDuelist:RainbowMagician","theDuelist:RainbowKuriboh","theDuelist:RainbowOverdragon"],"picked":"SKIP","floor":11.0},{"not_picked":["Jack Of All Trades","Madness","The Bomb"],"picked":"Mayhem","floor":12.0},{"not_picked":["theDuelist:InariFire","theDuelist:GoblinSecret","theDuelist:TimeWizard"],"picked":"theDuelist:Yami","floor":13.0},{"not_picked":["theDuelist:MagiciansRobe","theDuelist:InariFire","theDuelist:VoidExpansion","theDuelist:VoidVanishment"],"picked":"theDuelist:GoblinSecret","floor":14.0},{"not_picked":["theDuelist:SpellShatteringArrow","theDuelist:MagiciansRobe","theDuelist:VoidExpansion","theDuelist:ContractExodia"],"picked":"theDuelist:DiffusionWaveMotion","floor":18},{"not_picked":["theDuelist:InjectionFairy","theDuelist:SpiritHarp","theDuelist:LordD","theDuelist:BlizzardWarrior","theDuelist:GoblinSecret"],"picked":"SKIP","floor":19},{"not_picked":["theDuelist:RockMetronome","theDuelist:ArcaneSpellMetronome","theDuelist:InsectMetronome","theDuelist:ArcaneMetronome"],"picked":"theDuelist:DiffusionWaveMotion+1","floor":22}],"player_experience":88550,"relics_obtained":[{"floor":6.0,"key":"theDuelist:MetronomeRelicB"},{"floor":8.0,"key":"jedi:kaleidoscope"},{"floor":9.0,"key":"DemoMod:MemoryAlloy"},{"floor":11.0,"key":"Grinning Jar"}],"event_choices":[{"cards_removed":["theDuelist:Graverobber"],"damage_healed":16.0,"max_hp_gain":0.0,"max_hp_loss":0.0,"gold_gain":0.0,"event_name":"Bonfire Elementals","player_choice":"Offered Uncommon","floor":7.0,"gold_loss":0.0,"damage_taken":0.0},{"damage_healed":0,"gold_gain":0,"player_choice":"Leave","duelist":true,"damage_taken":0,"max_hp_gain":0,"max_hp_loss":0,"event_name":"Relic Duplicator","floor":21,"gold_loss":0}],"is_beta":false,"boss_relics":[{"not_picked":["hubris:Backtick","ReplayTheSpireMod:SealedPack"],"picked":"theDuelist:ElectricKey"}],"items_purged_floors":[],"is_endless":false,"potions_floor_spawned":[2,6,11,12,16,18],"killed_by":"conspire:SneckoGhost","ascension_level":3}}