{"host":"3twtdwjpiqhvvn5s","time":1609934552,"event":{"mods":["AchievementEnabler","Act Like it!","BaseMod","BetterRewards","Colored Map","Colored Powertips","Downfall","Duelist Mod","Friendly Minions","GifTheSpireLib","Hallownest","Hermit","Hubris","Infinite Spire","Jorbs\u0027s Wanderer Trilogy","Koishi","KomeijiMod","Marisa????????","Minty Spire (QoL Compilation)","Random Character Mod","Rare Cards Sparkle","Replay The Spire","Shop Mod","StSLib","Td1madao Mod","The Administrix","The Animator","The Bug Knight","The Caster","The Cursed","The Disciple","The Hierophant","The Necromancer","The Poker Player","The Runesmith","The Servant 0.9.4","TheFirefly"],"gold_per_floor":[116,130,143,143,161,188,201,212,236,251,251,271,290,301,301,397,397,408,423,443,456,468,468,486,500,500,500,515,515,515],"floor_reached":29,"playtime":37273,"items_purged":[],"score":291,"play_id":"1e1fbcce-4ba2-49c7-a359-72e296db88f5","local_time":"20210106060231","daily_mods":["Chimera","downfall:ExchangeController"],"is_ascension_mode":false,"campfire_choices":[{"floor":11,"key":"REST"},{"floor":15,"key":"REST"},{"floor":23,"key":"REST"}],"circlet_count":0,"master_deck":["Bash","Survivor","Zap","Eruption","Strike_R","Strike_G","Strike_B","Defend_R","Defend_G","Defend_P","GasuOrimono+1","Mishyaguji+1","JyouchiJin+1","HagoromoMizu","HagoromoMizu","SatsujinDooru","NingyouFukuhei+1","MakuraSeki","SeekerDolls","ShanghaiNingyou","GasuOrimono","HelanNingyou","NingyouOkisou+1","NingyouSP+1","NingyouSousou+1","YoukiSo+1","LittleLegion","LittleLegion+1"],"relics":["KomeijisEye","SpellCardsRule","MusicBox","downfall:NeowBlessing_Player","Hallownest:DreamNailRelic","infinitespire:Eraser","Anchor","Ring of Chaos","TungstenRod"],"acts_visited":["Hallownest:Greenpath","TheCity"],"potions_floor_usage":[],"damage_taken":[{"damage":28.0,"enemies":"Hallownest:2_Baldur","floor":1.0,"turns":12.0},{"damage":7.0,"enemies":"Hallownest:2_MossCreeps","floor":2.0,"turns":6.0},{"damage":23.0,"enemies":"Hallownest:monsterHuskGuard","floor":3.0,"turns":7.0},{"damage":53.0,"enemies":"Hallownest:1_Ooma_and_2_Uuma","floor":5.0,"turns":10.0},{"damage":30.0,"enemies":"Hallownest:eliteMossKnight","floor":6.0,"turns":8.0},{"damage":6,"enemies":"Hallownest:monsterMossCharger","floor":7,"turns":5},{"damage":6,"enemies":"Hallownest:monsterAspidMother","floor":8,"turns":6},{"damage":15,"enemies":"Hallownest:2_Tiktiks_1_Baldur_1_Crawlid","floor":10,"turns":4},{"damage":0,"enemies":"Hallownest:monsterMossCharger","floor":12,"turns":7},{"damage":18,"enemies":"Hallownest:monsterFoolEater","floor":13,"turns":7},{"damage":45,"enemies":"Hallownest:Guard_and_Warrior","floor":14,"turns":8},{"damage":52,"enemies":"Hallownest:BossBrokenVessel","floor":16,"turns":10},{"damage":35,"enemies":"Shell Parasite","floor":18,"turns":9},{"damage":55,"enemies":"3 Byrds","floor":19,"turns":5},{"damage":9,"enemies":"Shelled Parasite and Fungi","floor":20,"turns":8},{"damage":46,"enemies":"Snecko","floor":21,"turns":13},{"damage":170,"enemies":"Cultist and Chosen","floor":22,"turns":10},{"damage":30,"enemies":"Snake Plant","floor":24,"turns":5},{"damage":20,"enemies":"Shelled Parasite and Fungi","floor":25,"turns":10},{"damage":35,"enemies":"Snecko","floor":28,"turns":10},{"damage":58,"enemies":"Slavers","floor":29,"turns":3}],"seed_played":"-905818270988110354","potions_obtained":[{"floor":2.0,"key":"sneckomod:MuddlingPotion"},{"floor":5.0,"key":"Strength Potion"},{"floor":7,"key":"Fire Potion"},{"floor":8,"key":"Doom Potion"},{"floor":12,"key":"CalmPotion"},{"floor":14,"key":"sneckomod:MuddlingPotion"},{"floor":22,"key":"LiquidBronze"},{"floor":24,"key":"Explosive Potion"},{"floor":25,"key":"hexamod:EctoCoolerPotion"},{"floor":28,"key":"Weak Potion"}],"is_trial":true,"path_per_floor":["M","M","M","?","M","E","M","M","T","M","R","M","M","M","R","B",null,"M","M","M","M","M","R","M","M","T","?","M","E"],"character_chosen":"KomeijiSatori","items_purchased":[],"campfire_rested":3,"item_purchase_floors":[],"current_hp_per_floor":[222,215,192,192,139,109,103,97,97,82,157,157,139,94,169,117,350,315,260,251,205,35,140,110,90,90,90,55,0,0],"gold":515,"neow_bonus":"","is_daily":false,"chose_seed":false,"campfire_upgraded":0,"win_rate":0.0,"timestamp":1609934551,"path_taken":["M","M","M","?","M","E","M","M","T","M","R","M","M","M","R","BOSS","M","M","M","?","M","R","M","M","T","?","?","E"],"items_purchased_type":[],"build_version":"2020-12-22","purchased_purges":0,"victory":false,"max_hp_per_floor":[250,250,250,250,250,250,250,250,250,250,250,250,250,250,250,250,350,350,350,350,350,350,350,350,350,350,350,350,350,350],"card_choices":[{"not_picked":["LittleLegion","NingyouSousou+1"],"picked":"GasuOrimono","floor":1.0},{"not_picked":["ShyakuBuku","KokorosuKi+1"],"picked":"Mishyaguji+1","floor":2.0},{"not_picked":["DemonsDinnerFork","KimairaNoYoku"],"picked":"JyouchiJin+1","floor":3.0},{"not_picked":["SenseofElegance","Agarareta+1"],"picked":"HagoromoMizu","floor":5.0},{"not_picked":["NingyouShinki+1","NingyouMusou+1"],"picked":"HagoromoMizu","floor":6},{"not_picked":["Mishyaguji+1","NingyouMusou+1"],"picked":"SatsujinDooru","floor":7},{"not_picked":["NarrowSpark","RoshinSou+1"],"picked":"NingyouFukuhei+1","floor":8},{"not_picked":["VampireKiss","KeiseiJin+1"],"picked":"MakuraSeki","floor":10},{"not_picked":["NingyouShinki+1","HagoromoMizu"],"picked":"SeekerDolls","floor":12},{"not_picked":["NingyouShinki+1","KouPou+1"],"picked":"ShanghaiNingyou","floor":13},{"not_picked":["NingyouSP+1","NingyouSousou+1"],"picked":"GasuOrimono","floor":14},{"not_picked":["AbyssNova","YuumeiNoKurin"],"picked":"HelanNingyou","floor":16},{"not_picked":["SeishiRoten+1","MissingPower"],"picked":"NingyouOkisou+1","floor":18},{"not_picked":["Agarareta+1","MusuNoYume+1"],"picked":"NingyouSP+1","floor":19},{"not_picked":["Agarareta+1","DochyakuKami+1","MajikuruSanhai+1"],"picked":"SKIP","floor":20},{"not_picked":["TenguNoTaiko+1","RikonNoKama+1"],"picked":"NingyouSousou+1","floor":21},{"not_picked":["MusuNoYume","ShyakuBuku"],"picked":"YoukiSo+1","floor":22},{"not_picked":["NingyouSP+1","NingyouSousou+1"],"picked":"LittleLegion","floor":24},{"not_picked":["JyouchiJin+1","KouPou+1"],"picked":"LittleLegion+1","floor":25},{"not_picked":["Melting","Sabishigari+1","EnMu+1"],"picked":"SKIP","floor":28}],"player_experience":1216285,"relics_obtained":[{"floor":6,"key":"infinitespire:Eraser"},{"floor":9,"key":"Anchor"},{"floor":26,"key":"TungstenRod"}],"event_choices":[{"damage_healed":0,"gold_gain":0,"player_choice":"Upgraded","damage_taken":0,"max_hp_gain":0,"max_hp_loss":0,"event_name":"Upgrade Shrine","floor":27,"gold_loss":0,"cards_upgraded":["GasuOrimono"]}],"is_beta":false,"boss_relics":[{"not_picked":["Busted Crown","sneckomod:SneckoTalon"],"picked":"Ring of Chaos"}],"items_purged_floors":[],"is_endless":false,"potions_floor_spawned":[2,5,7,8,12,14,22,24,25,28],"killed_by":"Slavers","ascension_level":0}}