{"host":"hwrdjx5eod2cxh09","time":1609940168,"event":{"mods":["AchievementEnabler","BaseMod","Bestiary","Minty Spire (QoL Compilation)","Relic Stats"],"gold_per_floor":[112,128,148,167,19,48,61,61,61,61,86,103,115,125,125,220,220,236,161,171,171,171],"floor_reached":21,"playtime":685,"items_purged":[],"score":220,"play_id":"13a861ac-caf6-41c8-94b7-327d370f28e6","local_time":"20210106223608","is_ascension_mode":false,"campfire_choices":[{"floor":8,"key":"REST"},{"data":"Hyperbeam","floor":10,"key":"SMITH"},{"data":"Redo","floor":15,"key":"SMITH"}],"circlet_count":0,"master_deck":["Strike_B","Strike_B","Defend_B","Defend_B","Defend_B","Defend_B","Zap","Dualcast","FTL","Redo","Ball Lightning","Loop","Hyperbeam+1","Redo+1","Self Repair","Gash","BootSequence","Steam+1","Coolheaded"],"relics":["Cracked Core","Darkstone Periapt","FossilizedHelix","Du-Vu Doll","SacredBark"],"acts_visited":["Exordium","TheCity"],"potions_floor_usage":[16,16,16,17],"damage_taken":[{"damage":0,"enemies":"2 Louse","floor":1,"turns":2},{"damage":8,"enemies":"Jaw Worm","floor":2,"turns":3},{"damage":1,"enemies":"Cultist","floor":3,"turns":3},{"damage":11,"enemies":"3 Louse","floor":4,"turns":3},{"damage":25,"enemies":"Gremlin Nob","floor":6,"turns":4},{"damage":12,"enemies":"Blue Slaver","floor":7,"turns":3},{"damage":0,"enemies":"3 Sentries","floor":11,"turns":3},{"damage":0,"enemies":"Exordium Wildlife","floor":12,"turns":1},{"damage":0,"enemies":"3 Louse","floor":13,"turns":1},{"damage":0,"enemies":"Lots of Slimes","floor":14,"turns":3},{"damage":29,"enemies":"Hexaghost","floor":16,"turns":9},{"damage":33,"enemies":"Shell Parasite","floor":18,"turns":7},{"damage":8,"enemies":"Chosen","floor":20,"turns":5},{"damage":31,"enemies":"Shelled Parasite and Fungi","floor":21,"turns":7}],"seed_played":"3962330089417005899","potions_obtained":[{"floor":1,"key":"Swift Potion"},{"floor":6,"key":"AttackPotion"},{"floor":7,"key":"Fire Potion"},{"floor":11,"key":"Block Potion"},{"floor":16,"key":"Fruit Juice"},{"floor":20,"key":"Energy Potion"}],"is_trial":false,"path_per_floor":["M","M","M","M","$","E","M","R","T","R","E","M","M","M","R","B",null,"M","?","M","M"],"character_chosen":"DEFECT","items_purchased":["Hyperbeam"],"campfire_rested":1,"item_purchase_floors":[5],"current_hp_per_floor":[75,67,66,55,55,30,18,40,40,40,40,40,40,40,40,18,85,59,59,58,27,27],"gold":171,"neow_bonus":"TRANSFORM_CARD","is_daily":false,"chose_seed":false,"campfire_upgraded":2,"win_rate":0.0,"timestamp":1609940168,"path_taken":["M","M","M","M","$","E","M","R","T","R","E","M","M","M","R","BOSS","M","?","M","M"],"items_purchased_type":["Card"],"build_version":"2020-12-22","purchased_purges":0,"victory":false,"max_hp_per_floor":[75,75,75,75,75,75,75,75,75,75,75,75,75,75,75,75,85,85,85,85,85,85],"relic_stats":{"Darkstone Periapt":0,"counters":[14,54],"obtain_stats":[{"Darkstone Periapt":6,"Du-Vu Doll":11,"SacredBark":17,"Cracked Core":0,"FossilizedHelix":9},{"Darkstone Periapt":5,"Du-Vu Doll":7,"SacredBark":11,"Cracked Core":0,"FossilizedHelix":6},{"Darkstone Periapt":15,"Du-Vu Doll":21,"SacredBark":35,"Cracked Core":0,"FossilizedHelix":18}]},"card_choices":[{"not_picked":["Static Discharge","Double Energy"],"picked":"Redo","floor":1},{"not_picked":["Blizzard","Beam Cell"],"picked":"Ball Lightning","floor":2},{"not_picked":["Streamline","Static Discharge","Barrage"],"picked":"SKIP","floor":3},{"not_picked":["Turbo","Stack"],"picked":"Loop","floor":4},{"not_picked":["Go for the Eyes","Compile Driver"],"picked":"Redo","floor":6},{"not_picked":["Redo","Streamline"],"picked":"Self Repair","floor":7},{"not_picked":["Buffer","Steam"],"picked":"Gash","floor":11},{"not_picked":["Sweeping Beam","Tempest"],"picked":"BootSequence","floor":12},{"not_picked":["Heatsinks","Rebound","Go for the Eyes"],"picked":"SKIP","floor":13},{"not_picked":["Coolheaded","Streamline","Stack"],"picked":"SKIP","floor":14},{"not_picked":["Redo","Compile Driver"],"picked":"Steam+1","floor":18},{"not_picked":["Stack","Redo"],"picked":"Coolheaded","floor":20}],"player_experience":181454,"relics_obtained":[{"floor":6,"key":"Darkstone Periapt"},{"floor":9,"key":"FossilizedHelix"},{"floor":11,"key":"Du-Vu Doll"}],"event_choices":[{"cards_removed":["Strike_B"],"damage_healed":0,"gold_gain":0,"player_choice":"Gave Gold","damage_taken":0,"max_hp_gain":0,"max_hp_loss":0,"event_name":"Beggar","floor":19,"gold_loss":75}],"is_beta":false,"boss_relics":[{"not_picked":["Busted Crown","Fusion Hammer"],"picked":"SacredBark"}],"items_purged_floors":[],"is_endless":false,"potions_floor_spawned":[1,6,7,11,12,16,20],"killed_by":"Shelled Parasite and Fungi","ascension_level":0}}