{"host":"n900smz9wr3yo27a","time":1609942434,"event":{"mods":["Arknights The Spire","BaseMod","CapriCore","GungeonMod","Hermit","Koishi","Lobotomy","Marisa£¨Ùöéë¡¡Øª×âÞÞ£©","Minty Spire (QoL Compilation)","Prisma Mod","Replay The Spire","StSLib","Td1madao Mod","The Animator","The Bug Knight","The Cursed","The Dragon Tamer","The Gatherer","The Hierophant","The Immortal","The Jungle","The Necromancer","The Poker Player","The Runesmith","WarShipGirlsR/??á´Ò³R mod"],"gold_per_floor":[117,127,147,147,147,176,176,204,204,204,237,260,291,303,303,398,398,417,417,444,124,155,155,155,182,207,207,107,132,143,18,18,117,117,134,134,228,260,286,314,340,375,401,401,133,167,180,213,213,213],"floor_reached":51,"playtime":3114,"items_purged":["HollowMod:HuntersJournal","HollowMod:SoulEater","Regret","HollowMod:PureVessel"],"score":1006,"play_id":"03536e2f-5027-42ee-af9d-c6cebec1cba5","local_time":"20210106231354","daily_mods":["Draft","Vintage","Heirloom","Time Dilation","Flight","DeadlyEvents","Elite Swarm"],"is_ascension_mode":false,"campfire_choices":[{"data":"HollowMod:BlackTendrils","floor":7,"key":"SMITH"},{"data":"HollowMod:NewJinnsSoul","floor":10,"key":"SMITH"},{"data":"1","floor":15,"key":"LIFT"},{"data":"2","floor":23,"key":"LIFT"},{"data":"3","floor":24,"key":"LIFT"},{"data":"HollowMod:VoidDash","floor":27,"key":"SMITH"},{"data":"HollowMod:BlackTendrils","floor":32,"key":"SMITH"},{"data":"HollowMod:Weaversong","floor":44,"key":"SMITH"},{"data":"HollowMod:SlysStrikes","floor":49,"key":"SMITH"}],"circlet_count":0,"master_deck":["HollowMod:SoulStrike","HollowMod:DashSlash","HollowMod:GoodIntentions","HollowMod:DescendingDark","HollowMod:BaldurShell","HollowMod:DoubleDash","HollowMod:VengefulVoid","HollowMod:GreatSlash","HollowMod:BlackTendrils+1","HollowMod:WraithStrike","HollowMod:BlackTendrils+1","HollowMod:InfectedCysts","HollowMod:NewGlowingWomb+1","HollowMod:Weaversong+1","HollowMod:NewJinnsSoul+1","HollowMod:FallenFury","HollowMod:VoidDash+1","HollowMod:HuntersJournal","HollowMod:ShadowDash","HollowMod:PerfectDash","HollowMod:BlackTendrils","HollowMod:MantisMark+1","HollowMod:SlysStrikes","HollowMod:SlysStrikes+1"],"relics":["HollowMod:VesselMask","replay:Trail_Library","Replay:Towering Pillar of Hats","CaptainsWheel","DemoMod:GundromedaStrain","Bird Faced Urn","Replay:Bottled Eggs","DemoMod:Orange","Du-Vu Doll","Shuriken","HollowMod:StagPassRelic","ReplayFunnel","DemoMod:PinkGuonStone","Girya","DemoMod:WaxWing","Bag of Marbles","Mummified Hand","Eternal Feather","Quantum Egg","Regal Pillow","Runesmith:AutoHammer","Replay:Rubber Ducky","Coffee Dripper","DemoMod:PoisonVial","Bottled Flame","DemoMod:MonsterBlood","HollowMod:MillibellesNoteRelic","Vajra","Replay:Baseball","Molten Egg 2","DemoMod:ClearGuonStone","DemoMod:Metronome"],"acts_visited":["Exordium","TheCity","TheBeyond"],"potions_floor_usage":[6,16,18,41,51,51],"damage_taken":[{"damage":14,"enemies":"Cultist","floor":1,"turns":3},{"damage":0,"enemies":"Small Slimes","floor":2,"turns":2},{"damage":9,"enemies":"Jaw Worm","floor":3,"turns":2},{"damage":24,"enemies":"Replay:BlueRogue","floor":6,"turns":4},{"damage":42,"enemies":"3 Sentries","floor":8,"turns":3},{"damage":15,"enemies":"Replay:BlueRogue","floor":11,"turns":3},{"damage":0,"enemies":"Gremlin Nob","floor":13,"turns":2},{"damage":10,"enemies":"Exordium Wildlife","floor":14,"turns":2},{"damage":28,"enemies":"The Guardian","floor":16,"turns":7},{"damage":1,"enemies":"Chosen","floor":18,"turns":4},{"damage":0,"enemies":"Replay:Snechameleon","floor":22,"turns":3},{"damage":3,"enemies":"Gremlin Leader","floor":25,"turns":4},{"damage":11,"enemies":"Book of Stabbing","floor":29,"turns":4},{"damage":8,"enemies":"2 Thieves","floor":30,"turns":2},{"damage":42,"enemies":"Champ","floor":33,"turns":10},{"damage":7,"enemies":"Orb Walker","floor":35,"turns":3},{"damage":0,"enemies":"Reptomancer","floor":38,"turns":6},{"damage":64,"enemies":"Giant Head","floor":39,"turns":7},{"damage":5,"enemies":"Reptomancer","floor":40,"turns":3},{"damage":49,"enemies":"Giant Head","floor":41,"turns":7},{"damage":0,"enemies":"Reptomancer","floor":42,"turns":5},{"damage":4,"enemies":"Nemesis","floor":46,"turns":5},{"damage":0,"enemies":"3 Darklings","floor":47,"turns":1},{"damage":4,"enemies":"Giant Head","floor":48,"turns":5},{"damage":6,"enemies":"Replay:Hell Engine","floor":50,"turns":7},{"damage":13,"enemies":"Malkuth","floor":51,"turns":8},{"damage":0,"enemies":"Netzach","floor":51,"turns":7}],"seed_played":"6657083119866124985","potions_obtained":[{"floor":3,"key":"Adrenaline Potion"},{"floor":13,"key":"Adrenaline Potion"},{"floor":16,"key":"SteroidPotion"},{"floor":18,"key":"Fruit Juice"},{"floor":22,"key":"Elixir"},{"floor":25,"key":"Adrenaline Potion"},{"floor":48,"key":"PowerPotion"}],"is_trial":true,"path_per_floor":["M","M","M","?","T","E","R","E","T","R","E","T","E","M","R","B",null,"M","?","T","$","E","R","R","E","T","R","$","E","M","$","R","B",null,"M","?","?","E","E","E","E","E","T","R","$","E","M","E","R","B",null],"character_chosen":"THE_BUGKNIGHT","items_purchased":["Mummified Hand","HollowMod:MantisMark","AttackPotion"],"campfire_rested":0,"item_purchase_floors":[21,45,45],"current_hp_per_floor":[63,66,59,59,59,59,59,28,28,28,22,22,37,35,35,17,94,99,99,99,99,99,99,99,99,99,99,99,93,88,88,99,57,99,99,99,75,97,59,66,40,59,59,71,71,100,100,106,106,106],"gold":213,"neow_bonus":"","is_daily":false,"chose_seed":false,"campfire_upgraded":6,"win_rate":0.0,"timestamp":1609942434,"path_taken":["M","M","?","?","?","E","R","E","T","R","?","?","?","?","R","BOSS","M","?","?","$","?","R","R","E","T","R","?","?","?","$","R","BOSS","M","?","?","?","?","E","E","E","T","R","$","?","?","E","R","BOSS"],"items_purchased_type":["Relic","Card","Potion"],"build_version":"2020-12-22","purchased_purges":4,"victory":true,"max_hp_per_floor":[75,75,75,75,75,87,87,87,87,87,87,87,94,94,94,94,94,99,99,99,99,99,99,99,99,99,99,99,99,99,99,99,99,99,99,99,99,99,106,106,106,106,106,106,106,106,106,106,106,106],"card_choices":[{"not_picked":["HollowMod:ChannelNail","HollowMod:SiblingsSouls"],"picked":"HollowMod:SoulStrike","floor":0},{"not_picked":["HollowMod:NewJinnsSoul","HollowMod:SoulStrike"],"picked":"HollowMod:SoulEater","floor":0},{"not_picked":["HollowMod:LifebloodCocoon","HollowMod:ChannelNail"],"picked":"HollowMod:DashSlash","floor":0},{"not_picked":["HollowMod:SharpenedNail","HollowMod:ChannelNail"],"picked":"HollowMod:GoodIntentions","floor":0},{"not_picked":["HollowMod:VengefulVoid","HollowMod:InfectedAttack"],"picked":"HollowMod:DescendingDark","floor":0},{"not_picked":["HollowMod:TaintedHusks","HollowMod:SoulVessel"],"picked":"HollowMod:BaldurShell","floor":0},{"not_picked":["HollowMod:DreamGate","HollowMod:TaintedHusks"],"picked":"HollowMod:DoubleDash","floor":0},{"not_picked":["HollowMod:DungDefenderAura","HollowMod:SharpenedShadows"],"picked":"HollowMod:VengefulVoid","floor":0},{"not_picked":["HollowMod:HeavyBlow","HollowMod:Grubsong"],"picked":"HollowMod:GreatSlash","floor":0},{"not_picked":["HollowMod:NewGlowingWomb","HollowMod:ChannelNail"],"picked":"HollowMod:BlackTendrils","floor":0},{"not_picked":["HollowMod:DesolateDive","HollowMod:LifebloodCocoon"],"picked":"HollowMod:WraithStrike","floor":0},{"not_picked":["HollowMod:InfectedAttack","HollowMod:HeavyBlow"],"picked":"HollowMod:CoiledNail","floor":0},{"not_picked":["HollowMod:SoulStrike","HollowMod:ChannelNail"],"picked":"HollowMod:BlackTendrils","floor":0},{"not_picked":["HollowMod:DashSlash","HollowMod:CoiledNail"],"picked":"HollowMod:InfectedCysts","floor":0},{"not_picked":["HollowMod:DungDefenderAura","HollowMod:SoulShaman"],"picked":"HollowMod:NewGlowingWomb","floor":0},{"not_picked":["HollowMod:SoulMaster","HollowMod:MidwifesHunger"],"picked":"HollowMod:Weaversong","floor":6},{"not_picked":["HollowMod:NewInfectedGuardian","HollowMod:SoulMaster","HollowMod:Hiveblood"],"picked":"SKIP","floor":8},{"not_picked":["HollowMod:NewInfectedGuardian","HollowMod:SoulMaster","HollowMod:theNailsmith"],"picked":"SKIP","floor":11},{"not_picked":["HollowMod:ZotesMagnificence","HollowMod:SoulMaster"],"picked":"HollowMod:VoidDash","floor":13},{"not_picked":["HollowMod:NewInfectedGuardian","HollowMod:VoidDash"],"picked":"HollowMod:PureVessel","floor":16},{"not_picked":["HollowMod:Hiveblood","HollowMod:ZotesMagnificence","HollowMod:ElderbugsWisdom"],"picked":"SKIP","floor":22},{"not_picked":["HollowMod:HornetsHelp","HollowMod:ZotesMagnificence","HollowMod:MidwifesHunger"],"picked":"SKIP","floor":25},{"not_picked":["HollowMod:HornetsHelp","HollowMod:SoulMaster","HollowMod:ZotesMagnificence"],"picked":"SKIP","floor":29},{"not_picked":["HollowMod:theNailsmith","HollowMod:AwokenDreamNail","HollowMod:HornetsHelp"],"picked":"SKIP","floor":38},{"not_picked":["HollowMod:NewInfectedGuardian","HollowMod:PureVessel","HollowMod:SoulMaster"],"picked":"SKIP","floor":39},{"not_picked":["HollowMod:SoulMaster","HollowMod:Weaversong","HollowMod:ZotesMagnificence"],"picked":"SKIP","floor":40},{"not_picked":["HollowMod:Hiveblood","HollowMod:MidwifesHunger","HollowMod:PureVessel"],"picked":"SKIP","floor":41},{"not_picked":["HollowMod:AwokenDreamNail","HollowMod:NewInfectedGuardian","HollowMod:LifebloodCore"],"picked":"SKIP","floor":42},{"not_picked":["HollowMod:Hiveblood","HollowMod:NewInfectedGuardian"],"picked":"HollowMod:SlysStrikes","floor":46},{"not_picked":["HollowMod:theNailsmith","HollowMod:LordofShades"],"picked":"HollowMod:SlysStrikes","floor":48}],"player_experience":803475,"relics_obtained":[{"floor":1,"key":"CaptainsWheel"},{"floor":2,"key":"DemoMod:GundromedaStrain"},{"floor":3,"key":"Bird Faced Urn"},{"floor":6,"key":"DemoMod:Orange"},{"floor":8,"key":"Du-Vu Doll"},{"floor":9,"key":"Shuriken"},{"floor":11,"key":"HollowMod:StagPassRelic"},{"floor":12,"key":"ReplayFunnel"},{"floor":13,"key":"DemoMod:PinkGuonStone"},{"floor":14,"key":"Girya"},{"floor":20,"key":"Bag of Marbles"},{"floor":22,"key":"Eternal Feather"},{"floor":25,"key":"Quantum Egg"},{"floor":26,"key":"Regal Pillow"},{"floor":29,"key":"Runesmith:AutoHammer"},{"floor":30,"key":"Replay:Rubber Ducky"},{"floor":35,"key":"DemoMod:PoisonVial"},{"floor":38,"key":"Bottled Flame"},{"floor":39,"key":"DemoMod:MonsterBlood"},{"floor":40,"key":"HollowMod:MillibellesNoteRelic"},{"floor":42,"key":"Vajra"},{"floor":43,"key":"Replay:Baseball"},{"floor":46,"key":"Molten Egg 2"},{"floor":47,"key":"DemoMod:ClearGuonStone"},{"floor":48,"key":"DemoMod:Metronome"}],"event_choices":[{"damage_healed":0,"gold_gain":0,"player_choice":"Box","damage_taken":0,"relics_obtained":["Replay:Bottled Eggs"],"max_hp_gain":0,"max_hp_loss":0,"event_name":"Big Fish","floor":4,"gold_loss":0,"cards_obtained":["Regret"]},{"damage_healed":0,"gold_gain":0,"player_choice":"Read","damage_taken":0,"max_hp_gain":0,"max_hp_loss":0,"event_name":"The Library","floor":19,"gold_loss":0,"cards_obtained":["HollowMod:ShadowDash"]},{"cards_removed":["HollowMod:CoiledNail"],"damage_healed":0,"gold_gain":0,"player_choice":"Removed Attack","damage_taken":0,"max_hp_gain":0,"max_hp_loss":0,"event_name":"Falling","floor":36,"gold_loss":0}],"is_beta":false,"boss_relics":[{"not_picked":["SacredBark","Snecko Eye"],"picked":"DemoMod:WaxWing"},{"not_picked":["Velvet Choker","ReplayTheSpireMod:DimensionalGlitch"],"picked":"Coffee Dripper"}],"items_purged_floors":[21,28,31,45],"is_endless":false,"potions_floor_spawned":[3,13,16,18,22,25,38,39,46,48],"ascension_level":0}}