{"host":"g01l53quoe6lrer0","time":1609928520,"event":{"mods":["2.2 Compatiblity","AchievementEnabler","BaseMod","Colored Map","Highlight Path","Keyboard Shortcuts","Minty Spire (QoL Compilation)","Permanent Neow","Quick Restart","StSLib","SuperFastMode","everything is the same but u backflip on backflip"],"gold_per_floor":[18,34,34,53,66,66,79,114,164,164,184,30,48,11,11,115,115,129,129,148,48,147,147,160,160,160,160,178,178,0,29,29,128,128,142,142,160,177,4,4,4,4],"floor_reached":41,"playtime":1428,"items_purged":["Strike_B","Strike_B","Thunder Strike"],"score":562,"play_id":"3758739c-5d3a-446c-99b5-77676ef7e6cb","local_time":"20210106192200","is_ascension_mode":true,"campfire_choices":[{"data":"Zap","floor":6.0,"key":"SMITH"},{"floor":10.0,"key":"REST"},{"floor":15.0,"key":"REST"},{"data":"Defragment","floor":23.0,"key":"SMITH"},{"data":"Capacitor","floor":25.0,"key":"SMITH"},{"floor":27.0,"key":"REST"},{"data":"Hologram","floor":29.0,"key":"SMITH"},{"floor":32,"key":"REST"},{"floor":40,"key":"REST"}],"circlet_count":0,"master_deck":["Zap+1","Dualcast","Melter","Go for the Eyes","Gash","Rebound","Rebound","All For One","Steam Power","Stack","BootSequence","Glacier","Capacitor+1","Defragment+1","Self Repair","Echo Form","Glacier+1","Leap+1","Chill+1","Barrage+1","Stack","Hologram+1","Glacier","Core Surge","Cold Snap","Aggregate","Reinforced Body","Aggregate","Rebound","Glacier+1","Streamline+1","Conserve Battery","Hologram+1"],"relics":["Cracked Core","Prayer Wheel","Omamori","Lantern","Nuclear Battery","HornCleat","Bottled Lightning","PreservedInsect","Pandora\u0027s Box"],"acts_visited":["Exordium","TheCity","TheBeyond"],"potions_floor_usage":[33,33,38,41],"damage_taken":[{"damage":1.0,"enemies":"Cultist","floor":1.0,"turns":3.0},{"damage":7.0,"enemies":"Jaw Worm","floor":2.0,"turns":3.0},{"damage":3.0,"enemies":"2 Louse","floor":4.0,"turns":2.0},{"damage":9.0,"enemies":"2 Fungi Beasts","floor":5.0,"turns":3.0},{"damage":16.0,"enemies":"Lots of Slimes","floor":7.0,"turns":3.0},{"damage":25.0,"enemies":"Lagavulin","floor":8.0,"turns":5.0},{"damage":0.0,"enemies":"Looter","floor":11.0,"turns":2.0},{"damage":0.0,"enemies":"Red Slaver","floor":13.0,"turns":3.0},{"damage":17.0,"enemies":"Slime Boss","floor":16.0,"turns":7.0},{"damage":19.0,"enemies":"Chosen","floor":18.0,"turns":5.0},{"damage":0.0,"enemies":"Shell Parasite","floor":20.0,"turns":8.0},{"damage":3.0,"enemies":"3 Cultists","floor":24.0,"turns":7.0},{"damage":0.0,"enemies":"Cultist and Chosen","floor":28.0,"turns":7.0},{"damage":24,"enemies":"Slavers","floor":31,"turns":10},{"damage":54,"enemies":"Champ","floor":33,"turns":15},{"damage":0,"enemies":"3 Shapes","floor":35,"turns":8},{"damage":27,"enemies":"3 Darklings","floor":37,"turns":9},{"damage":39,"enemies":"Sphere and 2 Shapes","floor":38,"turns":4},{"damage":27,"enemies":"Giant Head","floor":41,"turns":9}],"seed_played":"7650045646433621526","potions_obtained":[{"floor":1.0,"key":"Swift Potion"},{"floor":3.0,"key":"LiquidBronze"},{"floor":3.0,"key":"DistilledChaos"},{"floor":7.0,"key":"PowerPotion"},{"floor":8.0,"key":"LiquidMemories"},{"floor":18.0,"key":"Swift Potion"},{"floor":20.0,"key":"CultistPotion"},{"floor":31,"key":"SpeedPotion"}],"is_trial":false,"path_per_floor":["M","M","?","M","M","R","M","E","T","R","M","$","M","$","R","B",null,"M","?","M","$","?","R","M","R","T","R","M","R","?","E","R","B",null,"M","?","M","M","$","R","E"],"character_chosen":"DEFECT","items_purchased":["Defragment","Self Repair","FocusPotion"],"campfire_rested":5,"item_purchase_floors":[12,14,39],"current_hp_per_floor":[67,60,60,57,48,48,32,7,7,29,29,29,29,29,51,41,67,55,55,55,55,55,55,59,59,59,75,75,75,75,58,75,28,63,63,63,43,4,4,26,0,0],"gold":4,"neow_bonus":"ONE_RARE_RELIC","is_daily":false,"chose_seed":false,"campfire_upgraded":4,"win_rate":0.0,"timestamp":1609928520,"path_taken":["M","M","?","M","M","R","M","E","T","R","M","?","M","?","R","BOSS","M","?","M","$","?","R","M","R","T","R","M","R","?","E","R","BOSS","M","?","M","?","$","R","E"],"items_purchased_type":["Card","Card","Potion"],"build_version":"2020-12-22","purchased_purges":3,"victory":false,"max_hp_per_floor":[75,75,75,75,75,75,75,75,75,75,75,75,75,75,75,75,75,75,75,75,75,75,75,75,75,75,75,75,75,75,75,75,75,75,75,75,75,75,75,75,75,75],"card_choices":[{"not_picked":["Barrage","Sunder"],"picked":"Melter","floor":1.0},{"not_picked":["Turbo","Force Field","Rip and Tear"],"picked":"SKIP","floor":1.0},{"not_picked":["Cold Snap","Fission"],"picked":"Go for the Eyes","floor":2.0},{"not_picked":["Beam Cell","Rebound"],"picked":"Gash","floor":2.0},{"not_picked":["Cold Snap","Redo"],"picked":"Rebound","floor":4.0},{"not_picked":["Leap","Barrage"],"picked":"Rebound","floor":4.0},{"not_picked":["Self Repair","Steam"],"picked":"All For One","floor":5.0},{"not_picked":["Leap","Rebound","Ball Lightning"],"picked":"SKIP","floor":5.0},{"not_picked":["Fission","Melter"],"picked":"Steam Power","floor":7.0},{"not_picked":["Coolheaded","Streamline"],"picked":"Stack","floor":7.0},{"not_picked":["Loop","Ball Lightning"],"picked":"BootSequence","floor":8.0},{"not_picked":["Compile Driver","Capacitor"],"picked":"Glacier","floor":11.0},{"not_picked":["Consume","Sweeping Beam"],"picked":"Capacitor","floor":11.0},{"not_picked":["Sunder","Beam Cell","Go for the Eyes"],"picked":"SKIP","floor":13.0},{"not_picked":["Turbo","Creative AI","Barrage"],"picked":"SKIP","floor":13.0},{"not_picked":["Thunder Strike","Electrodynamics"],"picked":"Echo Form","floor":16.0},{"not_picked":["Loop","Sweeping Beam"],"picked":"Glacier+1","floor":18.0},{"not_picked":["Scrape","Melter"],"picked":"Leap+1","floor":18.0},{"not_picked":["Compile Driver","FTL+1"],"picked":"Chill+1","floor":20.0},{"not_picked":["Coolheaded","Reprogram"],"picked":"Barrage+1","floor":20.0},{"not_picked":["Tempest","Rebound","Hello World"],"picked":"SKIP","floor":24.0},{"not_picked":["Stack","Sweeping Beam","Ball Lightning"],"picked":"SKIP","floor":24.0},{"not_picked":["Sweeping Beam","Ball Lightning"],"picked":"Stack","floor":24.0},{"not_picked":["Tempest","Rebound","Hello World"],"picked":"SKIP","floor":24.0},{"not_picked":["Leap","Stack"],"picked":"Hologram","floor":28.0},{"not_picked":["Hello World","Scrape+1","FTL"],"picked":"SKIP","floor":28.0},{"not_picked":["Heatsinks","Multi-Cast"],"picked":"Glacier","floor":31},{"not_picked":["Buffer","Hyperbeam"],"picked":"Core Surge","floor":33},{"not_picked":["Darkness","Beam Cell+1"],"picked":"Glacier+1","floor":35},{"not_picked":["Steam","Rip and Tear+1","Aggregate+1"],"picked":"SKIP","floor":35},{"not_picked":["Redo+1","Stack"],"picked":"Streamline+1","floor":37},{"not_picked":["Go for the Eyes+1","Redo"],"picked":"Conserve Battery","floor":37},{"not_picked":["Melter+1","Steam"],"picked":"Hologram+1","floor":38},{"not_picked":["Redo","Streamline+1","Go for the Eyes+1"],"picked":"SKIP","floor":38}],"player_experience":29120,"relics_obtained":[{"floor":8.0,"key":"Omamori"},{"floor":9.0,"key":"Lantern"},{"floor":26.0,"key":"Bottled Lightning"},{"floor":31,"key":"PreservedInsect"}],"event_choices":[{"damage_healed":0.0,"max_hp_gain":0.0,"max_hp_loss":0.0,"gold_gain":0.0,"event_name":"Lab","player_choice":"Got Potions","floor":3.0,"gold_loss":0.0,"damage_taken":0.0},{"damage_healed":0.0,"max_hp_gain":0.0,"max_hp_loss":0.0,"gold_gain":0.0,"event_name":"The Mausoleum","player_choice":"Opened","floor":19.0,"gold_loss":0.0,"damage_taken":0.0,"relics_obtained":["HornCleat"]},{"damage_healed":0.0,"max_hp_gain":0.0,"max_hp_loss":0.0,"gold_gain":99.0,"event_name":"Nest","player_choice":"Stole From Cult","floor":22.0,"gold_loss":0.0,"damage_taken":0.0},{"damage_healed":0,"gold_gain":0,"player_choice":"Paid Fearfully","damage_taken":0,"max_hp_gain":0,"max_hp_loss":0,"event_name":"Masked Bandits","floor":30,"gold_loss":178},{"damage_healed":0,"gold_gain":0,"cards_transformed":["Storm"],"player_choice":"Transformed","damage_taken":0,"max_hp_gain":0,"max_hp_loss":0,"event_name":"Transmorgrifier","floor":36,"gold_loss":0,"cards_obtained":["Thunder Strike"]}],"is_beta":false,"boss_relics":[{"not_picked":["Astrolabe","Tiny House"],"picked":"Nuclear Battery"},{"not_picked":["Coffee Dripper","Sozu"],"picked":"Pandora\u0027s Box"}],"items_purged_floors":[12,21,39],"is_endless":false,"potions_floor_spawned":[1,4,7,8,18,20,31],"killed_by":"Giant Head","ascension_level":6}}