{"host":"eemx8njkng76fu5x","time":1609956152,"event":{"mods":["2.2 Compatiblity","BaseMod","Downfall","Minty Spire (QoL Compilation)","Permanent Neow","StSLib","Unceasing Turn Reminder","Unknown Chances"],"gold_per_floor":[99,115,134,151,165,191,239,239,255,286,211,45,127,157,168,271,271,196,212,228,246,346,372,372,372,297,307,307,332,149,161,179,274,324,324,344,11,22,32,65,90,108,143,143,143,168,179,179,226,226,226,251,114,114,114],"floor_reached":56,"playtime":4110,"items_purged":["sneckomod:TailWhip","sneckomod:UnknownX"],"score":1753,"play_id":"f5a2d11e-c0c2-4628-a88f-034133247f63","local_time":"20210107020232","is_ascension_mode":true,"campfire_choices":[{"data":"sneckomod:Rotation","floor":1.0,"key":"SMITH"},{"floor":8.0,"key":"RECALL"},{"data":"sneckomod:UnknownRarePower","floor":11,"key":"SMITH"},{"data":"sneckomod:SerpentMind","floor":18,"key":"SMITH"},{"data":"sneckomod:CheapStock","floor":26,"key":"SMITH"},{"data":"sneckomod:PureSnecko","floor":35,"key":"SMITH"},{"data":"expansioncontent:DashGenerateEvil","floor":45,"key":"SMITH"},{"data":"sneckomod:DefensiveFlair","floor":54,"key":"SMITH"}],"circlet_count":0,"master_deck":["sneckomod:SnekBite+1","sneckomod:Unknown","sneckomod:Unknown","sneckomod:Rotation+1","sneckomod:UnknownStrength+1","sneckomod:UnknownClassSLIMEBOUND","sneckomod:QuickBite","sneckomod:UnknownRarePower+1","sneckomod:QuickBite","sneckomod:UnknownRareSkill+1","sneckomod:UnknownClassPURPLE+1","sneckomod:UnknownRareAttack+1","sneckomod:UnknownRareSkill+1","sneckomod:UnknownRarePower+1","sneckomod:UnknownWeak+1","sneckomod:UnknownVulnerable+1","sneckomod:CheapStock+1","sneckomod:UnknownUncommonAttack+1","sneckomod:DefensiveFlair+1","sneckomod:UnknownClassPURPLE+1","sneckomod:SerpentMind+1","sneckomod:UnknownBlock+1","sneckomod:DefensiveFlair+1","sneckomod:UnknownBlock+1","sneckomod:PureSnecko+1","sneckomod:UnknownClassGUARDIAN+1","sneckomod:UnknownBlock+1","sneckomod:UnknownClassGREEN+1","sneckomod:UnknownUncommonPower+1","sneckomod:UnknownClassSLIMEBOUND+1","sneckomod:UnknownX+1","sneckomod:UnknownBlock+1","expansioncontent:Collect+1","sneckomod:UnknownUncommonPower+1","sneckomod:UnknownWeak+1","sneckomod:UnknownRareAttack+1","sneckomod:UnknownWeak+1","expansioncontent:DashGenerateEvil+1","sneckomod:UnknownVulnerable+1","sneckomod:UnknownExhaust+1","sneckomod:UnknownClassGUARDIAN+1","sneckomod:QuickBite+1","sneckomod:UnknownBlock+1","sneckomod:UnknownRareAttack+1"],"relics":["sneckomod:SneckoSoul","Matryoshka","Lantern","Pen Nib","sneckomod:UnknownEgg","downfall:HeartBlessingRed","sneckomod:RareBoosterPack","Vajra","Philosopher\u0027s Stone","downfall:HeartBlessingGreen","Thread and Needle","Frozen Egg 2","Whetstone","Letter Opener","downfall:HeartBlessingBlue","Bottled Tornado","Tiny House","Anchor","Strawberry","Blood Vial","Omamori","Bag of Preparation","PreservedInsect"],"acts_visited":["Exordium","TheCity","TheBeyond","TheEnding"],"potions_floor_usage":[16,19,22,22,55,55,55],"damage_taken":[{"damage":0.0,"enemies":"Cultist","floor":2.0,"turns":2.0},{"damage":0.0,"enemies":"2 Louse","floor":3.0,"turns":2.0},{"damage":12.0,"enemies":"Jaw Worm","floor":4.0,"turns":4.0},{"damage":4.0,"enemies":"2 Fungi Beasts","floor":5.0,"turns":3.0},{"damage":22.0,"enemies":"Gremlin Nob","floor":6.0,"turns":4.0},{"damage":2.0,"enemies":"Blue Slaver","floor":9.0,"turns":4.0},{"damage":5,"enemies":"3 Sentries","floor":10,"turns":6},{"damage":15,"enemies":"downfall:FleeingMerchant","floor":12,"turns":4},{"damage":1,"enemies":"downfall:FleeingMerchant","floor":13,"turns":4},{"damage":14,"enemies":"Gremlin Nob","floor":14,"turns":3},{"damage":0,"enemies":"Large Slime","floor":15,"turns":3},{"damage":33,"enemies":"downfall:Ironclad","floor":16,"turns":7},{"damage":2,"enemies":"3 Byrds","floor":19,"turns":3},{"damage":12,"enemies":"Snake Plant","floor":20,"turns":2},{"damage":22,"enemies":"Centurion and Healer","floor":21,"turns":5},{"damage":13,"enemies":"Colosseum Nobs","floor":22,"turns":6},{"damage":17,"enemies":"Book of Stabbing","floor":23,"turns":4},{"damage":10,"enemies":"Chosen and Byrds","floor":27,"turns":4},{"damage":28,"enemies":"Slavers","floor":29,"turns":4},{"damage":10,"enemies":"Cultist and Chosen","floor":31,"turns":3},{"damage":6,"enemies":"Centurion and Healer","floor":32,"turns":2},{"damage":18,"enemies":"downfall:Silent","floor":33,"turns":10},{"damage":0,"enemies":"Orb Walker","floor":36,"turns":5},{"damage":2,"enemies":"3 Darklings","floor":38,"turns":3},{"damage":18,"enemies":"4 Shapes","floor":39,"turns":4},{"damage":0,"enemies":"Maw","floor":40,"turns":5},{"damage":3,"enemies":"Writhing Mass","floor":42,"turns":4},{"damage":0,"enemies":"Giant Head","floor":43,"turns":5},{"damage":8,"enemies":"Reptomancer","floor":46,"turns":3},{"damage":11,"enemies":"3 Darklings","floor":47,"turns":3},{"damage":14,"enemies":"Jaw Worm Horde","floor":49,"turns":5},{"damage":10,"enemies":"downfall:Watcher","floor":50,"turns":3},{"damage":14,"enemies":"downfall:CharBossMerchant","floor":52,"turns":5},{"damage":4,"enemies":"downfall:NeowBoss","floor":55,"turns":12}],"seed_played":"-9041496837600862085","potions_obtained":[{"floor":4.0,"key":"Guardian:BlockOnCardUsePotion"},{"floor":6.0,"key":"CultistPotion"},{"floor":10,"key":"champ:CounterPotion"},{"floor":14,"key":"SteroidPotion"},{"floor":16,"key":"ColorlessPotion"},{"floor":19,"key":"Strength Potion"},{"floor":20,"key":"Ancient Potion"},{"floor":22,"key":"Explosive Potion"},{"floor":34,"key":"DuplicationPotion"},{"floor":39,"key":"Ancient Potion"},{"floor":43,"key":"DuplicationPotion"}],"is_trial":false,"path_per_floor":["R","M","M","M","M","E","T","R","M","E","R","$","$","E","M","B",null,"R","M","M","M","?","E","T","?","R","M","?","E","$","M","M","B",null,"R","M","$","M","M","M","T","M","E","?","R","E","M","?","M","B",null,"E","$","R","B",null],"character_chosen":"THE_SNECKO","items_purchased":["sneckomod:RareBoosterPack","sneckomod:UnknownVulnerable+1","sneckomod:CheapStock","sneckomod:UnknownUncommonAttack+1","expansioncontent:Collect+1","Anchor","expansioncontent:DashGenerateEvil","sneckomod:UnknownRareAttack+1"],"campfire_rested":0,"item_purchase_floors":[12,13,13,13,30,37,37,53],"current_hp_per_floor":[90,91,92,81,81,60,60,60,58,54,54,58,60,46,47,14,103,103,101,89,72,62,46,46,82,92,82,88,63,63,54,49,32,134,134,135,135,136,118,118,125,123,124,124,124,118,111,111,99,101,145,146,147,147,147],"gold":114,"neow_bonus":"THREE_CARDS","is_daily":false,"chose_seed":false,"campfire_upgraded":7,"win_rate":0.0,"timestamp":1609956152,"path_taken":["R","M","M","M","M","E","T","R","M","E","R","?","$","E","M","BOSS","R","M","M","M","?","E","T","?","R","M","?","E","$","?","M","BOSS","R","M","$","M","M","M","T","M","E","?","R","E","M","?","M","BOSS","E","$","R","BOSS"],"items_purchased_type":["Relic","Card","Card","Card","Card","Relic","Card","Card"],"build_version":"2020-12-22","purchased_purges":2,"victory":true,"max_hp_per_floor":[90,91,92,93,93,94,94,94,94,95,95,99,102,102,103,103,103,103,103,103,108,108,109,109,109,119,119,125,126,126,127,128,129,134,134,135,135,136,136,136,143,144,145,145,145,145,145,145,145,145,145,146,147,147,147],"card_choices":[{"not_picked":["sneckomod:WideSting","sneckomod:DiceCrush"],"picked":"sneckomod:Rotation","floor":0.0},{"not_picked":["sneckomod:UnknownCommonSkill","sneckomod:IronFang"],"picked":"sneckomod:UnknownStrength","floor":2.0},{"not_picked":["sneckomod:RainOfDice","sneckomod:UnknownBlock"],"picked":"sneckomod:UnknownX","floor":3.0},{"not_picked":["sneckomod:Unknown1Cost","sneckomod:UnknownBlock"],"picked":"sneckomod:UnknownClassSLIMEBOUND","floor":4.0},{"not_picked":["sneckomod:Unknown1Cost","sneckomod:DiceBoulder"],"picked":"sneckomod:QuickBite","floor":5.0},{"not_picked":["sneckomod:DefensiveFlair","sneckomod:ImprovisedGuard"],"picked":"sneckomod:UnknownRarePower","floor":6.0},{"not_picked":["sneckomod:Nope","sneckomod:UnknownCommonSkill"],"picked":"sneckomod:QuickBite","floor":9.0},{"not_picked":["sneckomod:UnknownX+1","sneckomod:SoulDraw"],"picked":"sneckomod:UnknownRareSkill+1","floor":10},{"not_picked":["sneckomod:UnknownX+1","sneckomod:WideSting"],"picked":"sneckomod:UnknownClassPURPLE+1","floor":12},{"not_picked":["sneckomod:UnknownX+1","sneckomod:Unknown1Cost+1"],"picked":"sneckomod:UnknownWeak+1","floor":13},{"not_picked":["sneckomod:UnknownCommonAttack+1","sneckomod:SerpentIdol"],"picked":"sneckomod:DefensiveFlair","floor":14},{"not_picked":["sneckomod:DefensiveFlair","sneckomod:IronFang"],"picked":"sneckomod:UnknownClassPURPLE+1","floor":15},{"not_picked":["sneckomod:UnknownRareSkill+1","sneckomod:UnlimitedRolls"],"picked":"sneckomod:SerpentMind","floor":16},{"not_picked":["sneckomod:UnknownExhaust+1","sneckomod:UnknownStrike+1","sneckomod:RainOfDice"],"picked":"SKIP","floor":19},{"not_picked":["sneckomod:SoulDraw","sneckomod:DiceCrush","sneckomod:WideSting+1"],"picked":"SKIP","floor":20},{"not_picked":["sneckomod:SoulRoll","sneckomod:RainOfDice"],"picked":"sneckomod:UnknownBlock+1","floor":21},{"not_picked":["sneckomod:UnknownClassGREEN+1","sneckomod:SoulRoll"],"picked":"sneckomod:DefensiveFlair+1","floor":22},{"not_picked":["sneckomod:UnknownVulnerable+1","sneckomod:Mudshield+1"],"picked":"sneckomod:UnknownBlock+1","floor":23},{"not_picked":["sneckomod:WideSting","sneckomod:SoulDraw+1"],"picked":"sneckomod:PureSnecko","floor":27},{"not_picked":["sneckomod:SerpentIdol","sneckomod:QuickMove"],"picked":"sneckomod:UnknownBlock+1","floor":29},{"not_picked":["sneckomod:SnekBeam","sneckomod:QuickMove+1"],"picked":"sneckomod:UnknownUncommonPower+1","floor":31},{"not_picked":["sneckomod:UnknownCommonAttack+1","sneckomod:IronFang+1"],"picked":"sneckomod:UnknownWeak+1","floor":32},{"not_picked":["sneckomod:UnknownRarePower+1","sneckomod:UnlimitedRolls+1"],"picked":"sneckomod:UnknownRareAttack+1","floor":33},{"not_picked":["sneckomod:RainOfDice+1","sneckomod:DiceBlock"],"picked":"sneckomod:UnknownWeak+1","floor":36},{"not_picked":["sneckomod:SoulRoll+1","sneckomod:Restock"],"picked":"sneckomod:UnknownVulnerable+1","floor":38},{"not_picked":["sneckomod:Nope","sneckomod:DiceBoulder","sneckomod:UnknownUncommonAttack+1"],"picked":"SKIP","floor":39},{"not_picked":["sneckomod:SnakeSap+1","sneckomod:SoulDraw","sneckomod:Nope"],"picked":"SKIP","floor":40},{"not_picked":["sneckomod:UnknownCommonAttack+1","sneckomod:SerpentIdol+1"],"picked":"sneckomod:UnknownExhaust+1","floor":42},{"not_picked":["sneckomod:UnknownWeak+1","sneckomod:Nope+1"],"picked":"sneckomod:UnknownClassGUARDIAN+1","floor":43},{"not_picked":["sneckomod:Nope+1","sneckomod:UnknownCommonSkill+1","sneckomod:SoulDraw"],"picked":"SKIP","floor":46},{"not_picked":["sneckomod:TrashToTreasure","sneckomod:UnknownBlock+1"],"picked":"sneckomod:QuickBite+1","floor":47},{"not_picked":["sneckomod:Unknown1Cost+1","sneckomod:UnknownCommonSkill+1","sneckomod:PureSnecko"],"picked":"SKIP","floor":49},{"not_picked":["sneckomod:WideSting+1","sneckomod:IronFang"],"picked":"sneckomod:UnknownBlock+1","floor":52}],"player_experience":459846,"relics_obtained":[{"floor":6.0,"key":"Matryoshka"},{"floor":7.0,"key":"Lantern"},{"floor":7.0,"key":"Pen Nib"},{"floor":10,"key":"sneckomod:UnknownEgg"},{"floor":14,"key":"Vajra"},{"floor":22,"key":"Thread and Needle"},{"floor":22,"key":"Frozen Egg 2"},{"floor":23,"key":"Whetstone"},{"floor":24,"key":"Letter Opener"},{"floor":29,"key":"Bottled Tornado"},{"floor":41,"key":"Strawberry"},{"floor":43,"key":"Blood Vial"},{"floor":44,"key":"Omamori"},{"floor":46,"key":"Bag of Preparation"},{"floor":52,"key":"PreservedInsect"}],"event_choices":[{"damage_healed":36,"gold_gain":0,"player_choice":"Heal","damage_taken":0,"max_hp_gain":0,"max_hp_loss":0,"event_name":"The Library","floor":25,"gold_loss":0}],"is_beta":false,"boss_relics":[{"not_picked":["Calling Bell","downfall:Hecktoplasm"],"picked":"Philosopher\u0027s Stone"},{"not_picked":["Runic Dome","Busted Crown"],"picked":"Tiny House"}],"items_purged_floors":[13,30],"is_endless":false,"potions_floor_spawned":[4,6,10,14,15,16,19,20,21,22,36,39,43,49,52],"ascension_level":4}}