{"host":"d8hh7rr4yzitjeuj","time":1609898913,"event":{"mods":["2.2 Compatiblity","AchievementEnabler","Act Like it!","BaseMod","Colored Map","Colored Powertips","Highlight Path","Keyboard Shortcuts","Minty Spire (QoL Compilation)","Permanent Neow","Quick Restart","StSLib","SuperFastMode"],"gold_per_floor":[116,134,146,158,169,169,195,195,222,238,253,265,282,343,343,343,343],"floor_reached":16,"playtime":599,"items_purged":[],"score":216,"play_id":"8258794a-0d44-4878-a11f-2c3fafb07cc2","local_time":"20210106110833","is_ascension_mode":true,"campfire_choices":[{"data":"Uppercut","floor":6.0,"key":"SMITH"},{"floor":8.0,"key":"REST"},{"floor":15.0,"key":"REST"}],"circlet_count":0,"master_deck":["AscendersBane","Strike_R","Strike_R","Strike_R","Strike_R","Strike_R","Defend_R","Defend_R","Defend_R","Defend_R","Bash","Clothesline","Pommel Strike","Feel No Pain","Uppercut+1","Iron Wave","Cleave","True Grit","Wild Strike","Shockwave","Shrug It Off","Dropkick"],"relics":["Burning Blood","Bird Faced Urn","Bag of Preparation","Tiny Chest"],"acts_visited":["Exordium"],"potions_floor_usage":[16,16],"damage_taken":[{"damage":15.0,"enemies":"Small Slimes","floor":1.0,"turns":5.0},{"damage":11.0,"enemies":"Jaw Worm","floor":2.0,"turns":5.0},{"damage":2.0,"enemies":"2 Louse","floor":3.0,"turns":3.0},{"damage":31.0,"enemies":"Gremlin Gang","floor":4.0,"turns":9.0},{"damage":6.0,"enemies":"Looter","floor":5.0,"turns":4.0},{"damage":30.0,"enemies":"3 Sentries","floor":7.0,"turns":9.0},{"damage":8.0,"enemies":"2 Fungi Beasts","floor":10.0,"turns":4.0},{"damage":15.0,"enemies":"3 Louse","floor":11.0,"turns":3.0},{"damage":8.0,"enemies":"Exordium Wildlife","floor":12.0,"turns":4.0},{"damage":2.0,"enemies":"Looter","floor":13.0,"turns":3.0},{"damage":19.0,"enemies":"3 Sentries","floor":14.0,"turns":5.0},{"damage":44,"enemies":"Slime Boss","floor":16,"turns":9}],"seed_played":"-4533168144826972450","potions_obtained":[{"floor":1.0,"key":"DuplicationPotion"},{"floor":5.0,"key":"Explosive Potion"},{"floor":7.0,"key":"BlessingOfTheForge"},{"floor":12.0,"key":"BlessingOfTheForge"},{"floor":14.0,"key":"LiquidBronze"}],"is_trial":false,"path_per_floor":["M","M","M","M","M","R","E","R","T","M","M","M","M","?","R","B"],"character_chosen":"IRONCLAD","items_purchased":[],"campfire_rested":2,"item_purchase_floors":[],"current_hp_per_floor":[59,54,58,33,33,33,9,31,31,29,22,20,24,13,35,0,0],"gold":343,"neow_bonus":"THREE_CARDS","is_daily":false,"chose_seed":false,"campfire_upgraded":1,"win_rate":0.0,"timestamp":1609898913,"path_taken":["M","M","M","M","M","R","E","R","T","M","M","M","M","?","R","BOSS"],"items_purchased_type":[],"build_version":"2020-12-22","purchased_purges":0,"victory":false,"max_hp_per_floor":[75,75,75,75,75,75,75,75,75,75,75,75,75,75,75,75,75],"card_choices":[{"not_picked":["Cleave","Wild Strike"],"picked":"Clothesline","floor":0.0},{"not_picked":["Disarm","Twin Strike"],"picked":"Pommel Strike","floor":1.0},{"not_picked":["Dark Embrace","Armaments"],"picked":"Feel No Pain","floor":2.0},{"not_picked":["Shrug It Off","Twin Strike"],"picked":"Uppercut","floor":3.0},{"not_picked":["Havoc","Uppercut","Clothesline"],"picked":"SKIP","floor":4.0},{"not_picked":["Headbutt","Shockwave"],"picked":"Iron Wave","floor":5.0},{"not_picked":["Bludgeon","Metallicize"],"picked":"Cleave","floor":7.0},{"not_picked":["Clothesline","Headbutt"],"picked":"True Grit","floor":10.0},{"not_picked":["Rupture","Perfected Strike"],"picked":"Wild Strike","floor":11.0},{"not_picked":["Armaments","Flex"],"picked":"Shockwave","floor":12.0},{"not_picked":["Clash","Sentinel"],"picked":"Shrug It Off","floor":13.0},{"not_picked":["Infernal Blade","Pommel Strike"],"picked":"Dropkick","floor":14.0}],"player_experience":1410257,"relics_obtained":[{"floor":7.0,"key":"Bird Faced Urn"},{"floor":9.0,"key":"Bag of Preparation"},{"floor":14.0,"key":"Tiny Chest"}],"event_choices":[{"damage_healed":0.0,"max_hp_gain":0.0,"max_hp_loss":0.0,"gold_gain":0.0,"event_name":"Dead Adventurer","player_choice":"Searched \u00271\u0027 times","floor":14.0,"gold_loss":0.0,"damage_taken":0.0}],"is_beta":false,"boss_relics":[],"items_purged_floors":[],"is_endless":false,"potions_floor_spawned":[1,5,7,12,14],"killed_by":"Slime Boss","ascension_level":20}}