{"host":"rcanb95qz4o6v6pp","time":1609921321,"event":{"mods":["AchievementEnabler","BaseMod","Better Third Choice","BetterRewards","Clawfect","Colored Map","Downfall","Googly Eyes","Minty Spire (QoL Compilation)","Replay The Spire","Spicy Shops","StSLib","The Blue Laboratory"],"gold_per_floor":[144,144,27,27,27,120,213,306,332,419,506,536,620,716,716,1004,1004,1043,1043,1043,1079,1154,1154,1253,1334,1334,1424,809,1,49,145,145,451,451,493,194,154,232,259,340,430,826,826,826,910,1015,564,663,663,663,663,663,84,165,165],"floor_reached":56,"playtime":4897,"items_purged":["Decay"],"score":2227,"play_id":"d3f48ee2-c9bd-4887-99d4-605fe7fbabbb","local_time":"20210106032201","daily_mods":["SealedDeck","Heirloom","Time Dilation","Flight","DeadlyEvents","Elite Swarm","Lethality","Midas"],"is_ascension_mode":false,"campfire_choices":[{"floor":23.0,"key":"RECALL"},{"floor":32,"key":"REST"},{"floor":44,"key":"DIG"},{"floor":52,"key":"DIG"}],"circlet_count":0,"master_deck":["Clawfect:Clawter+1","Gash+1","Clawfect:Clawrage+1","Clawfect:ClawLightning","Clawfect:ClawForTheEyes","Clawfect:ClawCell","Clawfect:ClawCell","Gash+1","Clawfect:ClawCell","Clawfect:ClawForTheEyes","ReplayRNGCard+1","Gash+1","ReplayRNGCard+1","Panache+1","Panache+1","ReplayTheSpireMod:Private Reserves","Chill","Core Surge+1","Core Surge+1","ReplayTheSpireMod:Faulty Equipment","ReplayRNGCard","Clawfect:ClawAndTear+1","Clawfect:ClawSnap+1"],"relics":["Unceasing Top","Ring of Chaos","Turnip","hexamod:BolsterEngine","Nunchaku","Bag of Marbles","ReplayFunnel","Peace Pipe","Vajra","Molten Egg 2","Black Star","Replay:Arrowhead","FossilizedHelix","ReplayTheSpireMod:Lightbulb","Art of War","Emotion Chip","Bottled Lightning","Whetstone","Lee\u0027s Waffle","TheAbacus","Medical Kit","Symbiotic Virus","Gremlin Food","Happy Flower","Garlic","expansioncontent:StudyCardRelic","OrangePellets","Guide Book","Question Card","Blood Vial","PreservedInsect","Shovel","Geode","DataDisk","Bird Faced Urn","Old Coin","Replay:Rubber Ducky","Blue Doll","Ancient Tea Set","Bag of Preparation","Replay:Bottled Flurry","Mercury Hourglass","Bottled Flame","ReplayTheSpireMod:CursedCoin","Anchor","Ornamental Fan","Raider\u0027s Mask","Replay:Wax Seal","Ginger","Replay:WaspNest","Divine Protection","Pantograph","Letter Opener","Lantern"],"acts_visited":["Exordium","TheCity","TheBeyond","TheEnding"],"potions_floor_usage":[55],"damage_taken":[{"damage":0.0,"enemies":"Small Slimes","floor":1.0,"turns":1.0},{"damage":0.0,"enemies":"3 Sentries","floor":6.0,"turns":1.0},{"damage":0.0,"enemies":"Gremlin Nob","floor":7.0,"turns":1.0},{"damage":0.0,"enemies":"Replay:BlueRogue","floor":8.0,"turns":1.0},{"damage":0.0,"enemies":"3 Sentries","floor":10.0,"turns":1.0},{"damage":0.0,"enemies":"Lagavulin","floor":11.0,"turns":1.0},{"damage":0.0,"enemies":"2 Louse","floor":12.0,"turns":1.0},{"damage":0.0,"enemies":"3 Sentries","floor":13.0,"turns":1.0},{"damage":0.0,"enemies":"Gremlin Nob","floor":14.0,"turns":1.0},{"damage":0.0,"enemies":"Hexaghost","floor":16.0,"turns":1.0},{"damage":0.0,"enemies":"3 Byrds","floor":18.0,"turns":1.0},{"damage":0.0,"enemies":"Chosen","floor":21.0,"turns":1.0},{"damage":0.0,"enemies":"Slavers","floor":22.0,"turns":1.0},{"damage":0.0,"enemies":"Gremlin Leader","floor":25.0,"turns":1.0},{"damage":0,"enemies":"Book of Stabbing","floor":27,"turns":1},{"damage":0,"enemies":"Centurion and Healer","floor":30,"turns":1},{"damage":0,"enemies":"Gremlin Leader","floor":31,"turns":1},{"damage":0,"enemies":"Pondfish","floor":33,"turns":2},{"damage":0,"enemies":"3 Darklings","floor":35,"turns":1},{"damage":0,"enemies":"R_Hoarder","floor":38,"turns":2},{"damage":0,"enemies":"Reptomancer","floor":40,"turns":1},{"damage":0,"enemies":"Giant Head","floor":41,"turns":1},{"damage":0,"enemies":"Reptomancer","floor":42,"turns":1},{"damage":0,"enemies":"Giant Head","floor":45,"turns":1},{"damage":0,"enemies":"R_Hoarder","floor":46,"turns":2},{"damage":0,"enemies":"Reptomancer","floor":48,"turns":2},{"damage":0,"enemies":"Awakened One","floor":50,"turns":4},{"damage":0,"enemies":"Shield and Spear","floor":54,"turns":1},{"damage":0,"enemies":"The Heart","floor":55,"turns":3}],"seed_played":"-5715123670526729393","potions_obtained":[{"floor":8.0,"key":"ColorlessPotion"},{"floor":11.0,"key":"blueLaboratory:BiasPotion"},{"floor":21.0,"key":"EssenceOfSteel"}],"is_trial":true,"path_per_floor":["M","?","$","?","?","E","E","E","T","E","E","M","E","E","R_BF","B",null,"M","?","?","M","E","R","?","E","T","E","$","$","M","E","R","B",null,"M","$","?","E","T","E","E","E","T","R","E","E","$","E","R_BF","B",null,"R","$","E","B",null],"character_chosen":"DEFECT","items_purchased":["EssenceOfSteel","Whetstone","Lee\u0027s Waffle","TheAbacus","Panache","Medical Kit","Panache","Symbiotic Virus","ReplayTheSpireMod:Private Reserves","Gremlin Food","OrangePellets","Guide Book","ReplayTheSpireMod:CursedCoin","blueLaboratory:FrostheartPotion","Anchor","Ornamental Fan","Raider\u0027s Mask","GamblersBrew","Divine Protection","Clawfect:ClawAndTear+1","Clawfect:ClawSnap+1","Pantograph"],"campfire_rested":1,"item_purchase_floors":[3,28,28,28,28,29,29,29,29,29,36,36,47,47,47,47,47,53,53,53,53,53],"current_hp_per_floor":[75,75,75,60,60,60,60,60,60,60,60,60,60,60,75,75,75,75,75,75,75,75,75,75,75,75,75,82,82,82,82,82,82,82,82,82,82,82,82,82,82,82,82,82,82,82,82,82,72,82,82,82,82,82,82],"gold":165,"neow_bonus":"","is_daily":false,"chose_seed":false,"campfire_upgraded":0,"win_rate":0.0,"timestamp":1609921321,"path_taken":["M","?","$","?","?","E","E","E","T","E","E","?","E","E","R_BF","BOSS","M","?","?","?","?","R","?","E","T","E","$","$","M","E","R","BOSS","M","$","?","?","?","E","E","E","T","R","E","E","$","?","R_BF","BOSS","R","$","E","BOSS"],"items_purchased_type":["Potion","Relic","Relic","Relic","Card","Relic","Card","Relic","Card","Relic","Relic","Relic","Relic","Potion","Relic","Relic","Relic","Potion","Relic","Card","Card","Relic"],"build_version":"2020-12-22","purchased_purges":1,"victory":true,"max_hp_per_floor":[75,75,75,75,75,75,75,75,75,75,75,75,75,75,75,75,75,75,75,75,75,75,75,75,75,75,75,82,82,82,82,82,82,82,82,82,82,82,82,82,82,82,82,82,82,82,82,82,82,82,82,82,82,82,82],"card_choices":[{"not_picked":["Steam Power","Stack","Clawfect:ScrapingClaw"],"picked":"SKIP","floor":1.0},{"not_picked":["Biased Cognition","Meteor Strike","Thunder Strike"],"picked":"SKIP","floor":6.0},{"not_picked":["ReplayTheSpireMod:Fabricate Wheel","Seek","Electrodynamics"],"picked":"SKIP","floor":7.0},{"not_picked":["Machine Learning","Seek","Meteor Strike"],"picked":"SKIP","floor":8.0},{"not_picked":["Creative AI","Amplify"],"picked":"ReplayRNGCard","floor":10.0},{"not_picked":["Reboot","Biased Cognition","Seek"],"picked":"SKIP","floor":11.0},{"not_picked":["Conserve Battery","Panic Button"],"picked":"Gash","floor":12.0},{"not_picked":["ReplayRNGCard","Reboot","Seek"],"picked":"SKIP","floor":13.0},{"not_picked":["Meteor Strike+1","ReplayTheSpireMod:Fabricate Wheel","ReplayRNGCard"],"picked":"SKIP","floor":14.0},{"not_picked":["Coolheaded+1","Clawfect:ScrapingClaw+1","Turbo"],"picked":"SKIP","floor":18.0},{"not_picked":["ReplayTheSpireMod:GoodbyeWorld+1","Defragment","Heatsinks+1"],"picked":"SKIP","floor":21.0},{"not_picked":["Reboot","Amplify","ReplayTheSpireMod:Omega Cannon+1"],"picked":"SKIP","floor":22.0},{"not_picked":["Seek","Hyperbeam+1","Electrodynamics"],"picked":"SKIP","floor":25.0},{"not_picked":["ReplayTheSpireMod:Omega Cannon+1","Fission"],"picked":"ReplayRNGCard","floor":27},{"not_picked":["White Noise","Turbo"],"picked":"Chill","floor":30},{"not_picked":["Creative AI","Echo Form","Seek"],"picked":"SKIP","floor":31},{"not_picked":["Seek","ReplayRNGCard"],"picked":"Core Surge+1","floor":33},{"not_picked":["Hologram+1","Clawfect:ClawForTheEyes+1","Time Bomb+1"],"picked":"SKIP","floor":35},{"not_picked":["ReplayTheSpireMod:Fabricate Wheel","Biased Cognition","Buffer"],"picked":"SKIP","floor":38},{"not_picked":["Core Surge+1","Mirror Shield","Meteor Strike+1","Rainbow"],"picked":"SKIP","floor":40},{"not_picked":["Reboot","Mirror Shield","Amplify","Clawfect:ClawForOne+1"],"picked":"SKIP","floor":41},{"not_picked":["Hyperbeam+1","Fission","ReplayTheSpireMod:Fabricate Wheel"],"picked":"Core Surge+1","floor":42},{"not_picked":["Multi-Cast","Machine Learning","Buffer","Fission"],"picked":"SKIP","floor":45},{"not_picked":["Echo Form","Biased Cognition","Rainbow","Thunder Strike+1"],"picked":"SKIP","floor":46},{"not_picked":["Electrodynamics","Mirror Shield","Buffer"],"picked":"ReplayRNGCard","floor":48},{"not_picked":["Echo Form","Meteor Strike+1","Machine Learning","Rainbow"],"picked":"SKIP","floor":54}],"player_experience":1840772,"relics_obtained":[{"floor":6.0,"key":"hexamod:BolsterEngine"},{"floor":7.0,"key":"Nunchaku"},{"floor":8.0,"key":"Bag of Marbles"},{"floor":9.0,"key":"ReplayFunnel"},{"floor":10.0,"key":"Peace Pipe"},{"floor":13.0,"key":"Vajra"},{"floor":14.0,"key":"Molten Egg 2"},{"floor":22.0,"key":"Replay:Arrowhead"},{"floor":22.0,"key":"FossilizedHelix"},{"floor":25.0,"key":"ReplayTheSpireMod:Lightbulb"},{"floor":25.0,"key":"Art of War"},{"floor":27,"key":"Emotion Chip"},{"floor":27,"key":"Bottled Lightning"},{"floor":31,"key":"Happy Flower"},{"floor":31,"key":"Garlic"},{"floor":38,"key":"Question Card"},{"floor":38,"key":"Blood Vial"},{"floor":39,"key":"PreservedInsect"},{"floor":40,"key":"Shovel"},{"floor":40,"key":"Geode"},{"floor":41,"key":"DataDisk"},{"floor":41,"key":"Bird Faced Urn"},{"floor":42,"key":"Old Coin"},{"floor":42,"key":"Replay:Rubber Ducky"},{"floor":43,"key":"Blue Doll"},{"floor":44,"key":"Ancient Tea Set"},{"floor":45,"key":"Bag of Preparation"},{"floor":45,"key":"Replay:Bottled Flurry"},{"floor":46,"key":"Mercury Hourglass"},{"floor":46,"key":"Bottled Flame"},{"floor":48,"key":"Replay:Wax Seal"},{"floor":48,"key":"Ginger"},{"floor":52,"key":"Replay:WaspNest"},{"floor":54,"key":"Letter Opener"},{"floor":54,"key":"Lantern"}],"event_choices":[{"damage_healed":0.0,"max_hp_gain":0.0,"max_hp_loss":0.0,"gold_gain":0.0,"event_name":"Golden Wing","player_choice":"Ignored","floor":2.0,"gold_loss":0.0,"damage_taken":0.0},{"damage_healed":75.0,"max_hp_gain":0.0,"max_hp_loss":75.0,"gold_gain":0.0,"event_name":"betterThird:BetterShining","player_choice":"Upgrade","floor":4.0,"gold_loss":0.0,"damage_taken":15.0,"cards_upgraded":["Clawfect:Clawter","Clawfect:Clawrage"]},{"damage_healed":0.0,"max_hp_gain":0.0,"max_hp_loss":0.0,"gold_gain":0.0,"event_name":"betterThird:BetterWriting","player_choice":"Adaptability","floor":19.0,"gold_loss":0.0,"damage_taken":0.0},{"damage_healed":0.0,"max_hp_gain":0.0,"max_hp_loss":0.0,"gold_gain":0.0,"event_name":"Ghosts","player_choice":"Ignored","floor":20.0,"gold_loss":0.0,"damage_taken":0.0},{"damage_healed":0.0,"max_hp_gain":0.0,"max_hp_loss":0.0,"gold_gain":99.0,"event_name":"betterThird:BetterNest","player_choice":"Steal","floor":24.0,"gold_loss":0.0,"damage_taken":0.0},{"damage_healed":0,"gold_gain":0,"player_choice":"Upgrade","damage_taken":0,"max_hp_gain":0,"max_hp_loss":0,"event_name":"Designer","floor":37,"gold_loss":40,"cards_upgraded":["ReplayRNGCard"]},{"damage_healed":0,"gold_gain":0,"player_choice":"Memory 3","damage_taken":10,"max_hp_gain":0,"max_hp_loss":0,"event_name":"SensoryStone","floor":49,"gold_loss":0}],"is_beta":false,"boss_relics":[{"not_picked":["Sozu","Velvet Choker"],"picked":"Black Star"},{"not_picked":["Busted Crown","Replay:Bronze Core"],"picked":"expansioncontent:StudyCardRelic"}],"items_purged_floors":[28],"is_endless":false,"potions_floor_spawned":[8,10,11,12,21,25,31,33,41,42,46],"ascension_level":0}}