{"host":"i0m9g0siyue4991n","time":1609921043,"event":{"mods":["ATMod(°¢èªMod)","Act Like it!","BaseMod","BetterRewards","CapriCore","Challenge The Spire","Custom Start","Friendly Minions","Gensokyo","Marisa£¨ìFÓê¡¡Ä§ÀíÉ³£©","Minty Spire (QoL Compilation)","Quick Restart","Reimu£¨²©ÀöÁéÃÎ£©","RumiaBox-Â¶Ã×æ«µÄÉñÃØºÐ×Ó","StSLib","The Administrix","The Immortal","The Servant 0.9.4"],"gold_per_floor":[117,128,145,145,145,145,145,164,164,89,89,103,71,81,81,176,176,389,400,157,157,167,167,560,560,628,663,677,696,715,742,742,840,840,850,850,353,203,216,243,243,243,322,352,363,363,363,389,389,389,389,389,85,116,116],"floor_reached":56,"playtime":3201,"items_purged":["AdministrixMod:Strike_Administrix","AdministrixMod:Strike_Administrix","AdministrixMod:Defend_Administrix","AdministrixMod:Strike_Administrix"],"score":1479,"play_id":"171ee3fa-5317-4e77-94a3-604265362716","local_time":"20210106161723","is_ascension_mode":true,"campfire_choices":[{"data":"AT_FamilyPortrait","floor":6.0,"key":"SMITH"},{"data":"AdministrixMod:SyncreticSurge","floor":11.0,"key":"SMITH"},{"data":"AdministrixMod:Transition","floor":15.0,"key":"SMITH"},{"data":"AdministrixMod:AmassedMasks","floor":23.0,"key":"SMITH"},{"data":"AdministrixMod:FiendishCrimson","floor":25.0,"key":"SMITH"},{"data":"AdministrixMod:ShadowPlay","floor":32,"key":"SMITH"},{"data":"AdministrixMod:AmassedMasks","floor":42,"key":"SMITH"},{"data":"AdministrixMod:DreamsMausoleum","floor":47,"key":"SMITH"},{"floor":49,"key":"RECALL"},{"data":"AdministrixMod:XianArts","floor":52,"key":"SMITH"}],"circlet_count":0,"master_deck":["AdministrixMod:SyncreticSurge+1","AdministrixMod:FiendishCrimson+1","AdministrixMod:QuietConspiracy","AdministrixMod:Transition+1","AdministrixMod:AmassedMasks+1","AdministrixMod:BloodlessSapphire+1","AdministrixMod:ShadowPlay+1","AdministrixMod:NewWardrobe","AdministrixMod:Metempsychosis+1","AdministrixMod:LifeforceNet","AdministrixMod:DreamsMausoleum+1","AdministrixMod:AmassedMasks+1","AdministrixMod:XianArts+1","AdministrixMod:BishamonBlessing+1","AdministrixMod:BrewingCloister","AdministrixMod:LuminaryPath","AdministrixMod:LifeforceNet","AdministrixMod:RebukeDesires"],"relics":["AdministrixMod:ConductorRitualBaton","AT_ATBox","Gensokyo:CelestialsFlawlessClothing","Happy Flower","Gensokyo:OccultBall","Anchor","AT_TrinityForce","Omamori","Pantograph","MagicDraw3","SoulBox","SecretRecord","AT_SpeedBoots","Medical Kit","Bag of Preparation","Letter Opener","AT_TimeSand","Ccalipers","SumBook","Calipers"],"acts_visited":["Exordium","Gensokyo:Gensokyo","Gensokyo:Gensokyoer","TheEnding"],"potions_floor_usage":[39,45,45,48,55,55,55],"damage_taken":[{"damage":0.0,"enemies":"Gensokyo:Python","floor":1.0,"turns":5.0},{"damage":0.0,"enemies":"Gensokyo:Gryphon","floor":2.0,"turns":3.0},{"damage":5.0,"enemies":"Gensokyo:2_Kodama","floor":3.0,"turns":4.0},{"damage":12.0,"enemies":"Gensokyo:Kitsune","floor":8.0,"turns":4.0},{"damage":0.0,"enemies":"Gensokyo:LivingMonolith","floor":12.0,"turns":2.0},{"damage":12.0,"enemies":"Gensokyo:Python_and_Kodama","floor":14.0,"turns":4.0},{"damage":66.0,"enemies":"Gensokyo:Kokoro","floor":16.0,"turns":17.0},{"damage":6.0,"enemies":"Gensokyo:AngelMirror","floor":18.0,"turns":2.0},{"damage":0.0,"enemies":"Gensokyo:2_Gloops","floor":19.0,"turns":1.0},{"damage":0.0,"enemies":"Gensokyo:Wraith","floor":22.0,"turns":3.0},{"damage":60.0,"enemies":"Gensokyo:Swordslinger","floor":24.0,"turns":3.0},{"damage":43,"enemies":"Gensokyo:Koishi","floor":27,"turns":6},{"damage":0,"enemies":"Gensokyo:Slime_Group","floor":28,"turns":2},{"damage":0,"enemies":"Gensokyo:Mirror_and_Dog","floor":29,"turns":2},{"damage":0,"enemies":"Gensokyo:Chomper_and_Gloop","floor":30,"turns":2},{"damage":0,"enemies":"Gensokyo:Reisen","floor":31,"turns":2},{"damage":2,"enemies":"Gensokyo:Eiki","floor":33,"turns":3},{"damage":0,"enemies":"Gensokyo:3_Bats","floor":35,"turns":1},{"damage":3,"enemies":"Gensokyo:3_Boulders","floor":39,"turns":3},{"damage":14,"enemies":"Gensokyo:Doremy","floor":40,"turns":4},{"damage":4,"enemies":"Gensokyo:Kasen","floor":44,"turns":4},{"damage":57,"enemies":"Gensokyo:Kasen","floor":45,"turns":4},{"damage":0,"enemies":"Gensokyo:Marisa","floor":48,"turns":4},{"damage":0,"enemies":"Gensokyo:Scarlet_Devils","floor":50,"turns":4},{"damage":38,"enemies":"Shield and Spear","floor":54,"turns":5},{"damage":12,"enemies":"The Heart","floor":55,"turns":7}],"seed_played":"6241147904635043823","potions_obtained":[{"floor":3.0,"key":"Swift Potion"},{"floor":8.0,"key":"SpeedPotion"},{"floor":16.0,"key":"Regen Potion"},{"floor":22.0,"key":"AdministrixMod:AttunementTonic"},{"floor":24.0,"key":"BlessingOfTheForge"},{"floor":31,"key":"Swift Potion"}],"is_trial":false,"path_per_floor":["M","M","M","?","?","R","?","M","T","$","R","M","COS","M","R","B",null,"M","M","$","?","M","R","M","R","T","E","M","M","M","E","R","B",null,"M","?","$","$","M","E","?","R","T","E","R","?","R","E","R","B",null,"R","$","E","B",null],"character_chosen":"TheAdministrix","items_purchased":["Omamori","AT_SpeedBoots","Medical Kit","AdministrixMod:DreamsMausoleum","SumBook","AdministrixMod:RebukeDesires"],"campfire_rested":0,"item_purchase_floors":[20,37,37,37,53,53],"current_hp_per_floor":[66,66,61,42,42,42,42,30,30,30,30,34,34,26,26,41,77,71,71,71,71,77,77,33,33,33,4,18,32,39,46,46,75,77,77,47,47,47,60,62,62,62,62,73,20,9,9,25,25,66,77,77,77,55,77],"gold":116,"neow_bonus":"TWENTY_PERCENT_HP_BONUS","is_daily":false,"chose_seed":false,"campfire_upgraded":9,"win_rate":0.0,"timestamp":1609921043,"path_taken":["M","M","M","?","?","R","?","M","T","?","R","M","COS","?","R","BOSS","M","M","$","?","M","R","?","R","T","E","M","M","M","E","R","BOSS","M","?","?","$","M","E","?","R","T","E","R","?","R","E","R","BOSS","R","$","E","BOSS"],"items_purchased_type":["Relic","Relic","Relic","Card","Relic","Card"],"build_version":"2020-12-22","purchased_purges":4,"victory":true,"max_hp_per_floor":[77,77,77,77,77,77,77,77,77,77,77,77,77,77,77,77,77,77,77,77,77,77,77,77,77,77,77,77,77,77,77,77,77,77,77,77,77,77,77,77,77,77,77,77,77,77,77,77,77,77,77,77,77,77,77],"card_choices":[{"not_picked":["AdministrixMod:BloodlessSapphire","AdministrixMod:RebukeDesires"],"picked":"AdministrixMod:SyncreticSurge","floor":1.0},{"not_picked":["AdministrixMod:SipOfSparks","AdministrixMod:FuneraryRites","AdministrixMod:ImmortalPurity"],"picked":"SKIP","floor":2.0},{"not_picked":["AdministrixMod:Katabasis","AdministrixMod:BloodBargain","AdministrixMod:CastOffRegrets"],"picked":"SKIP","floor":3.0},{"not_picked":["AdministrixMod:TouchOfCinnabar","AdministrixMod:ExtolVirtue"],"picked":"AdministrixMod:FiendishCrimson","floor":8.0},{"not_picked":["AdministrixMod:CenturiesAscent","AdministrixMod:Transcension"],"picked":"AdministrixMod:QuietConspiracy","floor":12.0},{"not_picked":["AdministrixMod:NoblePath","AdministrixMod:HarmonicReverence"],"picked":"AdministrixMod:Transition","floor":14.0},{"not_picked":["AdministrixMod:Schism","AdministrixMod:HaveItAll"],"picked":"AdministrixMod:AmassedMasks","floor":16.0},{"not_picked":["AdministrixMod:BegetEternity","AdministrixMod:NoblePath"],"picked":"AdministrixMod:BloodlessSapphire+1","floor":18.0},{"not_picked":["AdministrixMod:FuneraryRites","AdministrixMod:Transition"],"picked":"AdministrixMod:ShadowPlay","floor":19.0},{"not_picked":["AdministrixMod:SipOfSparks","AdministrixMod:DiversionaryTactic","AdministrixMod:RegentEdict"],"picked":"SKIP","floor":22.0},{"not_picked":["AdministrixMod:ReachToHeaven","AdministrixMod:ImmortalPurity","AdministrixMod:Untouchable"],"picked":"SKIP","floor":24.0},{"not_picked":["AdministrixMod:FuneraryRites","AdministrixMod:PlateOfAntiquity+1","AdministrixMod:HiddenPower"],"picked":"SKIP","floor":27},{"not_picked":["AdministrixMod:PassageOfAges+1","AdministrixMod:BloodBargain","AdministrixMod:NoblePath"],"picked":"SKIP","floor":28},{"not_picked":["AdministrixMod:ExtolVirtue","AdministrixMod:ImmortalPurity"],"picked":"AdministrixMod:NewWardrobe","floor":29},{"not_picked":["AdministrixMod:PassageOfAges","AdministrixMod:NoblePath"],"picked":"AdministrixMod:Metempsychosis+1","floor":30},{"not_picked":["AdministrixMod:ImmortalGrace+1","AdministrixMod:Schism","AdministrixMod:SipOfSparks"],"picked":"SKIP","floor":31},{"not_picked":["AdministrixMod:CosmosControl","AdministrixMod:WifeLightning"],"picked":"AdministrixMod:LifeforceNet","floor":33},{"not_picked":["AdministrixMod:SealAway+1","AdministrixMod:Transition+1","AdministrixMod:RegentEdict"],"picked":"SKIP","floor":35},{"not_picked":["AdministrixMod:SeventeenArticleLaser","AdministrixMod:Katabasis"],"picked":"AdministrixMod:RebukeDesires+1","floor":39},{"not_picked":["AdministrixMod:NoblePath+1","AdministrixMod:UnstableVigor"],"picked":"AdministrixMod:AmassedMasks","floor":40},{"not_picked":["AdministrixMod:QuietConspiracy","AdministrixMod:BloodlessSapphire"],"picked":"AdministrixMod:XianArts","floor":44},{"not_picked":["AdministrixMod:Transition+1","AdministrixMod:FuneraryRites","AdministrixMod:LightOfYourLife"],"picked":"SKIP","floor":45},{"not_picked":["AdministrixMod:GuanyinBlessing","AdministrixMod:ChooseYourEnd"],"picked":"AdministrixMod:BishamonBlessing+1","floor":48},{"not_picked":["AdministrixMod:JustRewards","AdministrixMod:CastOffRegrets","AdministrixMod:ImmortalPurity"],"picked":"SKIP","floor":54}],"player_experience":490777,"relics_obtained":[{"floor":9.0,"key":"Anchor"},{"floor":14.0,"key":"Gensokyo:OccultBall"},{"floor":16.0,"key":"Gensokyo:OccultBall"},{"floor":27,"key":"Pantograph"},{"floor":29,"key":"Gensokyo:OccultBall"},{"floor":30,"key":"Gensokyo:OccultBall"},{"floor":31,"key":"MagicDraw3"},{"floor":33,"key":"Gensokyo:OccultBall"},{"floor":40,"key":"Bag of Preparation"},{"floor":43,"key":"Letter Opener"},{"floor":44,"key":"Gensokyo:OccultBall"},{"floor":44,"key":"AT_TimeSand"},{"floor":45,"key":"Gensokyo:OccultBall"},{"floor":48,"key":"Ccalipers"},{"floor":54,"key":"Calipers"}],"event_choices":[],"is_beta":false,"boss_relics":[{"not_picked":["Tiny House","Black Star"],"picked":"AT_TrinityForce"},{"not_picked":["Sozu","AT_MortalBlade"],"picked":"SoulBox"}],"items_purged_floors":[10,20,37,38],"is_endless":false,"potions_floor_spawned":[3,8,16,22,24,27,31,40,45],"ascension_level":3}}