{"host":"qxtzqh2wotmxx3mc","time":1609922876,"event":{"mods":["AchievementEnabler","BaseMod","Better Altar","Better Note","Better Sensory Stone","Better Skull","Better Synergies","Better Third Choice","Better Vampires","Block Reminder","Displayed Cursed Tome","Downfall","Minty Spire (QoL Compilation)","Quick Restart","Relic Stats","Replay The Spire","StSLib","Trackpad","Wandering Minibosses"],"gold_per_floor":[99,113,288,288,288,306,306,4,4,19,32,44,55,79,97,193,193,193,203,213,213,19,19,19,36,56,56,74,89,89,89,89],"floor_reached":30,"playtime":2161,"items_purged":["Pain"],"score":226,"play_id":"d8b8ce33-273d-446d-9662-06a052830ab6","local_time":"20210106004756","is_ascension_mode":false,"campfire_choices":[{"data":"champ:Taunt","floor":1,"key":"SMITH"},{"data":"Feed","floor":18,"key":"SMITH"},{"floor":23,"key":"REST"},{"floor":27,"key":"REST"}],"circlet_count":0,"master_deck":["champ:Execute","champ:Taunt+1","champ:DefensiveStyle","Doubt","champ:TornadoPunch","champ:Circumvent","champ:Duel","champ:ShieldSlam","Life Link","ReplayTheSpireMod:Muscle Training","champ:BringItOn","Feed+1","AbeCurse","champ:LastStand","champ:ShieldWall","champ:SteelEdge","Hemogenesis","Blood for Blood","champ:DefensiveStyle","champ:FocusedDefense","champ:DefensiveShout+1","champ:HoldFirm","champ:IgnorePain","champ:Circumvent+1"],"relics":["champ:LiftRelic","Matryoshka","Replay:PocketPolymizer","m_IronCrown","Odd Mushroom","Replay:Grab Bag","Abe\u0027s Treasure","Philosopher\u0027s Stone","Pandora\u0027s Box","WarpedTongs","trackpad:AdjectivePendant","Darkstone Periapt"],"acts_visited":["Exordium","TheCity"],"potions_floor_usage":[8,16,19,26,29,30],"damage_taken":[{"damage":9,"enemies":"Cultist","floor":2,"turns":4},{"damage":10,"enemies":"Jaw Worm","floor":6,"turns":4},{"damage":10,"enemies":"downfall:FleeingMerchant","floor":8,"turns":5},{"damage":8,"enemies":"Small Slimes","floor":10,"turns":4},{"damage":0,"enemies":"Blue Slaver","floor":11,"turns":4},{"damage":17,"enemies":"Exordium Wildlife","floor":12,"turns":5},{"damage":15,"enemies":"3 Louse","floor":13,"turns":5},{"damage":25,"enemies":"The Mushroom Lair","floor":14,"turns":6},{"damage":5,"enemies":"Large Slime","floor":15,"turns":9},{"damage":74,"enemies":"downfall:Defect","floor":16,"turns":7},{"damage":71,"enemies":"Spheric Guardian","floor":19,"turns":7},{"damage":37,"enemies":"Shelled Parasite and Fungi","floor":20,"turns":4},{"damage":10,"enemies":"downfall:FleeingMerchant","floor":22,"turns":6},{"damage":32,"enemies":"Snecko","floor":25,"turns":5},{"damage":33,"enemies":"Centurion and Healer","floor":26,"turns":6},{"damage":24,"enemies":"Cultist and Chosen","floor":28,"turns":6},{"damage":20,"enemies":"Chosen and Byrds","floor":29,"turns":5},{"damage":52,"enemies":"Book of Stabbing","floor":30,"turns":4}],"seed_played":"892523296057857711","potions_obtained":[{"floor":2,"key":"sneckomod:MuddlingPotion"},{"floor":6,"key":"Weak Potion"},{"floor":14,"key":"sneckomod:MuddlingPotion"},{"floor":16,"key":"SkillPotion"},{"floor":25,"key":"ColorlessPotion"},{"floor":26,"key":"sneckomod:MuddlingPotion"}],"is_trial":false,"path_per_floor":["R","M","?","?","?","M","T","$","?","M","M","M","M","?","M","B",null,"R","M","M","?","$","R","T","M","M","R","M","M","E"],"character_chosen":"THE_CHAMP","items_purchased":["Replay:PocketPolymizer","CultistPotion"],"campfire_rested":2,"item_purchase_floors":[8,22],"current_hp_per_floor":[99,95,95,95,95,95,95,95,95,98,99,88,84,70,71,13,99,99,55,28,28,29,59,59,46,35,65,55,49,0,0,0],"gold":89,"neow_bonus":"TEN_PERCENT_HP_BONUS","is_daily":false,"chose_seed":false,"campfire_upgraded":2,"win_rate":0.0,"timestamp":1609922876,"path_taken":["R","M","?","?","?","M","T","$","?","M","?","M","M","?","M","BOSS","R","M","M","?","$","R","T","M","M","R","M","M","E"],"items_purchased_type":["Relic","Potion"],"build_version":"2020-12-22","purchased_purges":1,"victory":false,"max_hp_per_floor":[99,99,99,99,99,99,99,99,99,99,99,99,99,99,99,99,99,99,99,103,103,103,103,103,103,103,103,103,103,103,103,103],"relic_stats":{"Darkstone Periapt":0,"counters":[18,96],"Pandora\u0027s Box":["champ:LastStand","champ:ShieldWall","champ:SteelEdge","Hemogenesis","Blood for Blood","champ:LastStand","champ:FightOn"],"obtain_stats":[{"Darkstone Periapt":24,"Replay:PocketPolymizer":8,"m_IronCrown":9,"Replay:Grab Bag":17,"champ:ChampionCrown":0,"Odd Mushroom":14,"WarpedTongs":21,"Matryoshka":7,"champ:LiftRelic":4,"Philosopher\u0027s Stone":17,"Pandora\u0027s Box":17,"trackpad:AdjectivePendant":24,"Abe\u0027s Treasure":17},{"Darkstone Periapt":13,"Replay:PocketPolymizer":3,"m_IronCrown":3,"Replay:Grab Bag":10,"champ:ChampionCrown":0,"Odd Mushroom":8,"WarpedTongs":12,"Matryoshka":2,"champ:LiftRelic":1,"Philosopher\u0027s Stone":10,"Pandora\u0027s Box":10,"trackpad:AdjectivePendant":13,"Abe\u0027s Treasure":10},{"Darkstone Periapt":70,"Replay:PocketPolymizer":13,"m_IronCrown":13,"Replay:Grab Bag":53,"champ:ChampionCrown":0,"Odd Mushroom":37,"WarpedTongs":64,"Matryoshka":8,"champ:LiftRelic":4,"Philosopher\u0027s Stone":53,"Pandora\u0027s Box":53,"trackpad:AdjectivePendant":70,"Abe\u0027s Treasure":53}],"WarpedTongs":[32]},"card_choices":[{"not_picked":["champ:Backstep","champ:CalledShot"],"picked":"champ:DefensiveStyle","floor":2},{"not_picked":["champ:Backstep","champ:BerserkerStyle"],"picked":"champ:TornadoPunch","floor":6},{"not_picked":["champ:FanOfKnives","champ:RecklessLeap"],"picked":"champ:Circumvent","floor":8},{"not_picked":["champ:Backstep","champ:BerserkersShout"],"picked":"champ:Duel","floor":10},{"not_picked":["champ:DefensiveShout","ReplayTheSpireMod:Muscle Training"],"picked":"champ:ShieldSlam","floor":11},{"not_picked":["champ:BladeFlurry","champ:CrookedStrike"],"picked":"Life Link","floor":12},{"not_picked":["champ:ShieldWall","champ:GladiatorsShout"],"picked":"ReplayTheSpireMod:Muscle Training","floor":13},{"not_picked":["champ:FanOfKnives","Bloodletting"],"picked":"champ:BringItOn","floor":14},{"not_picked":["champ:CrownThrow","champ:DefensiveStyle"],"picked":"champ:GutPunch","floor":15},{"not_picked":["champ:SteelEdge","champ:DancingMaster"],"picked":"Feed","floor":16},{"not_picked":["champ:BladeFlurry","champ:FanOfKnives"],"picked":"champ:FocusedDefense","floor":19},{"not_picked":["champ:BerserkersShout","champ:Haymaker+1"],"picked":"champ:DefensiveShout+1","floor":20},{"not_picked":["champ:SwordThrow","champ:EnragedBash+1","champ:BringItOn"],"picked":"SKIP","floor":22},{"not_picked":["champ:CrookedStrike","champ:FlashCut+1","champ:BerserkersShout"],"picked":"SKIP","floor":25},{"not_picked":["champ:CrookedStrike+1","champ:EnragedBash+1","champ:FanOfKnives+1"],"picked":"SKIP","floor":26},{"not_picked":["champ:FanOfKnives","champ:Haymaker"],"picked":"champ:Circumvent+1","floor":28},{"not_picked":["champ:RisingSlash","champ:PerfectedStrike","champ:FlashCut"],"picked":"SKIP","floor":29}],"player_experience":142856,"relics_obtained":[{"floor":7,"key":"Matryoshka"},{"floor":14,"key":"Odd Mushroom"},{"floor":24,"key":"trackpad:AdjectivePendant"},{"floor":24,"key":"Darkstone Periapt"}],"event_choices":[{"damage_healed":0,"gold_gain":0,"player_choice":"Fought Mushrooms","damage_taken":0,"max_hp_gain":0,"max_hp_loss":0,"event_name":"Mushrooms","floor":14,"gold_loss":0},{"damage_healed":0,"gold_gain":0,"player_choice":"Rummage","damage_taken":0,"relics_obtained":["WarpedTongs"],"max_hp_gain":0,"max_hp_loss":0,"event_name":"Accursed Blacksmith","floor":21,"gold_loss":0,"cards_obtained":["Pain"]}],"is_beta":false,"boss_relics":[{"not_picked":["Sozu","Replay:Drink Me"],"picked":"Replay:Grab Bag"},{"not_picked":["ChewingGum","Velvet Choker"],"picked":"Abe\u0027s Treasure"},{"not_picked":["downfall:Hecktoplasm","Fusion Hammer"],"picked":"Philosopher\u0027s Stone"},{"not_picked":["Ring of Chaos","Calling Bell"],"picked":"Pandora\u0027s Box"}],"items_purged_floors":[22],"is_endless":false,"potions_floor_spawned":[2,6,14,16,25,26],"killed_by":"Book of Stabbing","ascension_level":0}}