{"host":"s1gi8xs3so6zkrm7","time":1609941373,"event":{"mods":["BaseMod","Filter the Spire","Minty Spire (QoL Compilation)"],"gold_per_floor":[365,216,216,216,237,237,251,285,310,324,324,343,343,403,403,508,508,518,563,572,587,610,610,637,155,155,179,179,179,179],"floor_reached":29,"playtime":1074,"items_purged":["Strike_P"],"score":273,"play_id":"adcdd564-eff2-466b-a4b2-4f76ca8a82c6","local_time":"20210106075613","is_ascension_mode":true,"campfire_choices":[{"data":"Eruption","floor":6,"key":"SMITH"},{"floor":11,"key":"REST"},{"floor":13,"key":"REST"},{"floor":15,"key":"REST"},{"data":"Vigilance","floor":23,"key":"SMITH"},{"floor":28,"key":"RECALL"}],"circlet_count":0,"master_deck":["Strike_P","Strike_P","Strike_P","Defend_P","Defend_P","Defend_P","Defend_P","Eruption+1","Vigilance+1","Consecrate","Consecrate","Wallop","Conclude","WreathOfFlame","Fasting2","Devotion","Ghostly","Ghostly","Ghostly","Ghostly","Ghostly","J.A.X.","FollowUp","Protect+1","Mayhem","Ragnarok","Perseverance"],"relics":["PureWater","Orrery","CeramicFish","Shuriken","Art of War","Damaru","Coffee Dripper","Membership Card","Vajra","Centennial Puzzle","Kunai"],"acts_visited":["Exordium","TheCity"],"potions_floor_usage":[16,16,16],"damage_taken":[{"damage":12,"enemies":"Cultist","floor":1,"turns":3},{"damage":0,"enemies":"2 Louse","floor":5,"turns":1},{"damage":4,"enemies":"Jaw Worm","floor":7,"turns":3},{"damage":28,"enemies":"Gremlin Nob","floor":8,"turns":3},{"damage":0,"enemies":"Large Slime","floor":10,"turns":3},{"damage":17,"enemies":"Looter","floor":12,"turns":2},{"damage":26,"enemies":"Hexaghost","floor":16,"turns":9},{"damage":1,"enemies":"Shell Parasite","floor":18,"turns":2},{"damage":16,"enemies":"2 Thieves","floor":21,"turns":4},{"damage":2,"enemies":"Centurion and Healer","floor":22,"turns":5},{"damage":1,"enemies":"Snecko","floor":24,"turns":5},{"damage":6,"enemies":"3 Cultists","floor":27,"turns":5},{"damage":0,"enemies":"Slavers","floor":29,"turns":1}],"seed_played":"-5771524091903675315","potions_obtained":[{"floor":5,"key":"Weak Potion"},{"floor":10,"key":"SkillPotion"},{"floor":12,"key":"ColorlessPotion"},{"floor":21,"key":"Energy Potion"},{"floor":22,"key":"Block Potion"},{"floor":24,"key":"ColorlessPotion"}],"is_trial":false,"path_per_floor":["M","$","?","?","M","R","M","E","T","M","R","M","R","?","R","B",null,"M","?","?","M","M","R","M","$","T","M","R","E"],"character_chosen":"WATCHER","items_purchased":["Orrery","Membership Card","Vajra","Mayhem","Ragnarok","Centennial Puzzle"],"campfire_rested":3,"item_purchase_floors":[2,25,25,25,25,25],"current_hp_per_floor":[53,53,41,41,41,41,37,9,9,9,28,11,30,30,49,23,65,64,32,32,16,14,14,13,13,13,7,7,7,7],"gold":179,"neow_bonus":"TWO_FIFTY_GOLD","is_daily":false,"chose_seed":false,"campfire_upgraded":2,"win_rate":0.0,"timestamp":1609941373,"path_taken":["M","$","?","?","?","R","M","E","T","M","R","M","R","?","R","BOSS","M","?","?","M","M","R","M","$","T","M","R","E"],"items_purchased_type":["Relic","Relic","Relic","Card","Card","Relic"],"build_version":"2020-12-22","purchased_purges":1,"victory":false,"max_hp_per_floor":[65,65,65,65,65,65,65,65,65,65,65,65,65,65,65,65,65,65,32,32,32,32,32,32,32,32,32,32,32,32],"card_choices":[{"not_picked":["Swivel","Pray"],"picked":"Consecrate","floor":1},{"not_picked":["Sanctity","Halt"],"picked":"Consecrate","floor":2},{"not_picked":["LikeWater","Wireheading"],"picked":"Wallop","floor":2},{"not_picked":["JustLucky","WheelKick"],"picked":"Conclude","floor":2},{"not_picked":["Scrawl","EmptyFist"],"picked":"Conclude","floor":2},{"not_picked":["MentalFortress","EmptyBody"],"picked":"WreathOfFlame","floor":5},{"not_picked":["Prostrate","WaveOfTheHand","CarveReality"],"picked":"SKIP","floor":7},{"not_picked":["Tantrum","Wireheading"],"picked":"Fasting2","floor":8},{"not_picked":["Crescendo","FlurryOfBlows","Halt"],"picked":"SKIP","floor":10},{"not_picked":["Worship","Weave","Nirvana"],"picked":"SKIP","floor":12},{"not_picked":["SpiritShield","Omniscience"],"picked":"Devotion","floor":16},{"not_picked":["WaveOfTheHand","LikeWater+1","Worship"],"picked":"SKIP","floor":18},{"not_picked":["SashWhip","PathToVictory","WindmillStrike"],"picked":"SKIP","floor":21},{"not_picked":["EmptyBody+1","Protect"],"picked":"FollowUp","floor":22},{"not_picked":["JustLucky","SandsOfTime"],"picked":"Protect+1","floor":24},{"not_picked":["ClearTheMind","JustLucky"],"picked":"Perseverance","floor":27}],"player_experience":246461,"relics_obtained":[{"floor":8,"key":"Art of War"},{"floor":9,"key":"Damaru"},{"floor":26,"key":"Kunai"}],"event_choices":[{"damage_healed":0,"gold_gain":0,"player_choice":"Success","damage_taken":12,"relics_obtained":["CeramicFish"],"max_hp_gain":0,"max_hp_loss":0,"event_name":"Scrap Ooze","floor":3,"gold_loss":0},{"cards_removed":["Conclude"],"damage_healed":0,"gold_gain":0,"player_choice":"Gave Card","damage_taken":0,"relics_obtained":["Shuriken"],"max_hp_gain":0,"max_hp_loss":0,"event_name":"WeMeetAgain","floor":4,"gold_loss":0},{"damage_healed":0,"gold_gain":60,"player_choice":"Gained Gold","damage_taken":0,"max_hp_gain":0,"max_hp_loss":0,"event_name":"Golden Wing","floor":14,"gold_loss":0},{"damage_healed":0,"gold_gain":0,"player_choice":"Became a Ghost","damage_taken":0,"max_hp_gain":0,"max_hp_loss":33,"event_name":"Ghosts","floor":19,"gold_loss":0,"cards_obtained":["Ghostly","Ghostly","Ghostly","Ghostly","Ghostly"]},{"damage_healed":0,"gold_gain":0,"player_choice":"Obtain J.A.X.","damage_taken":0,"max_hp_gain":0,"max_hp_loss":0,"event_name":"Drug Dealer","floor":20,"gold_loss":0,"cards_obtained":["J.A.X."]}],"is_beta":false,"boss_relics":[{"not_picked":["Calling Bell","Empty Cage"],"picked":"Coffee Dripper"}],"items_purged_floors":[25],"is_endless":false,"potions_floor_spawned":[5,10,12,21,22,24,27],"killed_by":"Slavers","ascension_level":2}}