{"host":"j45ucdvl5ntpx4kf","time":1609909550,"event":{"mods":["AchievementEnabler","BaseMod","Colored Map","Colored Powertips","Minty Spire (QoL Compilation)","StSLib"],"gold_per_floor":[115,115,125,85,99,99,130,130,130,130,155,155,171,183,183,286,286,297,36,36,84,98,123,123,137,137,62,62,62,94,114,114,216,216,234,286,336,350,350,376,376,408,408,408,408],"floor_reached":44,"playtime":3678,"items_purged":["Strike_B"],"score":618,"play_id":"2b447559-3895-4191-9b64-77b43e8482ce","local_time":"20210106000550","is_ascension_mode":true,"campfire_choices":[{"data":"Zap","floor":6,"key":"SMITH"},{"data":"Dualcast","floor":8,"key":"SMITH"},{"data":"Go for the Eyes","floor":10,"key":"SMITH"},{"data":"Rainbow","floor":15,"key":"SMITH"},{"floor":28,"key":"REST"},{"floor":32,"key":"REST"},{"data":"Fission","floor":41,"key":"SMITH"}],"circlet_count":0,"master_deck":["Strike_B","Strike_B","Defend_B","Defend_B","Defend_B","Defend_B","Zap+1","Dualcast+1","Chill","Go for the Eyes+1","Auto Shields","FTL","Rainbow+1","Gash","Buffer","Glacier","Defragment+1","Storm","Conserve Battery","Conserve Battery+1","Fission+1","Gash","Conserve Battery+1"],"relics":["Cracked Core","Shuriken","Symbiotic Virus","Cables","CultistMask","Runic Pyramid","Ornamental Fan","Enchiridion","Pen Nib","StrikeDummy","MutagenicStrength","CaptainsWheel","Pantograph","Sozu","Girya","Pocketwatch","White Beast Statue","The Courier","HornCleat"],"acts_visited":["Exordium","TheCity","TheBeyond"],"potions_floor_usage":[11,16,44,44],"damage_taken":[{"damage":0,"enemies":"2 Louse","floor":1,"turns":3},{"damage":0,"enemies":"Cultist","floor":3,"turns":3},{"damage":2,"enemies":"Jaw Worm","floor":5,"turns":2},{"damage":22,"enemies":"Gremlin Nob","floor":7,"turns":4},{"damage":4,"enemies":"3 Sentries","floor":11,"turns":8},{"damage":5,"enemies":"Red Slaver","floor":13,"turns":3},{"damage":0,"enemies":"Blue Slaver","floor":14,"turns":2},{"damage":11,"enemies":"Hexaghost","floor":16,"turns":7},{"damage":14,"enemies":"3 Byrds","floor":18,"turns":5},{"damage":0,"enemies":"Chosen","floor":22,"turns":4},{"damage":3,"enemies":"Book of Stabbing","floor":23,"turns":6},{"damage":14,"enemies":"Sentry and Sphere","floor":25,"turns":5},{"damage":18,"enemies":"Slavers","floor":30,"turns":7},{"damage":0,"enemies":"Centurion and Healer","floor":31,"turns":7},{"damage":12,"enemies":"Automaton","floor":33,"turns":12},{"damage":0,"enemies":"3 Shapes","floor":35,"turns":4},{"damage":16,"enemies":"2 Orb Walkers","floor":36,"turns":5},{"damage":0,"enemies":"Mind Bloom Boss Battle","floor":37,"turns":8},{"damage":23,"enemies":"3 Darklings","floor":38,"turns":7},{"damage":0,"enemies":"Giant Head","floor":40,"turns":9},{"damage":29,"enemies":"Nemesis","floor":42,"turns":9},{"damage":35,"enemies":"Giant Head","floor":44,"turns":11}],"seed_played":"-5151961296950182423","potions_obtained":[{"floor":4,"key":"ColorlessPotion"},{"floor":4,"key":"Explosive Potion"},{"floor":4,"key":"Weak Potion"},{"floor":11,"key":"LiquidMemories"},{"floor":22,"key":"FearPotion"},{"floor":33,"key":"DuplicationPotion"}],"is_trial":false,"path_per_floor":["M","?","M","?","M","R","E","R","T","R","E","?","M","M","R","B",null,"M","$","?","T","M","E","?","M","T","$","R","$","E","M","R","B",null,"M","?","?","M","?","E","R","E","T","E"],"character_chosen":"DEFECT","items_purchased":["Ornamental Fan"],"campfire_rested":2,"item_purchase_floors":[19],"current_hp_per_floor":[75,75,75,75,73,73,51,51,51,51,47,47,42,42,42,31,75,61,61,45,45,45,42,42,28,28,28,50,50,32,32,54,63,75,75,59,75,52,52,52,52,23,23,0,0],"gold":408,"neow_bonus":"THREE_CARDS","is_daily":false,"chose_seed":false,"campfire_upgraded":5,"win_rate":0.0,"timestamp":1609909550,"path_taken":["M","?","?","?","?","R","E","R","T","R","E","?","M","?","R","BOSS","M","$","?","?","M","E","?","?","T","?","R","$","E","M","R","BOSS","M","?","?","M","?","E","R","E","T","E"],"items_purchased_type":["Relic"],"build_version":"2020-12-22","purchased_purges":1,"victory":false,"max_hp_per_floor":[75,75,75,75,75,75,75,75,75,75,75,75,75,75,75,75,75,75,75,75,75,75,75,75,75,75,75,75,75,75,75,75,75,75,75,75,75,75,75,75,75,75,75,75,75],"card_choices":[{"not_picked":["Undo","Reinforced Body"],"picked":"Chill","floor":0},{"not_picked":["Ball Lightning","Cold Snap"],"picked":"Go for the Eyes","floor":1},{"not_picked":["Cold Snap","Compile Driver"],"picked":"Auto Shields","floor":3},{"not_picked":["Cold Snap","Lockon"],"picked":"FTL","floor":5},{"not_picked":["Hologram","Seek","Rebound"],"picked":"SKIP","floor":7},{"not_picked":["Darkness","Sweeping Beam"],"picked":"Rainbow","floor":11},{"not_picked":["Stack","Barrage"],"picked":"Gash","floor":13},{"not_picked":["Barrage","Chaos","Cold Snap"],"picked":"SKIP","floor":14},{"not_picked":["Thunder Strike","Meteor Strike"],"picked":"Buffer","floor":16},{"not_picked":["Redo+1","Conserve Battery"],"picked":"Glacier","floor":18},{"not_picked":["Go for the Eyes+1","Double Energy+1"],"picked":"Defragment+1","floor":22},{"not_picked":["Steam Power","Multi-Cast"],"picked":"Storm","floor":23},{"not_picked":["Streamline","Stack"],"picked":"Conserve Battery","floor":25},{"not_picked":["Beam Cell","Cold Snap"],"picked":"Conserve Battery+1","floor":30},{"not_picked":["Turbo","Rip and Tear","Cold Snap+1"],"picked":"SKIP","floor":31},{"not_picked":["Rainbow","All For One"],"picked":"Fission","floor":33},{"not_picked":["Rebound+1","Steam","Barrage+1"],"picked":"SKIP","floor":35},{"not_picked":["Stack","Capacitor+1"],"picked":"Gash","floor":38},{"not_picked":["Cold Snap+1","Sunder+1"],"picked":"Conserve Battery+1","floor":40},{"not_picked":["Biased Cognition","Sunder","Chill"],"picked":"SKIP","floor":42}],"player_experience":130117,"relics_obtained":[{"floor":7,"key":"Shuriken"},{"floor":9,"key":"Symbiotic Virus"},{"floor":11,"key":"Cables"},{"floor":20,"key":"Enchiridion"},{"floor":21,"key":"Pen Nib"},{"floor":23,"key":"StrikeDummy"},{"floor":26,"key":"CaptainsWheel"},{"floor":30,"key":"Pantograph"},{"floor":36,"key":"Girya"},{"floor":37,"key":"Pocketwatch"},{"floor":40,"key":"White Beast Statue"},{"floor":42,"key":"The Courier"},{"floor":43,"key":"HornCleat"}],"event_choices":[{"cards_removed":["Strike_B"],"damage_healed":0,"gold_gain":0,"player_choice":"Purged","damage_taken":0,"max_hp_gain":0,"max_hp_loss":0,"event_name":"Purifier","floor":2,"gold_loss":0},{"damage_healed":0,"gold_gain":0,"player_choice":"Bought 3 Potions","damage_taken":0,"max_hp_gain":0,"max_hp_loss":0,"event_name":"The Woman in Blue","floor":4,"gold_loss":0},{"damage_healed":0,"gold_gain":0,"player_choice":"Trade","damage_taken":0,"relics_obtained":["CultistMask"],"max_hp_gain":0,"max_hp_loss":0,"event_name":"FaceTrader","floor":12,"gold_loss":0},{"damage_healed":0,"gold_gain":0,"player_choice":"Obtained Book","damage_taken":16,"max_hp_gain":0,"max_hp_loss":0,"event_name":"Cursed Tome","floor":20,"gold_loss":0},{"damage_healed":0,"gold_gain":0,"player_choice":"Inject Mutagens","damage_taken":0,"relics_obtained":["MutagenicStrength"],"max_hp_gain":0,"max_hp_loss":0,"event_name":"Drug Dealer","floor":24,"gold_loss":0},{"damage_healed":0,"gold_gain":0,"player_choice":"Fight","damage_taken":0,"max_hp_gain":0,"max_hp_loss":0,"event_name":"Mysterious Sphere","floor":36,"gold_loss":0},{"damage_healed":0,"gold_gain":0,"player_choice":"Fight","damage_taken":0,"max_hp_gain":0,"max_hp_loss":0,"event_name":"MindBloom","floor":37,"gold_loss":0},{"damage_healed":0,"gold_gain":0,"player_choice":"Ignored","damage_taken":0,"max_hp_gain":0,"max_hp_loss":0,"event_name":"SecretPortal","floor":39,"gold_loss":0}],"is_beta":false,"boss_relics":[{"not_picked":["SacredBark","Ectoplasm"],"picked":"Runic Pyramid"},{"not_picked":["Coffee Dripper","Astrolabe"],"picked":"Sozu"}],"items_purged_floors":[27],"is_endless":false,"potions_floor_spawned":[7,11,13,14,22,30,33,35,37,40,42],"killed_by":"Giant Head","ascension_level":3}}