{"host":"4rvakrj1idbgia3f","time":1609934034,"event":{"mods":["BaseMod","Colored Map","Colored Powertips","DeckTracker","Highlight Path","Minty Spire (QoL Compilation)","Random Character Button","StSLib"],"gold_per_floor":[112,37,37,52,52,52,96,112,191,215,215,228,254,298,298,394,394,412,437,437,437,437],"floor_reached":21,"playtime":502,"items_purged":["Defend_R"],"score":428,"play_id":"aa5f8ac4-d43a-4b6e-ae8e-9f4bfca43763","local_time":"20210106205354","is_ascension_mode":true,"campfire_choices":[{"data":"Bash","floor":6,"key":"SMITH"},{"data":"Sword Boomerang","floor":11,"key":"SMITH"},{"data":"Spot Weakness","floor":15,"key":"SMITH"}],"circlet_count":0,"master_deck":["AscendersBane","Strike_R","Strike_R","Strike_R","Strike_R","Strike_R","Defend_R","Defend_R","Defend_R","Bash+1","Metallicize","Spot Weakness+1","Sword Boomerang+1","Cleave","Twin Strike","Disarm+1","Fiend Fire","Sword Boomerang","Sword Boomerang"],"relics":["Burning Blood","NeowsBlessing","Bloody Idol","MealTicket","Mercury Hourglass","Bag of Marbles","Toxic Egg 2","SlaversCollar"],"acts_visited":["Exordium","TheCity"],"potions_floor_usage":[14],"damage_taken":[{"damage":0,"enemies":"Jaw Worm","floor":1,"turns":1},{"damage":0,"enemies":"2 Louse","floor":4,"turns":1},{"damage":0,"enemies":"Gremlin Nob","floor":7,"turns":1},{"damage":6,"enemies":"Small Slimes","floor":8,"turns":4},{"damage":8,"enemies":"3 Louse","floor":10,"turns":2},{"damage":6,"enemies":"Looter","floor":12,"turns":3},{"damage":10,"enemies":"3 Sentries","floor":14,"turns":2},{"damage":31,"enemies":"The Guardian","floor":16,"turns":7},{"damage":11,"enemies":"3 Byrds","floor":18,"turns":4},{"damage":20,"enemies":"Shell Parasite","floor":19,"turns":4},{"damage":45,"enemies":"Sentry and Sphere","floor":21,"turns":5}],"seed_played":"-5940411885251545404","potions_obtained":[{"floor":1,"key":"DuplicationPotion"},{"floor":8,"key":"Dexterity Potion"},{"floor":18,"key":"BlessingOfTheForge"}],"is_trial":false,"path_per_floor":["M","$","?","M","$","R","E","M","T","M","R","M","T","E","R","B",null,"M","M","?","M"],"character_chosen":"IRONCLAD","items_purchased":[],"campfire_rested":0,"item_purchase_floors":[],"current_hp_per_floor":[74,74,48,54,54,54,60,60,60,58,58,58,58,54,54,29,64,59,45,45,0,0],"gold":437,"neow_bonus":"THREE_ENEMY_KILL","is_daily":false,"chose_seed":false,"campfire_upgraded":3,"win_rate":0.0,"timestamp":1609934034,"path_taken":["M","$","?","M","$","R","E","M","T","M","R","M","?","E","R","BOSS","M","M","?","M"],"items_purchased_type":[],"build_version":"2020-12-22","purchased_purges":1,"victory":false,"max_hp_per_floor":[75,75,75,75,75,75,75,75,75,75,75,75,75,75,75,75,75,75,75,75,75,75],"card_choices":[{"not_picked":["Rampage","Iron Wave"],"picked":"Metallicize","floor":1},{"not_picked":["Iron Wave","Warcry","Anger"],"picked":"SKIP","floor":4},{"not_picked":["Evolve","Body Slam"],"picked":"Spot Weakness","floor":7},{"not_picked":["Infernal Blade","Spot Weakness"],"picked":"Sword Boomerang","floor":8},{"not_picked":["Flex","Impervious"],"picked":"Cleave","floor":10},{"not_picked":["Wild Strike","True Grit"],"picked":"Twin Strike","floor":12},{"not_picked":["Feed","Reaper"],"picked":"Disarm+1","floor":14},{"not_picked":["Brutality","Corruption"],"picked":"Fiend Fire","floor":16},{"not_picked":["Havoc+1","Iron Wave"],"picked":"Sword Boomerang","floor":18},{"not_picked":["Rampage","Twin Strike"],"picked":"Sword Boomerang","floor":19}],"player_experience":1955082,"relics_obtained":[{"floor":7,"key":"MealTicket"},{"floor":9,"key":"Mercury Hourglass"},{"floor":13,"key":"Bag of Marbles"},{"floor":14,"key":"Toxic Egg 2"}],"event_choices":[{"damage_healed":0,"gold_gain":0,"player_choice":"Take Damage","damage_taken":26,"relics_obtained":["Golden Idol"],"max_hp_gain":0,"max_hp_loss":0,"event_name":"Golden Idol","floor":3,"gold_loss":0},{"damage_healed":0,"gold_gain":0,"player_choice":"Gave Idol","damage_taken":0,"relics_obtained":["Bloody Idol"],"max_hp_gain":0,"max_hp_loss":0,"event_name":"Forgotten Altar","floor":20,"relics_lost":["Golden Idol"],"gold_loss":0}],"is_beta":false,"boss_relics":[{"not_picked":["Black Star","Runic Cube"],"picked":"SlaversCollar"}],"items_purged_floors":[2],"is_endless":false,"potions_floor_spawned":[1,8,12,18,19],"killed_by":"Sentry and Sphere","ascension_level":20}}