{"host":"d2y4rmbezebiv8aj","time":1609932491,"event":{"mods":["AchievementEnabler","BaseMod","Bestiary","BetterRewards","Colored Map","Colored Powertips","Custom Start","Highlight Path","Minty Spire (QoL Compilation)","Quick Restart","Rare Cards Sparkle","Relic Sorter","Relic Stats","Shop Mod","Slay-I","StSLib","SuperFastMode"],"gold_per_floor":[115,126,140,193,170,203,203,222,522,550,563,234,245,245,245,341,341,359,359,378,50,62,62,88,88,114,140,158,158,188,200,200,297,297,307,320,339,339,339,339,371,371,371,371,371,45,97,113,113,113],"floor_reached":51,"playtime":2145,"items_purged":["Shame"],"score":1476,"play_id":"225c8b86-73c6-4c90-9017-ff3b70477d30","local_time":"20210106122811","is_ascension_mode":true,"campfire_choices":[{"data":"Backstab","floor":7.0,"key":"SMITH"},{"floor":15.0,"key":"REST"},{"data":"After Image","floor":23.0,"key":"SMITH"},{"data":"Backstab","floor":25,"key":"SMITH"},{"data":"Accuracy","floor":32,"key":"SMITH"},{"floor":40,"key":"REST"},{"data":"Adrenaline","floor":42,"key":"SMITH"},{"data":"Panache","floor":45,"key":"SMITH"},{"data":"Adrenaline","floor":49,"key":"SMITH"}],"circlet_count":0,"master_deck":["Strike_G","Strike_G","Strike_G","Strike_G","Strike_G","Defend_G","Defend_G","Defend_G","Defend_G","Defend_G","Survivor","Neutralize","Flying Knee","PiercingWail","Backstab+1","Finisher","Backstab+1","Blade Dance","Adrenaline+1","Dodge and Roll","PiercingWail","Adrenaline+1","Sucker Punch","Finisher","Deflect+1","After Image+1","Finisher+1","Accuracy+1","Dodge and Roll+1","Infinite Blades","Deflect+1","Madness+1","PiercingWail+1","Escape Plan+1","Doubt","Cloak And Dagger+1","Escape Plan+1","Storm of Steel+1","Blade Dance+1","Terror+1","Parasite","Madness+1","Madness+1","Panache+1","Endless Agony+1","Clumsy","Master of Strategy+1","Bandage Up+1","Backstab+1","Backstab+1","Footwork+1"],"relics":["Ring of the Snake","Membership Card","Ice Cream","Old Coin","Dead Branch","Medical Kit","Toxic Egg 2","Lantern","Anchor","Cursed Key","HandDrill","Question Card","Paper Crane","Centennial Puzzle","Bag of Preparation","Pen Nib","Matryoshka","Boot","Toy Ornithopter","Pear","Incense Burner","Prayer Wheel"],"acts_visited":["Exordium","TheCity","TheBeyond"],"potions_floor_usage":[24,50,50,50],"damage_taken":[{"damage":1.0,"enemies":"Jaw Worm","floor":1.0,"turns":5.0},{"damage":0.0,"enemies":"Small Slimes","floor":2.0,"turns":3.0},{"damage":0.0,"enemies":"2 Louse","floor":3.0,"turns":1.0},{"damage":10.0,"enemies":"Gremlin Nob","floor":6.0,"turns":3.0},{"damage":0.0,"enemies":"2 Fungi Beasts","floor":8.0,"turns":1.0},{"damage":15.0,"enemies":"Lagavulin","floor":10.0,"turns":7.0},{"damage":0.0,"enemies":"Exordium Wildlife","floor":11.0,"turns":6.0},{"damage":0.0,"enemies":"Red Slaver","floor":13.0,"turns":1.0},{"damage":14.0,"enemies":"Hexaghost","floor":16.0,"turns":6.0},{"damage":0.0,"enemies":"Spheric Guardian","floor":18.0,"turns":1.0},{"damage":0.0,"enemies":"Shell Parasite","floor":20.0,"turns":1.0},{"damage":0.0,"enemies":"Centurion and Healer","floor":22.0,"turns":2.0},{"damage":0,"enemies":"Slavers","floor":24,"turns":3},{"damage":0,"enemies":"Gremlin Leader","floor":27,"turns":5},{"damage":0,"enemies":"3 Cultists","floor":28,"turns":5},{"damage":8,"enemies":"Book of Stabbing","floor":30,"turns":4},{"damage":0,"enemies":"Shelled Parasite and Fungi","floor":31,"turns":1},{"damage":0,"enemies":"Collector","floor":33,"turns":5},{"damage":0,"enemies":"3 Darklings","floor":35,"turns":1},{"damage":3,"enemies":"3 Shapes","floor":36,"turns":3},{"damage":7,"enemies":"Writhing Mass","floor":37,"turns":6},{"damage":3,"enemies":"Giant Head","floor":41,"turns":5},{"damage":9,"enemies":"2 Orb Walkers","floor":47,"turns":4},{"damage":0,"enemies":"Spire Growth","floor":48,"turns":2},{"damage":14,"enemies":"Awakened One","floor":50,"turns":6}],"seed_played":"1210348583188767822","potions_obtained":[{"floor":2.0,"key":"Poison Potion"},{"floor":3.0,"key":"Swift Potion"},{"floor":8.0,"key":"Ancient Potion"},{"floor":16.0,"key":"CultistPotion"},{"floor":22.0,"key":"SteroidPotion"},{"floor":30,"key":"Poison Potion"},{"floor":36,"key":"CunningPotion"}],"is_trial":false,"path_per_floor":["M","M","M","?","$","E","R","M","T","E","M","$","M","?","R","B",null,"M","?","M","$","M","R","E","R","T","E","M","?","E","M","R","B",null,"M","M","M","?","?","R","E","R","T","?","R","$","?","M","R","B",null],"character_chosen":"THE_SILENT","items_purchased":["Membership Card","Flying Knee","PiercingWail","Blade Dance","Medical Kit","Toxic Egg 2","Lantern","Sucker Punch","Finisher","HandDrill","Infinite Blades","Deflect+1","Madness+1","Question Card","PowerPotion","Incense Burner","Master of Strategy+1","Bandage Up+1"],"campfire_rested":2,"item_purchase_floors":[0,0,0,5,12,12,12,12,12,21,21,21,21,21,21,46,46,46],"current_hp_per_floor":[55,55,55,55,55,45,45,45,45,30,30,30,30,30,51,37,62,62,62,62,62,62,62,62,62,62,62,62,62,54,54,54,54,66,66,63,56,47,47,68,65,65,75,75,75,75,66,72,72,66],"gold":113,"neow_bonus":"","is_daily":false,"chose_seed":false,"campfire_upgraded":7,"win_rate":0.0,"timestamp":1609932491,"path_taken":["M","M","M","?","$","E","R","M","T","E","M","$","M","?","R","BOSS","M","?","M","$","M","R","E","R","T","E","M","?","E","M","R","BOSS","M","M","M","?","?","R","E","R","T","?","R","$","?","M","R","BOSS"],"items_purchased_type":["Relic","Card","Card","Card","Relic","Relic","Relic","Card","Card","Relic","Card","Card","Card","Relic","Potion","Relic","Card","Card"],"build_version":"2020-12-22","purchased_purges":1,"victory":true,"max_hp_per_floor":[70,70,70,70,70,70,70,70,70,70,70,70,70,70,70,70,70,70,70,70,70,70,70,70,70,70,70,70,70,70,70,70,70,70,70,70,70,70,70,70,70,70,80,80,80,80,80,80,80,80],"relic_stats":{"counters":[38,155],"Dead Branch":[254],"Pen Nib":[18],"Bag of Preparation":[23],"Medical Kit":[2],"Cursed Key":2,"Question Card":15,"Boot":[12],"Centennial Puzzle":[15],"Prayer Wheel":1,"HandDrill":[44],"obtain_stats":[{"Ice Cream":6,"Regal Pillow":6,"Lantern":12,"HoveringKite":17,"Bag of Preparation":27,"Incense Burner":46,"Cursed Key":17,"Boot":41,"Old Coin":9,"Centennial Puzzle":26,"Matryoshka":9,"Prayer Wheel":47,"HandDrill":21,"Toxic Egg 2":12,"Ring of the Snake":0,"Pear":43,"NeowsBlessing":0,"Dead Branch":10,"Pen Nib":29,"Paper Crane":24,"Medical Kit":12,"Question Card":21,"Anchor":14,"Membership Card":0,"Toy Ornithopter":43},{"Ice Cream":17,"Regal Pillow":6,"Lantern":20,"HoveringKite":9,"Bag of Preparation":27,"Incense Burner":35,"Cursed Key":22,"Boot":35,"Old Coin":18,"Centennial Puzzle":26,"Matryoshka":6,"Prayer Wheel":36,"HandDrill":24,"Toxic Egg 2":20,"Ring of the Snake":0,"Pear":35,"NeowsBlessing":0,"Dead Branch":19,"Pen Nib":28,"Paper Crane":26,"Medical Kit":20,"Question Card":24,"Anchor":21,"Membership Card":13,"Toy Ornithopter":35},{"Ice Cream":80,"Regal Pillow":26,"Lantern":94,"HoveringKite":47,"Bag of Preparation":113,"Incense Burner":143,"Cursed Key":101,"Boot":143,"Old Coin":81,"Centennial Puzzle":108,"Matryoshka":26,"Prayer Wheel":147,"HandDrill":103,"Toxic Egg 2":94,"Ring of the Snake":0,"Pear":143,"NeowsBlessing":0,"Dead Branch":88,"Pen Nib":118,"Paper Crane":108,"Medical Kit":94,"Question Card":103,"Anchor":95,"Membership Card":68,"Toy Ornithopter":143}],"Toy Ornithopter":2,"Ring of the Snake":[76]},"card_choices":[{"not_picked":["Bane","Calculated Gamble"],"picked":"Backstab","floor":1.0},{"not_picked":["Blade Dance","Slice"],"picked":"Finisher","floor":2.0},{"not_picked":["Poisoned Stab","Deadly Poison"],"picked":"Backstab","floor":3.0},{"not_picked":["Well Laid Plans","Terror"],"picked":"Adrenaline","floor":6.0},{"not_picked":["Quick Slash","Expertise"],"picked":"Dodge and Roll","floor":8.0},{"not_picked":["Calculated Gamble","Flying Knee"],"picked":"PiercingWail","floor":10.0},{"not_picked":["Deflect","PiercingWail"],"picked":"Adrenaline","floor":11.0},{"not_picked":["Escape Plan+1","Poisoned Stab"],"picked":"Deflect+1","floor":13.0},{"not_picked":["Unload","Wraith Form v2"],"picked":"After Image","floor":16.0},{"not_picked":["Outmaneuver+1","Well Laid Plans+1"],"picked":"Finisher+1","floor":18.0},{"not_picked":["Blur+1","Calculated Gamble+1"],"picked":"Dodge and Roll+1","floor":20.0},{"not_picked":["Cloak And Dagger+1","Acrobatics+1","Dodge and Roll+1"],"picked":"PiercingWail+1","floor":22.0},{"not_picked":["Noxious Fumes","Dagger Spray+1","Deflect+1"],"picked":"Escape Plan+1","floor":24},{"not_picked":["Acrobatics+1","Underhanded Strike+1","Quick Slash"],"picked":"Cloak And Dagger+1","floor":27},{"not_picked":["Venomology+1","Well Laid Plans","Flying Knee"],"picked":"PiercingWail+1","floor":28},{"not_picked":["Catalyst+1","Noxious Fumes+1","Sucker Punch","Malaise+1"],"picked":"SKIP","floor":30},{"not_picked":["Sucker Punch+1","Acrobatics+1","Blur+1"],"picked":"Escape Plan+1","floor":31},{"not_picked":["Wraith Form v2","Tools of the Trade","Burst+1"],"picked":"Storm of Steel+1","floor":33},{"not_picked":["Outmaneuver+1","Underhanded Strike+1","Prepared+1"],"picked":"Blade Dance+1","floor":35},{"not_picked":["Caltrops","Blade Dance+1","Poisoned Stab"],"picked":"Terror+1","floor":36},{"not_picked":["Flying Knee+1","Outmaneuver+1","Dagger Throw","Crippling Poison+1"],"picked":"SKIP","floor":37},{"not_picked":["Jack Of All Trades+1","Swift Strike","Dark Shackles+1"],"picked":"Panache","floor":39},{"not_picked":["Accuracy","Eviscerate+1","Bane+1"],"picked":"Endless Agony+1","floor":41},{"not_picked":["Heel Hook+1","Backflip+1","Riddle With Holes+1"],"picked":"Backstab+1","floor":47},{"not_picked":["Accuracy","Distraction+1","All Out Attack+1"],"picked":"Backstab+1","floor":48},{"not_picked":["Dagger Spray+1","Underhanded Strike","Acrobatics+1"],"picked":"Footwork+1","floor":48}],"player_experience":355529,"relics_obtained":[{"floor":6.0,"key":"Ice Cream"},{"floor":9.0,"key":"Old Coin"},{"floor":10.0,"key":"Dead Branch"},{"floor":24,"key":"Paper Crane"},{"floor":26,"key":"Centennial Puzzle"},{"floor":27,"key":"Bag of Preparation"},{"floor":30,"key":"Matryoshka"},{"floor":41,"key":"Boot"},{"floor":43,"key":"Toy Ornithopter"},{"floor":43,"key":"Pear"},{"floor":47,"key":"Prayer Wheel"}],"event_choices":[{"damage_healed":0.0,"max_hp_gain":0.0,"max_hp_loss":0.0,"gold_gain":53.0,"event_name":"Golden Wing","player_choice":"Gained Gold","floor":4.0,"gold_loss":0.0,"damage_taken":0.0},{"damage_healed":0.0,"max_hp_gain":0.0,"max_hp_loss":0.0,"gold_gain":0.0,"event_name":"Dead Adventurer","player_choice":"Searched \u00272\u0027 times","floor":14.0,"gold_loss":0.0,"damage_taken":0.0,"relics_obtained":["Anchor"]},{"damage_healed":0.0,"max_hp_gain":0.0,"max_hp_loss":0.0,"gold_gain":0.0,"event_name":"The Library","player_choice":"Read","floor":19.0,"gold_loss":0.0,"damage_taken":0.0,"cards_obtained":["Accuracy"]},{"damage_healed":0,"gold_gain":0,"player_choice":"Stole Relic","damage_taken":0,"relics_obtained":["Pen Nib"],"max_hp_gain":0,"max_hp_loss":0,"event_name":"Addict","floor":29,"gold_loss":0,"cards_obtained":["Shame"]},{"damage_healed":0,"gold_gain":0,"player_choice":"Embrace Madness","damage_taken":9,"max_hp_gain":0,"max_hp_loss":0,"event_name":"Winding Halls","floor":38,"gold_loss":0,"cards_obtained":["Madness","Madness"]},{"damage_healed":0,"gold_gain":0,"player_choice":"Memory 1","damage_taken":0,"max_hp_gain":0,"max_hp_loss":0,"event_name":"SensoryStone","floor":39,"gold_loss":0},{"cards_removed":["PiercingWail"],"damage_healed":0,"gold_gain":0,"player_choice":"Removed Skill","damage_taken":0,"max_hp_gain":0,"max_hp_loss":0,"event_name":"Falling","floor":44,"gold_loss":0},{"damage_healed":0,"gold_gain":0,"player_choice":"Fight","damage_taken":0,"max_hp_gain":0,"max_hp_loss":0,"event_name":"Mysterious Sphere","floor":47,"gold_loss":0}],"is_beta":false,"boss_relics":[{"not_picked":["Astrolabe","Runic Dome"],"picked":"Cursed Key"},{"not_picked":["Philosopher\u0027s Stone","Snecko Eye","Velvet Choker"]}],"items_purged_floors":[46],"is_endless":false,"potions_floor_spawned":[2,3,8,16,22,30,31,33,36,48],"ascension_level":6}}