{"host":"n7mxhpjy89lltbhc","time":1609955738,"event":{"mods":["2.2 Compatiblity","Act Like it!","Bard","BaseMod","Better Match","Better Sensory Stone","Better Synergies","Better Third Choice","Better Vampires","BetterRewards","Challenge The Spire","Colored Map","Colored Powertips","Downfall","Gensokyo","Hubris","Infinite Spire","Jedi Mod","Marisa????????","Marked Mod","Minty Spire (QoL Compilation)","Permanent Neow","Rare Cards Sparkle","Relic Sorter","Relic Stats","Replay The Spire","Shop Mod","Small Relic Pack","Spicy Shops","StSLib","Strawberry Spire","The Blue Laboratory","The Disciple","The Marked","The Servant 0.9.4","Uncapped","Waifu the Spire","Wandering Minibosses","vexMod"],"gold_per_floor":[112,126,72,72,72,103,103,103,103,119,119,119,152,180,180,180,180],"floor_reached":16,"playtime":565,"items_purged":[],"score":230,"play_id":"65c87ad2-3467-4060-a48b-7aed78f70215","local_time":"25640107005538","is_ascension_mode":true,"campfire_choices":[{"data":"ShatteredReality","floor":7,"key":"SMITH"},{"data":"ShatteredReality","floor":11,"key":"SMITH"},{"floor":15,"key":"DIG"}],"circlet_count":0,"master_deck":["AscendersBane","Strike_S","Strike_S","Strike_S","Strike_S","Defend_S","Defend_S","Defend_S","Defend_S","KidneyShot","Exchange","Pain","SpecialFormula","Alleviate","ShatteredReality+1","TimeWarp","ShatteredReality+1","BottledTime"],"relics":["Uniform","Ginger","hubris:Towel","hexamod:BolsterEngine","Gensokyo:PortableGap","Onion Ring","hubris:SphereOfDissonance","strawberrySpire:MawJerky","Nunchaku","Strawberry"],"acts_visited":["Gensokyo:Gensokyo"],"potions_floor_usage":[14,16,16],"damage_taken":[{"damage":9,"enemies":"Gensokyo:Python","floor":1,"turns":4},{"damage":16,"enemies":"Gensokyo:Gryphon","floor":2,"turns":5},{"damage":12,"enemies":"Gensokyo:Cirno","floor":6,"turns":7},{"damage":8,"enemies":"Gensokyo:3_Fairies","floor":10,"turns":6},{"damage":12,"enemies":"Gensokyo:Mamizou","floor":13,"turns":9},{"damage":11,"enemies":"Gensokyo:Aya","floor":14,"turns":3},{"damage":49,"enemies":"Gensokyo:Yukari","floor":16,"turns":8}],"seed_played":"2421022994106081388","potions_obtained":[{"floor":1,"key":"Ancient Potion"},{"floor":6,"key":"ColorlessPotion"},{"floor":13,"key":"PowerPotion"},{"floor":14,"key":"Regen Potion"}],"is_trial":false,"path_per_floor":["M","M","$","?","$","E","R","?","T","M","R","T","E","E","R_BF","B"],"character_chosen":"THE_SERVANT","items_purchased":["ShatteredReality"],"campfire_rested":0,"item_purchase_floors":[3],"current_hp_per_floor":[45,34,34,34,34,27,27,27,27,24,24,24,17,15,22,0,0],"gold":180,"neow_bonus":"ONE_RARE_RELIC","is_daily":false,"chose_seed":false,"campfire_upgraded":2,"win_rate":0.0,"timestamp":1609955738,"path_taken":["M","M","$","?","$","E","R","?","T","?","R","?","E","E","R_BF","BOSS"],"items_purchased_type":["Card"],"build_version":"2020-12-22","purchased_purges":0,"victory":false,"max_hp_per_floor":[60,60,60,60,60,60,60,51,51,51,51,51,48,52,59,59,59],"relic_stats":{"Nunchaku":[1],"counters":[7,42],"Ginger":[7],"obtain_stats":[{"Nunchaku":14,"Strawberry":15,"hubris:SphereOfDissonance":12,"Onion Ring":9,"strawberrySpire:MawJerky":13,"Uniform":0,"Ginger":0,"hubris:Towel":4,"hexamod:BolsterEngine":6,"Gensokyo:PortableGap":8},{"Nunchaku":6,"Strawberry":6,"hubris:SphereOfDissonance":4,"Onion Ring":3,"strawberrySpire:MawJerky":5,"Uniform":0,"Ginger":0,"hubris:Towel":2,"hexamod:BolsterEngine":3,"Gensokyo:PortableGap":3},{"Nunchaku":34,"Strawberry":34,"hubris:SphereOfDissonance":22,"Onion Ring":16,"strawberrySpire:MawJerky":31,"Uniform":0,"Ginger":0,"hubris:Towel":9,"hexamod:BolsterEngine":16,"Gensokyo:PortableGap":16}]},"card_choices":[{"not_picked":["SurpressingFire","Rearm"],"picked":"SpecialFormula","floor":1},{"not_picked":["Rewind","Replace"],"picked":"Alleviate","floor":2},{"not_picked":["FlawlessForm","Misdirection"],"picked":"TimeWarp","floor":6},{"not_picked":["Replace","Spin"],"picked":"ShatteredReality","floor":10},{"not_picked":["Unruled","FastForward"],"picked":"BottledTime","floor":13},{"not_picked":["Replace","Revamp","Starlight"],"picked":"SKIP","floor":14}],"player_experience":1047894,"relics_obtained":[{"floor":6,"key":"hexamod:BolsterEngine"},{"floor":9,"key":"Onion Ring"},{"floor":12,"key":"hubris:SphereOfDissonance"},{"floor":13,"key":"strawberrySpire:MawJerky"},{"floor":14,"key":"Nunchaku"},{"floor":15,"key":"Strawberry"}],"event_choices":[],"is_beta":false,"boss_relics":[],"items_purged_floors":[],"is_endless":false,"potions_floor_spawned":[1,6,13,14],"killed_by":"Gensokyo:Yukari","ascension_level":16}}