{"host":"sz8c8ni79nvzjmmg","time":1609906748,"event":{"mods":["AchievementEnabler","BaseMod","DeckTracker","Keyboard Shortcuts","Minty Spire (QoL Compilation)","SuperFastMode"],"gold_per_floor":[369,369,369,41,57,57,77,77,77,104,124,138,164,175,175,250,250,264,152,163,173,223,223,256,256,256,282,202,202,222,234,234,305,305,317,217,242,255,255,255,283,64,64,96,96,126,142,153,153,153,153,153],"floor_reached":51,"playtime":2560,"items_purged":["Strike_G","Strike_G","Deadly Poison+1"],"score":1570,"play_id":"8f755106-2e6c-4ad1-aa8f-cad962db4b43","local_time":"20210106131908","is_ascension_mode":true,"campfire_choices":[{"data":"Blade Dance","floor":6.0,"key":"SMITH"},{"data":"All Out Attack","floor":8.0,"key":"SMITH"},{"data":"Prepared","floor":15.0,"key":"SMITH"},{"data":"Well Laid Plans","floor":23.0,"key":"SMITH"},{"data":"Acrobatics","floor":25.0,"key":"SMITH"},{"data":"Reflex","floor":29.0,"key":"SMITH"},{"data":"Venomology","floor":32.0,"key":"SMITH"},{"data":"Malaise","floor":40,"key":"SMITH"},{"data":"Concentrate","floor":45,"key":"SMITH"},{"floor":49,"key":"RECALL"}],"circlet_count":0,"master_deck":["AscendersBane","Defend_G","Defend_G","Defend_G","Survivor","Neutralize","Backflip","Prepared+1","Malaise+1","Venomology+1","Dagger Throw+1","Grand Finale+1","Well Laid Plans+1","Acrobatics+1","Reflex+1","Acrobatics","PiercingWail+1","Heel Hook+1","Concentrate+1","Wraith Form v2"],"relics":["Ring of the Snake","Tingsha","Mango","Nunchaku","Bottled Lightning","Empty Cage","Ice Cream","Happy Flower","The Courier","Astrolabe","Torii","Bag of Marbles","Sundial","Pocketwatch","Whetstone"],"acts_visited":["Exordium","TheCity","TheBeyond"],"potions_floor_usage":[38,41,41,44,44,46,46,47,48,50,51,51],"damage_taken":[{"damage":1.0,"enemies":"2 Louse","floor":1.0,"turns":3.0},{"damage":0.0,"enemies":"Jaw Worm","floor":5.0,"turns":4.0},{"damage":0.0,"enemies":"Cultist","floor":7.0,"turns":3.0},{"damage":3.0,"enemies":"Gremlin Nob","floor":10.0,"turns":3.0},{"damage":0.0,"enemies":"2 Fungi Beasts","floor":11.0,"turns":2.0},{"damage":4.0,"enemies":"Large Slime","floor":12.0,"turns":4.0},{"damage":11.0,"enemies":"3 Sentries","floor":13.0,"turns":10.0},{"damage":0.0,"enemies":"Gremlin Gang","floor":14.0,"turns":2.0},{"damage":29.0,"enemies":"The Guardian","floor":16.0,"turns":17.0},{"damage":16.0,"enemies":"Spheric Guardian","floor":18.0,"turns":4.0},{"damage":16.0,"enemies":"2 Thieves","floor":20.0,"turns":4.0},{"damage":0.0,"enemies":"Snecko","floor":21.0,"turns":4.0},{"damage":0.0,"enemies":"Slavers","floor":24.0,"turns":1.0},{"damage":6.0,"enemies":"Book of Stabbing","floor":27.0,"turns":5.0},{"damage":7.0,"enemies":"Centurion and Healer","floor":30.0,"turns":5.0},{"damage":0.0,"enemies":"3 Cultists","floor":31.0,"turns":2.0},{"damage":10.0,"enemies":"Automaton","floor":33.0,"turns":6.0},{"damage":4.0,"enemies":"3 Shapes","floor":35.0,"turns":4.0},{"damage":0,"enemies":"Mind Bloom Boss Battle","floor":37,"turns":4},{"damage":0,"enemies":"Orb Walker","floor":38,"turns":2},{"damage":0,"enemies":"Nemesis","floor":41,"turns":3},{"damage":7,"enemies":"Reptomancer","floor":44,"turns":3},{"damage":1,"enemies":"Nemesis","floor":46,"turns":3},{"damage":2,"enemies":"3 Darklings","floor":47,"turns":3},{"damage":0,"enemies":"4 Shapes","floor":48,"turns":2},{"damage":1,"enemies":"Donu and Deca","floor":50,"turns":3},{"damage":0,"enemies":"Time Eater","floor":51,"turns":4}],"seed_played":"389423319825295337","potions_obtained":[{"floor":1.0,"key":"LiquidBronze"},{"floor":3.0,"key":"Swift Potion"},{"floor":3.0,"key":"Fire Potion"},{"floor":13.0,"key":"Explosive Potion"},{"floor":16.0,"key":"LiquidMemories"},{"floor":24.0,"key":"SneckoOil"},{"floor":27.0,"key":"Regen Potion"},{"floor":38,"key":"FearPotion"},{"floor":41,"key":"CultistPotion"},{"floor":44,"key":"BlessingOfTheForge"},{"floor":47,"key":"DistilledChaos"}],"is_trial":false,"path_per_floor":["M","?","?","$","M","R","M","R","T","E","M","M","E","M","R","B",null,"M","$","M","M","?","R","E","R","T","E","$","R","M","M","R","B",null,"M","$","?","M","?","R","E","$","T","E","R","E","M","M","R","B","B"],"character_chosen":"THE_SILENT","items_purchased":["Tingsha","Well Laid Plans","Sundial"],"campfire_rested":0,"item_purchase_floors":[4,19,42],"current_hp_per_floor":[43,36,36,36,36,36,36,36,50,47,47,43,32,32,32,3,61,57,57,41,41,41,41,41,41,41,35,35,35,42,42,42,32,68,64,64,64,64,64,64,64,64,64,57,57,56,54,54,54,53,53,53],"gold":153,"neow_bonus":"TWO_FIFTY_GOLD","is_daily":false,"chose_seed":false,"campfire_upgraded":9,"win_rate":0.0,"timestamp":1609906748,"path_taken":["M","?","?","$","M","R","M","R","T","E","M","M","E","M","R","BOSS","M","$","M","?","?","R","E","R","T","E","$","R","M","M","R","BOSS","M","$","?","M","?","R","E","$","T","E","R","E","M","?","R","BOSS","BOSS"],"items_purchased_type":["Relic","Card","Relic"],"build_version":"2020-12-22","purchased_purges":3,"victory":false,"max_hp_per_floor":[66,66,66,66,66,66,66,66,80,80,80,80,80,80,80,80,80,80,80,80,80,80,80,80,80,80,80,80,80,80,80,80,80,80,80,80,80,80,80,80,80,80,80,80,80,80,80,80,80,80,80,80],"card_choices":[{"not_picked":["Caltrops","Underhanded Strike"],"picked":"Blade Dance","floor":1.0},{"not_picked":["Dagger Spray","Sucker Punch"],"picked":"Backflip","floor":5.0},{"not_picked":["Flying Knee","Dagger Spray"],"picked":"All Out Attack","floor":7.0},{"not_picked":["Caltrops","Bane"],"picked":"Prepared","floor":10.0},{"not_picked":["Outmaneuver","Bane","Poisoned Stab"],"picked":"SKIP","floor":11.0},{"not_picked":["Expertise","Leg Sweep"],"picked":"Malaise","floor":12.0},{"not_picked":["Slice","Dagger Spray"],"picked":"Venomology","floor":13.0},{"not_picked":["Dagger Spray","Deflect"],"picked":"Dagger Throw","floor":14.0},{"not_picked":["Venomology","Corpse Explosion"],"picked":"Grand Finale","floor":16.0},{"not_picked":["Flechettes","Prepared","Heel Hook"],"picked":"SKIP","floor":18.0},{"not_picked":["Prepared","Expertise"],"picked":"Acrobatics","floor":20.0},{"not_picked":["Underhanded Strike","Finisher"],"picked":"Reflex","floor":21.0},{"not_picked":["Dodge and Roll","Backflip+1","Eviscerate"],"picked":"SKIP","floor":24.0},{"not_picked":["Dodge and Roll","Backflip+1","Eviscerate"],"picked":"SKIP","floor":24.0},{"not_picked":["Heel Hook","Backstab"],"picked":"Acrobatics","floor":27.0},{"not_picked":["Underhanded Strike","Backflip","Skewer+1"],"picked":"SKIP","floor":30.0},{"not_picked":["Dagger Throw","Masterful Stab","Flying Knee"],"picked":"SKIP","floor":31.0},{"not_picked":["Dagger Throw","Escape Plan","Dagger Spray"],"picked":"SKIP","floor":35},{"not_picked":["Sucker Punch","Dodge and Roll","Slice"],"picked":"SKIP","floor":38},{"not_picked":["Dagger Throw","Blade Dance+1","Deadly Poison"],"picked":"SKIP","floor":41},{"not_picked":["Blade Dance+1","Reflex"],"picked":"Concentrate","floor":44},{"not_picked":["PiercingWail","Quick Slash","Slice"],"picked":"SKIP","floor":46},{"not_picked":["PiercingWail","Outmaneuver"],"picked":"Wraith Form v2","floor":47},{"not_picked":["Dodge and Roll","Crippling Poison+1","Poisoned Stab+1"],"picked":"SKIP","floor":48}],"player_experience":1228523,"relics_obtained":[{"floor":9.0,"key":"Mango"},{"floor":10.0,"key":"Nunchaku"},{"floor":13.0,"key":"Bottled Lightning"},{"floor":24.0,"key":"Ice Cream"},{"floor":26.0,"key":"Happy Flower"},{"floor":27.0,"key":"The Courier"},{"floor":37,"key":"Torii"},{"floor":41,"key":"Bag of Marbles"},{"floor":44,"key":"Pocketwatch"},{"floor":46,"key":"Whetstone"}],"event_choices":[{"cards_removed":["Strike_G"],"damage_healed":0.0,"max_hp_gain":0.0,"max_hp_loss":0.0,"gold_gain":0.0,"event_name":"Golden Wing","player_choice":"Card Removal","floor":2.0,"gold_loss":0.0,"damage_taken":7.0},{"damage_healed":0.0,"max_hp_gain":0.0,"max_hp_loss":0.0,"gold_gain":0.0,"event_name":"Lab","player_choice":"Got Potions","floor":3.0,"gold_loss":0.0,"damage_taken":0.0},{"damage_healed":0.0,"max_hp_gain":0.0,"max_hp_loss":0.0,"gold_gain":50.0,"event_name":"Nest","player_choice":"Stole From Cult","floor":22.0,"gold_loss":0.0,"damage_taken":0.0},{"damage_healed":0,"gold_gain":0,"player_choice":"Fight","damage_taken":0,"max_hp_gain":0,"max_hp_loss":0,"event_name":"MindBloom","floor":37,"gold_loss":0},{"cards_removed":["Defend_G"],"damage_healed":0,"gold_gain":0,"player_choice":"Offered Basic","damage_taken":0,"max_hp_gain":0,"max_hp_loss":0,"event_name":"Bonfire Elementals","floor":39,"gold_loss":0}],"is_beta":false,"boss_relics":[{"not_picked":["Snecko Eye","Ring of the Serpent"],"picked":"Empty Cage"},{"not_picked":["Black Star","Velvet Choker"],"picked":"Astrolabe"}],"items_purged_floors":[19,28,36],"is_endless":false,"potions_floor_spawned":[1,5,13,16,21,24,27,31,38,41,44,47,48],"killed_by":"Time Eater","ascension_level":20}}