{"host":"19oeygk4edom25m1","time":1609948993,"event":{"mods":["2.2 Compatiblity","BaseMod","Better Note","Better Third Choice","Colored Map","Colored Powertips","Curses Come First","Downfall","Hermit","Highlight Path","Hubris","Infinite Spire","Minty Spire (QoL Compilation)","Rare Cards Sparkle","Replay The Spire","Shop Mod","StSLib","The Jungle","The Marked","The Mystic"],"gold_per_floor":[112,124,31,31,50,77,77,177,177,204,204,214,214,230,323,427,427,438,457,470,470,470,470,470,470],"floor_reached":24,"playtime":6404,"items_purged":[],"score":206,"play_id":"21f6eb67-ee42-45ac-88b8-9f1d5a965cc5","local_time":"20210106140313","is_ascension_mode":false,"campfire_choices":[{"floor":7,"key":"REST"},{"floor":11,"key":"REST"},{"data":"Armaments","floor":13,"key":"SMITH"},{"floor":23,"key":"REST"}],"circlet_count":0,"master_deck":["Strike_R","Strike_R","Strike_R","Strike_R","Strike_R","Defend_R","Defend_R","Defend_R","Bash","Pommel Strike","Seeing Red","hubris:ReadiedAction","ReplayTheSpireMod:Stacked","Fiend Fire","Body Slam","Shockwave","Clash","Bludgeon","Armaments+1","Warcry","Immolate","CurseOfTheBell","Infernal Blade","ReplayTheSpireMod:Limb From Limb","Searing Blow+1","infinitespire:Collect"],"relics":["Burning Blood","Bag of Preparation","Question Card","Smiling Mask","Calling Bell","Replay:Mystery Machine","hubris:TinFlute","WingedGreaves","Orichalcum"],"acts_visited":["Exordium","TheCity"],"potions_floor_usage":[],"damage_taken":[{"damage":12,"enemies":"Cultist","floor":1,"turns":5},{"damage":0,"enemies":"Small Slimes","floor":2,"turns":3},{"damage":2,"enemies":"Jaw Worm","floor":5,"turns":3},{"damage":50,"enemies":"3 Sentries","floor":6,"turns":12},{"damage":22,"enemies":"Gremlin Nob","floor":10,"turns":5},{"damage":8,"enemies":"Red Slaver","floor":12,"turns":2},{"damage":0,"enemies":"2 Fungi Beasts","floor":14,"turns":2},{"damage":58,"enemies":"Slime Boss","floor":16,"turns":17},{"damage":30,"enemies":"2 Thieves","floor":18,"turns":3},{"damage":10,"enemies":"Spheric Guardian","floor":19,"turns":3},{"damage":24,"enemies":"Centurion and Healer","floor":20,"turns":7},{"damage":68,"enemies":"Nightmare","floor":24,"turns":8}],"seed_played":"759799583683481449","potions_obtained":[{"floor":1,"key":"Swift Potion"},{"floor":5,"key":"champ:CounterPotion"},{"floor":16,"key":"Weak Potion"}],"is_trial":false,"path_per_floor":["M","M","$","?","M","E","R","?","T","E","R","M","R","M","R_BF","B",null,"M","M","M","AVR","?","R","NM"],"character_chosen":"IRONCLAD","items_purchased":["hubris:ReadiedAction","ReplayTheSpireMod:Stacked"],"campfire_rested":3,"item_purchase_floors":[3,3],"current_hp_per_floor":[82,88,88,88,88,44,70,70,70,54,80,78,78,84,84,32,88,64,60,42,42,42,68,0,0],"gold":470,"neow_bonus":"TEN_PERCENT_HP_BONUS","is_daily":false,"chose_seed":false,"campfire_upgraded":1,"win_rate":0.0,"timestamp":1609948993,"path_taken":["M","M","?","?","?","E","R","?","T","E","R","?","R","M","R_BF","BOSS","M","M","M","AVR","?","R","NM"],"items_purchased_type":["Card","Card"],"build_version":"2020-12-22","purchased_purges":0,"victory":false,"max_hp_per_floor":[88,88,88,88,88,88,88,88,88,88,88,88,88,88,88,88,88,88,88,88,88,88,88,88,88],"card_choices":[{"not_picked":["Thunderclap","Twin Strike"],"picked":"Pommel Strike","floor":1},{"not_picked":["Heavy Blade","Cleave"],"picked":"Seeing Red","floor":2},{"not_picked":["Sever Soul","Body Slam"],"picked":"Shockwave","floor":5},{"not_picked":["Replay:Undeath\u0027s Touch","Havoc"],"picked":"Clash","floor":6},{"not_picked":["Sentinel","Twin Strike","Clothesline"],"picked":"Bludgeon","floor":10},{"not_picked":["Reckless Charge","Inflame","Fire Breathing"],"picked":"Armaments","floor":12},{"not_picked":["Flex","Wild Strike","Clothesline"],"picked":"Warcry","floor":14},{"not_picked":["Impervious","Feed","hubris:StunningStrike"],"picked":"Immolate","floor":16},{"not_picked":["Perfected Strike+1","Whirlwind","Armaments"],"picked":"Infernal Blade","floor":18},{"not_picked":["Perfected Strike","True Grit+1","hubris:SharpeningStone"],"picked":"ReplayTheSpireMod:Limb From Limb","floor":19},{"not_picked":["Twin Strike","Power Through+1","Thunderclap"],"picked":"Searing Blow+1","floor":20}],"player_experience":251396,"relics_obtained":[{"floor":6,"key":"Bag of Preparation"},{"floor":9,"key":"Question Card"},{"floor":10,"key":"Smiling Mask"},{"floor":17,"key":"Replay:Mystery Machine"},{"floor":17,"key":"hubris:TinFlute"},{"floor":17,"key":"WingedGreaves"}],"event_choices":[{"damage_healed":0,"gold_gain":0,"player_choice":"2 cards matched","damage_taken":0,"max_hp_gain":0,"max_hp_loss":0,"event_name":"Match and Keep!","floor":4,"gold_loss":0,"cards_obtained":["Fiend Fire","Body Slam"]},{"damage_healed":0,"gold_gain":0,"player_choice":"2 cards matched","damage_taken":0,"max_hp_gain":0,"max_hp_loss":0,"event_name":"Match and Keep!","floor":4,"gold_loss":0,"cards_obtained":["Fiend Fire","Body Slam"]},{"damage_healed":0,"gold_gain":100,"player_choice":"Pray","damage_taken":0,"max_hp_gain":0,"max_hp_loss":0,"event_name":"Golden Shrine","floor":8,"gold_loss":0},{"cards_removed":["Defend_R"],"damage_healed":0,"gold_gain":0,"player_choice":"Purged","damage_taken":0,"max_hp_gain":0,"max_hp_loss":0,"event_name":"Purifier","floor":22,"gold_loss":0}],"is_beta":false,"boss_relics":[{"not_picked":["Runic Dome","Replay:Bronze Core"],"picked":"Calling Bell"}],"items_purged_floors":[],"is_endless":false,"potions_floor_spawned":[1,5,16,19],"killed_by":"Nightmare","ascension_level":0}}