{"host":"cs4mnqnj3e1ejebq","time":1609929470,"event":{"mods":["BaseMod","Hermit","Minty Spire (QoL Compilation)","StSLib","The Runesmith"],"gold_per_floor":[119,119,119,131,141,141,170,180,180,206,217,167,167,181,181,280,280,295,295,295,76,76,76,93,118,118,33,68,68,85,118,118,218,218,238,253,32,32,51,51,76,76,122,222,222,248,248,281,281,281,281],"floor_reached":50,"playtime":1664,"items_purged":["Writhe","Bite"],"score":823,"play_id":"9d431a81-31e4-4ad3-902c-8e803f50c2ae","local_time":"20210106193750","is_ascension_mode":true,"campfire_choices":[{"data":"Neutralize","floor":6,"key":"SMITH"},{"data":"Envenom","floor":13,"key":"SMITH"},{"floor":15,"key":"REST"},{"data":"RitualDagger","floor":23,"key":"SMITH"},{"data":"Finisher","floor":29,"key":"SMITH"},{"data":"Adrenaline","floor":32,"key":"SMITH"},{"data":"Madness","floor":40,"key":"SMITH"},{"data":"Madness","floor":42,"key":"SMITH"},{"data":"Accuracy","floor":45,"key":"SMITH"},{"floor":49,"key":"REST"}],"circlet_count":0,"master_deck":["Defend_G","Defend_G+1","Defend_G+1","Defend_G","Defend_G","Survivor","Neutralize+1","Slice+1","Accuracy+1","Underhanded Strike+1","Acrobatics","Slice+1","Envenom+1","Adrenaline+1","Backstab","Bite","Bite","Bite","Bite","RitualDagger+1","Backstab","Finisher+1","Blade Dance+1","Choke","Blade Dance","Madness+1","Madness+1","Blade Dance","Cloak And Dagger+1"],"relics":["Ring of the Serpent","Vajra","Gambling Chip","InkBottle","Whetstone","Oddly Smooth Stone","War Paint","Tiny Chest","Blue Candle","Happy Flower","Nunchaku","Letter Opener","WristBlade","MealTicket","Snake Skull","Strawberry","Dead Branch"],"acts_visited":["Exordium","TheCity","TheBeyond"],"potions_floor_usage":[10,10,16,33,33,35,50],"damage_taken":[{"damage":0,"enemies":"Small Slimes","floor":1,"turns":3},{"damage":0,"enemies":"2 Louse","floor":4,"turns":2},{"damage":1,"enemies":"Jaw Worm","floor":5,"turns":3},{"damage":22,"enemies":"3 Sentries","floor":7,"turns":12},{"damage":0,"enemies":"Large Slime","floor":8,"turns":4},{"damage":0,"enemies":"Gremlin Nob","floor":10,"turns":2},{"damage":0,"enemies":"Blue Slaver","floor":11,"turns":2},{"damage":0,"enemies":"3 Louse","floor":14,"turns":2},{"damage":8,"enemies":"Hexaghost","floor":16,"turns":5},{"damage":0,"enemies":"Chosen","floor":18,"turns":3},{"damage":13,"enemies":"2 Thieves","floor":24,"turns":4},{"damage":10,"enemies":"Book of Stabbing","floor":25,"turns":5},{"damage":21,"enemies":"Gremlin Leader","floor":28,"turns":8},{"damage":8,"enemies":"Shelled Parasite and Fungi","floor":30,"turns":3},{"damage":24,"enemies":"Book of Stabbing","floor":31,"turns":4},{"damage":68,"enemies":"Champ","floor":33,"turns":7},{"damage":22,"enemies":"3 Darklings","floor":35,"turns":6},{"damage":12,"enemies":"Orb Walker","floor":36,"turns":2},{"damage":0,"enemies":"Sphere and 2 Shapes","floor":39,"turns":2},{"damage":0,"enemies":"Giant Head","floor":41,"turns":4},{"damage":9,"enemies":"Reptomancer","floor":48,"turns":2},{"damage":57,"enemies":"Time Eater","floor":50,"turns":4}],"seed_played":"2367964846155277240","potions_obtained":[{"floor":7,"key":"AttackPotion"},{"floor":8,"key":"Fire Potion"},{"floor":11,"key":"FairyPotion"},{"floor":14,"key":"FearPotion"},{"floor":18,"key":"Regen Potion"},{"floor":31,"key":"ColorlessPotion"},{"floor":33,"key":"Block Potion"},{"floor":35,"key":"DuplicationPotion"},{"floor":41,"key":"LiquidMemories"}],"is_trial":false,"path_per_floor":["M","?","?","M","M","R","E","M","T","E","M","?","R","M","R","B",null,"M","?","?","$","?","R","M","E","T","?","E","R","M","E","R","B",null,"M","M","$","?","M","R","E","R","T","?","R","T","?","E","R","B"],"character_chosen":"THE_SILENT","items_purchased":["War Paint","Choke","Blade Dance"],"campfire_rested":2,"item_purchase_floors":[21,37,37],"current_hp_per_floor":[63,60,46,46,45,45,23,23,23,23,23,23,23,23,44,36,62,62,62,49,49,43,43,42,38,38,38,45,45,45,29,29,18,41,35,27,27,21,23,23,33,33,33,33,33,40,40,33,49,0,0],"gold":281,"neow_bonus":"REMOVE_CARD","is_daily":false,"chose_seed":false,"campfire_upgraded":8,"win_rate":0.0,"timestamp":1609929470,"path_taken":["M","?","?","M","M","R","E","M","T","E","M","?","R","M","R","BOSS","M","?","?","$","?","R","M","E","T","?","E","R","M","E","R","BOSS","M","M","$","?","M","R","E","R","T","?","R","?","?","E","R","BOSS"],"items_purchased_type":["Relic","Card","Card"],"build_version":"2020-12-22","purchased_purges":2,"victory":false,"max_hp_per_floor":[70,70,70,70,70,70,70,70,70,70,70,70,70,70,70,70,70,70,70,49,49,49,49,49,49,49,49,49,49,49,49,49,49,49,49,49,49,49,49,49,49,49,49,49,49,56,56,56,56,56,56],"card_choices":[{"not_picked":["PiercingWail","Dash"],"picked":"Slice","floor":1},{"not_picked":["Noxious Fumes","Heel Hook"],"picked":"Accuracy","floor":4},{"not_picked":["Noxious Fumes","Outmaneuver"],"picked":"Underhanded Strike","floor":5},{"not_picked":["PiercingWail","Distraction"],"picked":"Acrobatics","floor":7},{"not_picked":["Prepared","Flying Knee"],"picked":"Slice","floor":8},{"not_picked":["Crippling Poison","Heel Hook"],"picked":"Envenom","floor":10},{"not_picked":["Bane","Dodge and Roll","Backflip"],"picked":"SKIP","floor":11},{"not_picked":["Skewer","Leg Sweep","Outmaneuver"],"picked":"SKIP","floor":14},{"not_picked":["Grand Finale","Doppelganger"],"picked":"Adrenaline","floor":16},{"not_picked":["Expertise","Accuracy"],"picked":"Backstab","floor":18},{"not_picked":["Underhanded Strike","Acrobatics+1"],"picked":"Backstab","floor":24},{"not_picked":["Underhanded Strike","Sucker Punch","Backflip"],"picked":"SKIP","floor":25},{"not_picked":["Deadly Poison","Acrobatics"],"picked":"Finisher","floor":28},{"not_picked":["Deadly Poison+1","Flying Knee+1","Deflect"],"picked":"SKIP","floor":30},{"not_picked":["Riddle With Holes","Finisher+1","Quick Slash"],"picked":"SKIP","floor":31},{"not_picked":["Poisoned Stab+1","Bane+1","Flechettes+1"],"picked":"SKIP","floor":35},{"not_picked":["Quick Slash+1","Endless Agony+1"],"picked":"Blade Dance+1","floor":36},{"not_picked":["PiercingWail","Crippling Poison","Dagger Throw"],"picked":"SKIP","floor":39},{"not_picked":["Backstab+1","Escape Plan+1"],"picked":"Blade Dance","floor":41},{"not_picked":["Deadly Poison+1","Bane+1"],"picked":"Cloak And Dagger+1","floor":48}],"player_experience":207236,"relics_obtained":[{"floor":7,"key":"Gambling Chip"},{"floor":9,"key":"InkBottle"},{"floor":10,"key":"Whetstone"},{"floor":25,"key":"Tiny Chest"},{"floor":26,"key":"Blue Candle"},{"floor":28,"key":"Nunchaku"},{"floor":31,"key":"Letter Opener"},{"floor":41,"key":"MealTicket"},{"floor":43,"key":"Snake Skull"},{"floor":46,"key":"Strawberry"},{"floor":48,"key":"Dead Branch"}],"event_choices":[{"damage_healed":0,"gold_gain":0,"player_choice":"Success","damage_taken":3,"relics_obtained":["Vajra"],"max_hp_gain":0,"max_hp_loss":0,"event_name":"Scrap Ooze","floor":2,"gold_loss":0},{"damage_healed":0,"gold_gain":0,"player_choice":"Entered Light","damage_taken":14,"max_hp_gain":0,"max_hp_loss":0,"event_name":"Shining Light","floor":3,"gold_loss":0,"cards_upgraded":["Strike_G","Slice"]},{"cards_removed":["Strike_G"],"damage_healed":0,"gold_gain":0,"player_choice":"Card Removal","damage_taken":0,"max_hp_gain":0,"max_hp_loss":0,"event_name":"The Cleric","floor":12,"gold_loss":50},{"damage_healed":0,"gold_gain":0,"player_choice":"Opened","damage_taken":0,"relics_obtained":["Oddly Smooth Stone"],"max_hp_gain":0,"max_hp_loss":0,"event_name":"The Mausoleum","floor":19,"gold_loss":0,"cards_obtained":["Writhe"]},{"damage_healed":0,"gold_gain":0,"player_choice":"Became a vampire","damage_taken":0,"max_hp_gain":0,"max_hp_loss":21,"event_name":"Vampires","floor":20,"gold_loss":0,"cards_obtained":["Bite","Bite","Bite","Bite","Bite"]},{"damage_healed":0,"gold_gain":0,"player_choice":"Joined the Cult","damage_taken":6,"max_hp_gain":0,"max_hp_loss":0,"event_name":"Nest","floor":22,"gold_loss":0,"cards_obtained":["RitualDagger"]},{"damage_healed":0,"gold_gain":0,"player_choice":"Obtained Relic","damage_taken":0,"relics_obtained":["Happy Flower"],"max_hp_gain":0,"max_hp_loss":0,"event_name":"Addict","floor":27,"gold_loss":85},{"damage_healed":0,"gold_gain":0,"player_choice":"Embrace Madness","damage_taken":6,"max_hp_gain":0,"max_hp_loss":0,"event_name":"Winding Halls","floor":38,"gold_loss":0,"cards_obtained":["Madness","Madness"]},{"damage_healed":0,"gold_gain":100,"player_choice":"Pray","damage_taken":0,"max_hp_gain":0,"max_hp_loss":0,"event_name":"Golden Shrine","floor":44,"gold_loss":0},{"damage_healed":0,"gold_gain":0,"player_choice":"Ignored","damage_taken":0,"max_hp_gain":0,"max_hp_loss":0,"event_name":"SecretPortal","floor":47,"gold_loss":0}],"is_beta":false,"boss_relics":[{"not_picked":["Runic Dome","Pandora\u0027s Box"],"picked":"Ring of the Serpent"},{"not_picked":["Calling Bell","Coffee Dripper"],"picked":"WristBlade"}],"items_purged_floors":[21,37],"is_endless":false,"potions_floor_spawned":[7,8,11,14,18,31,33,35,41],"killed_by":"Time Eater","ascension_level":6}}