{"host":"9itbpxvmuk6em6oe","time":1609949832,"event":{"mods":["AchievementEnabler","BaseMod","Better-Laid Plans","Colored Powertips","Minty Spire (QoL Compilation)","Rare Cards Sparkle","SuperFastMode"],"gold_per_floor":[113,126,76,18,33,44,69,69,94,112,137,157,157,182,182,279,279,297,331,331,430,450,450,480,480,480,496,551,585,57,75,75,174,174,193,193,193,211,222,222,238,267,293,322,322,332,352,368,368,368],"floor_reached":51,"playtime":2815,"items_purged":[],"score":830,"play_id":"2dd21860-9925-41eb-87dd-751c7b15bc41","local_time":"20210106081712","is_ascension_mode":true,"campfire_choices":[{"floor":13,"key":"REST"},{"data":"Blade Dance","floor":15,"key":"SMITH"},{"floor":23,"key":"REST"},{"data":"Accuracy","floor":25,"key":"SMITH"},{"floor":32,"key":"REST"},{"floor":40,"key":"REST"},{"floor":45,"key":"REST"},{"floor":49,"key":"REST"}],"circlet_count":0,"master_deck":["Strike_G","Strike_G","Strike_G","Strike_G","Strike_G+1","Defend_G","Defend_G","Defend_G","Defend_G","Survivor","Neutralize","Accuracy+1","PiercingWail","Glass Knife","Predator","Blade Dance+1","Cloak And Dagger","Noxious Fumes","All Out Attack","Backstab","Envenom","Noxious Fumes","Blade Dance","Footwork","Dodge and Roll+1","Backflip","Infinite Blades","Infinite Blades","Backstab+1","PiercingWail","Envenom","Infinite Blades","Madness","Madness","Cloak And Dagger+1","Cloak And Dagger+1","Blade Dance+1","Slice+1","PiercingWail+1","Blur+1","Leg Sweep+1","Infinite Blades+1"],"relics":["Ring of the Snake","NeowsBlessing","Regal Pillow","Oddly Smooth Stone","PreservedInsect","Gremlin Horn","Orichalcum","WristBlade","Red Mask","Paper Crane","Question Card","Happy Flower","Bronze Scales","Blood Vial","Toy Ornithopter","DollysMirror","Sozu","Whetstone","Art of War","Toxic Egg 2"],"acts_visited":["Exordium","TheCity","TheBeyond"],"potions_floor_usage":[16,16,33,50,50],"damage_taken":[{"damage":0.0,"enemies":"Jaw Worm","floor":1.0,"turns":1.0},{"damage":0,"enemies":"Small Slimes","floor":2,"turns":1},{"damage":0,"enemies":"Cultist","floor":5,"turns":1},{"damage":0,"enemies":"2 Fungi Beasts","floor":6,"turns":4},{"damage":19,"enemies":"Gremlin Nob","floor":7,"turns":5},{"damage":0,"enemies":"Blue Slaver","floor":10,"turns":4},{"damage":14,"enemies":"3 Sentries","floor":11,"turns":5},{"damage":4,"enemies":"Looter","floor":12,"turns":3},{"damage":14,"enemies":"Gremlin Nob","floor":14,"turns":4},{"damage":7,"enemies":"Slime Boss","floor":16,"turns":9},{"damage":16,"enemies":"Spheric Guardian","floor":18,"turns":4},{"damage":25,"enemies":"Masked Bandits","floor":19,"turns":4},{"damage":0,"enemies":"Chosen","floor":22,"turns":3},{"damage":10,"enemies":"Book of Stabbing","floor":24,"turns":3},{"damage":30,"enemies":"Snake Plant","floor":27,"turns":4},{"damage":2,"enemies":"Gremlin Leader","floor":29,"turns":5},{"damage":9,"enemies":"Snecko","floor":31,"turns":3},{"damage":49,"enemies":"Automaton","floor":33,"turns":7},{"damage":15,"enemies":"3 Shapes","floor":35,"turns":3},{"damage":12,"enemies":"Orb Walker","floor":38,"turns":3},{"damage":3,"enemies":"3 Darklings","floor":39,"turns":5},{"damage":16,"enemies":"Sphere and 2 Shapes","floor":41,"turns":4},{"damage":37,"enemies":"Nemesis","floor":42,"turns":5},{"damage":12,"enemies":"Giant Head","floor":44,"turns":5},{"damage":2,"enemies":"4 Shapes","floor":46,"turns":9},{"damage":19,"enemies":"3 Darklings","floor":47,"turns":4},{"damage":12,"enemies":"Maw","floor":48,"turns":6},{"damage":49,"enemies":"Donu and Deca","floor":50,"turns":7}],"seed_played":"-2888151767035097866","potions_obtained":[{"floor":7,"key":"SpeedPotion"},{"floor":11,"key":"Strength Potion"},{"floor":12,"key":"SpeedPotion"},{"floor":16,"key":"FearPotion"},{"floor":19,"key":"CunningPotion"},{"floor":33,"key":"LiquidMemories"}],"is_trial":false,"path_per_floor":["M","M","?","?","M","M","E","$","T","M","E","M","R","E","R","B",null,"M","?","?","?","M","R","E","R","T","M","T","E","$","M","R","B",null,"M","?","?","M","M","R","M","E","T","E","R","M","M","M","R","B",null],"character_chosen":"THE_SILENT","items_purchased":["Blood Vial","Toy Ornithopter","Infinite Blades","DollysMirror"],"campfire_rested":6,"item_purchase_floors":[30,30,30,30],"current_hp_per_floor":[70,70,70,70,70,70,51,51,51,51,37,33,69,55,55,48,70,54,29,29,29,29,65,55,55,55,25,25,23,23,16,52,10,70,55,46,46,36,35,70,54,19,19,9,45,45,28,18,54,17],"gold":368,"neow_bonus":"THREE_ENEMY_KILL","is_daily":false,"chose_seed":false,"campfire_upgraded":2,"win_rate":0.0,"timestamp":1609949832,"path_taken":["M","M","?","?","?","M","E","$","T","M","E","M","R","E","R","BOSS","M","?","?","?","M","R","E","R","T","M","?","E","?","M","R","BOSS","M","?","?","M","M","R","M","E","T","E","R","?","M","M","R","BOSS"],"items_purchased_type":["Relic","Relic","Card","Relic"],"build_version":"2020-12-22","purchased_purges":0,"victory":true,"max_hp_per_floor":[70,70,70,70,70,70,70,70,70,70,70,70,70,70,70,70,70,70,70,70,70,70,70,70,70,70,70,70,70,70,70,70,70,70,70,70,70,70,70,70,70,70,70,70,70,70,70,70,70,70],"card_choices":[{"not_picked":["Poisoned Stab","Flying Knee"],"picked":"Accuracy","floor":1.0},{"not_picked":["Outmaneuver","Slice"],"picked":"PiercingWail","floor":2},{"not_picked":["Bouncing Flask","Catalyst"],"picked":"Glass Knife","floor":5},{"not_picked":["Choke","Deadly Poison"],"picked":"Predator","floor":6},{"not_picked":["Reflex","Flying Knee"],"picked":"Blade Dance","floor":7},{"not_picked":["Prepared","Calculated Gamble"],"picked":"Cloak And Dagger","floor":10},{"not_picked":["Dagger Spray","Deflect"],"picked":"Noxious Fumes","floor":11},{"not_picked":["Prepared","Leg Sweep"],"picked":"All Out Attack","floor":12},{"not_picked":["PiercingWail","Quick Slash"],"picked":"Backstab","floor":14},{"not_picked":["Corpse Explosion","Wraith Form v2"],"picked":"Envenom","floor":16},{"not_picked":["Blur","Bouncing Flask+1"],"picked":"Noxious Fumes","floor":18},{"not_picked":["Slice+1","Expertise"],"picked":"Blade Dance","floor":19},{"not_picked":["Poisoned Stab","Dagger Spray"],"picked":"Footwork","floor":22},{"not_picked":["Dagger Throw+1","Riddle With Holes"],"picked":"Dodge and Roll+1","floor":24},{"not_picked":["Choke","Tactician","Dagger Throw"],"picked":"Backflip","floor":27},{"not_picked":["Burst","Dagger Throw","Prepared"],"picked":"Infinite Blades","floor":29},{"not_picked":["Backflip","Expertise+1","Bane"],"picked":"PiercingWail","floor":31},{"not_picked":["Tools of the Trade","Die Die Die","Corpse Explosion"],"picked":"Envenom","floor":33},{"not_picked":["Expertise","Quick Slash","Sucker Punch+1"],"picked":"Infinite Blades","floor":35},{"not_picked":["All Out Attack","Poisoned Stab","Backflip"],"picked":"Cloak And Dagger+1","floor":38},{"not_picked":["Deadly Poison","Underhanded Strike+1","Doppelganger"],"picked":"Cloak And Dagger+1","floor":39},{"not_picked":["Choke","Underhanded Strike+1","Escape Plan+1"],"picked":"Blade Dance+1","floor":41},{"not_picked":["Skewer+1","Catalyst+1","Flechettes"],"picked":"Slice+1","floor":42},{"not_picked":["Backflip+1","Flying Knee+1","Outmaneuver+1"],"picked":"PiercingWail+1","floor":44},{"not_picked":["Outmaneuver+1","Calculated Gamble+1","Flechettes"],"picked":"Blur+1","floor":46},{"not_picked":["Slice","Deadly Poison+1","Expertise+1"],"picked":"Leg Sweep+1","floor":47},{"not_picked":["Prepared+1","Bane","Endless Agony+1"],"picked":"Infinite Blades+1","floor":48}],"player_experience":53858,"relics_obtained":[{"floor":7,"key":"Oddly Smooth Stone"},{"floor":9,"key":"PreservedInsect"},{"floor":11,"key":"Gremlin Horn"},{"floor":14,"key":"Orichalcum"},{"floor":19,"key":"Red Mask"},{"floor":24,"key":"Paper Crane"},{"floor":26,"key":"Question Card"},{"floor":28,"key":"Happy Flower"},{"floor":29,"key":"Bronze Scales"},{"floor":42,"key":"Whetstone"},{"floor":43,"key":"Art of War"},{"floor":44,"key":"Toxic Egg 2"}],"event_choices":[{"cards_removed":["Defend_G"],"damage_healed":0,"gold_gain":0,"player_choice":"Card Removal","damage_taken":0,"max_hp_gain":0,"max_hp_loss":0,"event_name":"The Cleric","floor":3,"gold_loss":50},{"damage_healed":0,"gold_gain":0,"player_choice":"Paid Gold","damage_taken":0,"relics_obtained":["Regal Pillow"],"max_hp_gain":0,"max_hp_loss":0,"event_name":"WeMeetAgain","floor":4,"gold_loss":58},{"damage_healed":0,"gold_gain":0,"player_choice":"Fought Bandits","damage_taken":0,"max_hp_gain":0,"max_hp_loss":0,"event_name":"Masked Bandits","floor":19,"gold_loss":0},{"damage_healed":0,"gold_gain":0,"player_choice":"Ignored","damage_taken":0,"max_hp_gain":0,"max_hp_loss":0,"event_name":"Ghosts","floor":20,"gold_loss":0},{"damage_healed":0,"gold_gain":99,"player_choice":"Stole From Cult","damage_taken":0,"max_hp_gain":0,"max_hp_loss":0,"event_name":"Nest","floor":21,"gold_loss":0},{"damage_healed":0,"gold_gain":0,"player_choice":"Embrace Madness","damage_taken":9,"max_hp_gain":0,"max_hp_loss":0,"event_name":"Winding Halls","floor":36,"gold_loss":0,"cards_obtained":["Madness","Madness"]},{"damage_healed":0,"gold_gain":0,"player_choice":"0 cards matched","damage_taken":0,"max_hp_gain":0,"max_hp_loss":0,"event_name":"Match and Keep!","floor":37,"gold_loss":0,"cards_obtained":[]}],"is_beta":false,"boss_relics":[{"not_picked":["SlaversCollar","Astrolabe"],"picked":"WristBlade"},{"not_picked":["Coffee Dripper","Philosopher\u0027s Stone"],"picked":"Sozu"}],"items_purged_floors":[],"is_endless":false,"potions_floor_spawned":[7,11,12,14,16,19,31,33,35,44,46,47],"ascension_level":1}}