{"host":"873t0y8ybyo38pfq","time":1609966331,"event":{"mods":["BaseMod","Bestiary","Colored Map","Colored Powertips","Highlight Path","Minty Spire (QoL Compilation)","Quick Restart","RNG Fix","Rare Cards Sparkle","Relic Stats","StSLib"],"gold_per_floor":[113,69,69,144,164,164,194,194,194,220,230,44,59,78,78,152,152,162,173,173,187,55,83,83,110,160,173,19,19,19],"floor_reached":29,"playtime":2550,"items_purged":["Writhe","Strike_B"],"score":596,"play_id":"f651b61f-729f-421b-8064-a3b62d787c5e","local_time":"20210106155211","is_ascension_mode":true,"campfire_choices":[{"data":"Zap","floor":6,"key":"SMITH"},{"data":"Echo Form","floor":8,"key":"SMITH"},{"data":"Lockon","floor":15,"key":"SMITH"},{"data":"Strike_B","floor":24,"key":"PURGE"}],"circlet_count":0,"master_deck":["AscendersBane","Strike_B","Strike_B","Defend_B","Defend_B","Defend_B","Defend_B","Zap+1","Dualcast","Glacier","Self Repair","Lockon+1","Echo Form+1","Hologram","Undo","Turbo","All For One","Steam","Machine Learning","Steam Power+1","Go for the Eyes","Coolheaded","Undo","Conserve Battery"],"relics":["Cracked Core","NeowsBlessing","Vajra","Gambling Chip","Peace Pipe","MealTicket","Inserter","Oddly Smooth Stone","Darkstone Periapt","Turnip"],"acts_visited":["Exordium","TheCity"],"potions_floor_usage":[10,19,23,25,25],"damage_taken":[{"damage":0,"enemies":"Cultist","floor":1,"turns":1},{"damage":0,"enemies":"Jaw Worm","floor":5,"turns":1},{"damage":0,"enemies":"Gremlin Nob","floor":7,"turns":1},{"damage":7,"enemies":"3 Sentries","floor":10,"turns":8},{"damage":9,"enemies":"Small Slimes","floor":11,"turns":4},{"damage":0,"enemies":"Blue Slaver","floor":13,"turns":7},{"damage":0,"enemies":"3 Louse","floor":14,"turns":6},{"damage":60,"enemies":"Hexaghost","floor":16,"turns":13},{"damage":33,"enemies":"Spheric Guardian","floor":18,"turns":6},{"damage":0,"enemies":"Chosen","floor":19,"turns":5},{"damage":36,"enemies":"Snecko","floor":21,"turns":8},{"damage":14,"enemies":"Book of Stabbing","floor":23,"turns":4},{"damage":11,"enemies":"Slavers","floor":25,"turns":3},{"damage":23,"enemies":"Centurion and Healer","floor":27,"turns":14},{"damage":46,"enemies":"Gremlin Leader","floor":29,"turns":5}],"seed_played":"7298866158723009668","potions_obtained":[{"floor":1,"key":"AttackPotion"},{"floor":7,"key":"FearPotion"},{"floor":11,"key":"Ancient Potion"},{"floor":16,"key":"EssenceOfDarkness"},{"floor":21,"key":"SneckoOil"},{"floor":23,"key":"PowerPotion"}],"is_trial":false,"path_per_floor":["M","$","?","?","M","R","E","R","T","E","M","$","M","M","R","B",null,"M","M","?","M","$","E","R","E","T","M","$","E"],"character_chosen":"DEFECT","items_purchased":["Self Repair","MealTicket","Turbo","Coolheaded","Conserve Battery"],"campfire_rested":0,"item_purchase_floors":[2,12,12,22,28],"current_hp_per_floor":[64,64,69,58,58,58,58,58,58,58,56,56,70,76,76,23,63,44,58,58,36,51,51,51,47,47,31,46,0,0],"gold":19,"neow_bonus":"THREE_ENEMY_KILL","is_daily":false,"chose_seed":false,"campfire_upgraded":3,"win_rate":0.0,"timestamp":1609966331,"path_taken":["M","$","?","?","M","R","E","R","T","E","M","$","M","M","R","BOSS","M","M","?","M","$","E","R","E","T","M","?","E"],"items_purchased_type":["Card","Relic","Card","Card","Card"],"build_version":"2020-12-22","purchased_purges":2,"victory":false,"max_hp_per_floor":[71,71,76,76,76,76,76,76,76,76,76,76,76,76,76,76,76,76,76,76,76,76,76,76,76,76,76,76,76,76],"relic_stats":{"Peace Pipe":1,"Darkstone Periapt":0,"Inserter":[22],"counters":[15,86],"Gambling Chip":[32],"MealTicket":30,"Turnip":[9],"obtain_stats":[{"Peace Pipe":10,"Darkstone Periapt":23,"Inserter":17,"NeowsBlessing":0,"Gambling Chip":9,"Vajra":7,"Oddly Smooth Stone":20,"MealTicket":12,"Turnip":25,"Cracked Core":0},{"Peace Pipe":4,"Darkstone Periapt":12,"Inserter":8,"NeowsBlessing":0,"Gambling Chip":3,"Vajra":3,"Oddly Smooth Stone":10,"MealTicket":5,"Turnip":13,"Cracked Core":0},{"Peace Pipe":11,"Darkstone Periapt":64,"Inserter":41,"NeowsBlessing":0,"Gambling Chip":3,"Vajra":3,"Oddly Smooth Stone":52,"MealTicket":15,"Turnip":67,"Cracked Core":0}]},"card_choices":[{"not_picked":["Streamline","Rebound"],"picked":"Glacier","floor":1},{"not_picked":["Sweeping Beam","Streamline"],"picked":"Lockon","floor":5},{"not_picked":["Leap","Cold Snap"],"picked":"Echo Form","floor":7},{"not_picked":["Heatsinks","Self Repair"],"picked":"Hologram","floor":10},{"not_picked":["Beam Cell","Rebound"],"picked":"Undo","floor":11},{"not_picked":["Consume","Beam Cell"],"picked":"All For One","floor":13},{"not_picked":["Compile Driver","Beam Cell"],"picked":"Steam","floor":14},{"not_picked":["Thunder Strike","Buffer"],"picked":"Machine Learning","floor":16},{"not_picked":["Hologram","Chaos"],"picked":"Steam Power+1","floor":18},{"not_picked":["Steam","Barrage","Streamline"],"picked":"SKIP","floor":19},{"not_picked":["Steam+1","Stack"],"picked":"Go for the Eyes","floor":21},{"not_picked":["Turbo","Gash+1","Steam"],"picked":"SKIP","floor":23},{"not_picked":["Steam","Melter"],"picked":"Undo","floor":25},{"not_picked":["Scrape","Cold Snap+1","Coolheaded"],"picked":"SKIP","floor":27}],"player_experience":1531052,"relics_obtained":[{"floor":7,"key":"Vajra"},{"floor":9,"key":"Gambling Chip"},{"floor":10,"key":"Peace Pipe"},{"floor":23,"key":"Darkstone Periapt"},{"floor":25,"key":"Turnip"}],"event_choices":[{"damage_healed":0,"gold_gain":0,"player_choice":"Donut","damage_taken":0,"max_hp_gain":5,"max_hp_loss":0,"event_name":"Big Fish","floor":3,"gold_loss":0},{"damage_healed":0,"gold_gain":75,"player_choice":"Gather Gold","damage_taken":11,"max_hp_gain":0,"max_hp_loss":0,"event_name":"World of Goop","floor":4,"gold_loss":0},{"damage_healed":0,"gold_gain":0,"player_choice":"Opened","damage_taken":0,"relics_obtained":["Oddly Smooth Stone"],"max_hp_gain":0,"max_hp_loss":0,"event_name":"The Mausoleum","floor":20,"gold_loss":0,"cards_obtained":["Writhe"]}],"is_beta":false,"boss_relics":[{"not_picked":["Calling Bell","Black Star"],"picked":"Inserter"}],"items_purged_floors":[22,28],"is_endless":false,"potions_floor_spawned":[1,7,11,16,21,23],"killed_by":"Gremlin Leader","ascension_level":20}}