{"host":"Tuck","time":1609913562,"event":{"mods":["BaseMod","Minty Spire (QoL Compilation)","StSLib"],"gold_per_floor":[166,186,186,186,200,235,13,46,94,126,51,77,94,1,1,100,100,117,131,131,131,31,31,58,58,133,163,173,192,225,16,16,111,111,130,130,141,11,21,51,69,88,113,152,196,277,303,352,352,352,352,352,90,133,133],"floor_reached":56,"playtime":5480,"items_purged":["Strike_B","Zap"],"score":1909,"play_id":"35170a31-253d-47ba-beef-5c1c92a67ee7","local_time":"20210105231242","is_ascension_mode":true,"campfire_choices":[{"data":"Defragment","floor":15,"key":"SMITH"},{"data":"Buffer","floor":23,"key":"SMITH"},{"data":"Go for the Eyes","floor":25,"key":"SMITH"},{"data":"Seek","floor":32,"key":"SMITH"},{"floor":49,"key":"RECALL"},{"floor":52,"key":"REST"}],"circlet_count":0,"master_deck":["Defend_B","Defend_B","Dualcast","Cold Snap","Blizzard","Compile Driver","Machine Learning","Defragment+1","Chill","Go for the Eyes+1","Amplify","Coolheaded","Hologram","Buffer+1","Capacitor+1","Capacitor","Recycle+1","Seek+1","Barrage","Coolheaded","Reboot","Recycle","Gash","Apotheosis+1","Chill","Coolheaded+1","Defragment","Consume","Echo Form","Glacier","Loop+1","Seek","Meteor Strike","Defragment"],"relics":["Tiny House","DataDisk","Mummified Hand","White Beast Statue","Medical Kit","InkBottle","Bag of Preparation","Dream Catcher","Bird Faced Urn","Ancient Tea Set","Runic Pyramid","HornCleat","Regal Pillow","Red Mask","Darkstone Periapt","Runic Capacitor","Black Star","CeramicFish","Letter Opener","Orichalcum","StoneCalendar","Strawberry","WingedGreaves","Mango","FossilizedHelix","Sundial","Anchor","Ice Cream","Kunai","Juzu Bracelet","Orrery","Bronze Scales","Mercury Hourglass"],"acts_visited":["Exordium","TheCity","TheBeyond","TheEnding"],"potions_floor_usage":[6,12,19],"damage_taken":[{"damage":1,"enemies":"Cultist","floor":1,"turns":3},{"damage":3,"enemies":"Jaw Worm","floor":2,"turns":3},{"damage":7,"enemies":"2 Louse","floor":5,"turns":2},{"damage":14,"enemies":"Lagavulin","floor":6,"turns":8},{"damage":23,"enemies":"3 Sentries","floor":8,"turns":7},{"damage":10,"enemies":"Lagavulin","floor":10,"turns":6},{"damage":0,"enemies":"Gremlin Nob","floor":12,"turns":3},{"damage":8,"enemies":"Exordium Wildlife","floor":13,"turns":5},{"damage":12,"enemies":"The Guardian","floor":16,"turns":10},{"damage":0,"enemies":"Chosen","floor":18,"turns":4},{"damage":0,"enemies":"Spheric Guardian","floor":19,"turns":5},{"damage":0,"enemies":"Book of Stabbing","floor":24,"turns":5},{"damage":0,"enemies":"Masked Bandits","floor":27,"turns":6},{"damage":0,"enemies":"Snecko","floor":28,"turns":6},{"damage":4,"enemies":"Centurion and Healer","floor":29,"turns":5},{"damage":0,"enemies":"Slavers","floor":30,"turns":8},{"damage":0,"enemies":"Collector","floor":33,"turns":9},{"damage":1,"enemies":"3 Shapes","floor":35,"turns":7},{"damage":0,"enemies":"3 Darklings","floor":37,"turns":5},{"damage":0,"enemies":"Jaw Worm Horde","floor":39,"turns":4},{"damage":0,"enemies":"Nemesis","floor":40,"turns":7},{"damage":5,"enemies":"Sphere and 2 Shapes","floor":41,"turns":5},{"damage":0,"enemies":"Maw","floor":42,"turns":6},{"damage":10,"enemies":"Reptomancer","floor":44,"turns":6},{"damage":0,"enemies":"Nemesis","floor":45,"turns":7},{"damage":0,"enemies":"Reptomancer","floor":47,"turns":4},{"damage":0,"enemies":"Giant Head","floor":48,"turns":7},{"damage":0,"enemies":"Donu and Deca","floor":50,"turns":9},{"damage":0,"enemies":"Shield and Spear","floor":54,"turns":9},{"damage":0,"enemies":"The Heart","floor":55,"turns":8}],"seed_played":"-4040016817486098978","potions_obtained":[{"floor":0,"key":"Fruit Juice"},{"floor":5,"key":"Regen Potion"},{"floor":8,"key":"FocusPotion"},{"floor":10,"key":"SteroidPotion"},{"floor":12,"key":"PowerPotion"},{"floor":16,"key":"Fruit Juice"},{"floor":19,"key":"LiquidMemories"}],"is_trial":false,"path_per_floor":["M","M","?","T","M","E","$","E","T","E","$","E","M","?","R","B",null,"M","M","?","?","$","R","E","R","T","?","M","M","E","$","R","B",null,"M","?","M","$","M","E","M","M","T","E","E","T","E","E","R","B",null,"R","$","E","B",null],"character_chosen":"DEFECT","items_purchased":["Defragment","Medical Kit","Coolheaded","Runic Capacitor","Recycle","Gash","Echo Form","Orrery"],"campfire_rested":1,"item_purchase_floors":[7,7,31,31,38,38,53,53],"current_hp_per_floor":[79,76,64,64,57,58,58,35,35,25,25,30,26,26,26,18,85,85,90,90,90,90,90,90,90,90,90,90,90,90,90,90,90,90,90,90,90,90,90,90,90,90,90,93,111,111,111,111,111,111,111,111,111,111,111],"gold":133,"neow_bonus":"BOSS_RELIC","is_daily":false,"chose_seed":false,"campfire_upgraded":4,"win_rate":0.0,"timestamp":1609913562,"path_taken":["M","M","?","?","M","E","$","E","T","E","$","E","?","?","R","BOSS","M","?","?","?","?","R","E","R","T","?","M","M","E","$","R","BOSS","M","?","?","$","M","E","M","M","T","E","E","?","E","E","R","BOSS","R","$","E","BOSS"],"items_purchased_type":["Card","Relic","Card","Relic","Card","Card","Card","Relic"],"build_version":"2020-12-18","purchased_purges":2,"victory":true,"max_hp_per_floor":[80,80,80,80,80,80,80,80,80,80,80,85,85,85,85,85,85,85,90,90,90,90,90,90,90,90,90,90,90,90,90,90,90,90,90,90,90,90,90,90,90,90,90,97,111,111,111,111,111,111,111,111,111,111,111],"card_choices":[{"not_picked":["Coolheaded","Sweeping Beam"],"picked":"Ball Lightning","floor":0},{"not_picked":["Turbo","Hologram"],"picked":"Cold Snap","floor":1},{"not_picked":["Leap","Barrage"],"picked":"Blizzard","floor":2},{"not_picked":["Gash","Ball Lightning"],"picked":"Compile Driver","floor":5},{"not_picked":["Cold Snap","Hologram"],"picked":"Machine Learning","floor":6},{"not_picked":["Aggregate","Double Energy"],"picked":"Chill","floor":8},{"not_picked":["Auto Shields","All For One","Turbo"],"picked":"SKIP","floor":10},{"not_picked":["Beam Cell","Turbo","Melter"],"picked":"SKIP","floor":12},{"not_picked":["Barrage","Streamline"],"picked":"Go for the Eyes","floor":13},{"not_picked":["Biased Cognition","Fission"],"picked":"Amplify","floor":16},{"not_picked":["Chaos+1","Rebound"],"picked":"Coolheaded","floor":18},{"not_picked":["Cold Snap+1","Steam Power+1"],"picked":"Hologram","floor":19},{"not_picked":["Steam","Hologram"],"picked":"Capacitor","floor":24},{"not_picked":["Ball Lightning","Leap+1"],"picked":"Seek","floor":27},{"not_picked":["Beam Cell+1","Consume"],"picked":"Barrage","floor":28},{"not_picked":["Go for the Eyes","Genetic Algorithm","Steam Power+1"],"picked":"SKIP","floor":29},{"not_picked":["Multi-Cast","Go for the Eyes","Sweeping Beam"],"picked":"SKIP","floor":30},{"not_picked":["Electrodynamics","Thunder Strike"],"picked":"Reboot","floor":33},{"not_picked":["Auto Shields","Leap","Hologram+1"],"picked":"SKIP","floor":35},{"not_picked":["Scrape+1","Beam Cell+1","Streamline+1"],"picked":"SKIP","floor":37},{"not_picked":["Darkness","Compile Driver+1","Capacitor"],"picked":"SKIP","floor":39},{"not_picked":["Auto Shields","Double Energy+1","Static Discharge+1"],"picked":"SKIP","floor":40},{"not_picked":["Darkness+1","Double Energy+1","Chaos"],"picked":"SKIP","floor":41},{"not_picked":["Beam Cell+1","White Noise","Stack"],"picked":"SKIP","floor":42},{"not_picked":["Compile Driver","Capacitor"],"picked":"Chill","floor":44},{"not_picked":["Stack","Cold Snap"],"picked":"Coolheaded+1","floor":45},{"not_picked":["Darkness+1","Barrage","Self Repair+1"],"picked":"SKIP","floor":47},{"not_picked":["Steam+1","Leap"],"picked":"Defragment","floor":48},{"not_picked":["Sweeping Beam","Turbo"],"picked":"Glacier","floor":53},{"not_picked":["Rebound","Gash"],"picked":"Loop+1","floor":53},{"not_picked":["Coolheaded+1","Reinforced Body"],"picked":"Seek","floor":53},{"not_picked":["Turbo+1","Force Field+1"],"picked":"Meteor Strike","floor":53},{"not_picked":["Compile Driver+1","Scrape"],"picked":"Defragment","floor":54}],"player_experience":2242607,"relics_obtained":[{"floor":4,"key":"Mummified Hand"},{"floor":6,"key":"White Beast Statue"},{"floor":8,"key":"InkBottle"},{"floor":9,"key":"Bag of Preparation"},{"floor":10,"key":"Dream Catcher"},{"floor":12,"key":"Bird Faced Urn"},{"floor":24,"key":"Regal Pillow"},{"floor":27,"key":"Red Mask"},{"floor":30,"key":"Darkstone Periapt"},{"floor":40,"key":"CeramicFish"},{"floor":40,"key":"Letter Opener"},{"floor":43,"key":"Orichalcum"},{"floor":44,"key":"StoneCalendar"},{"floor":44,"key":"Strawberry"},{"floor":45,"key":"Mango"},{"floor":45,"key":"FossilizedHelix"},{"floor":46,"key":"Sundial"},{"floor":47,"key":"Anchor"},{"floor":47,"key":"Ice Cream"},{"floor":48,"key":"Kunai"},{"floor":48,"key":"Juzu Bracelet"},{"floor":54,"key":"Bronze Scales"},{"floor":54,"key":"Mercury Hourglass"}],"event_choices":[{"damage_healed":0,"gold_gain":0,"player_choice":"Success","damage_taken":12,"relics_obtained":["DataDisk"],"max_hp_gain":0,"max_hp_loss":0,"event_name":"Scrap Ooze","floor":3,"gold_loss":0},{"damage_healed":0,"gold_gain":0,"player_choice":"Paid Gold","damage_taken":0,"relics_obtained":["Ancient Tea Set"],"max_hp_gain":0,"max_hp_loss":0,"event_name":"WeMeetAgain","floor":14,"gold_loss":93},{"damage_healed":0,"gold_gain":0,"player_choice":"Opened","damage_taken":0,"relics_obtained":["HornCleat"],"max_hp_gain":0,"max_hp_loss":0,"event_name":"The Mausoleum","floor":20,"gold_loss":0,"cards_obtained":["Writhe"]},{"damage_healed":0,"gold_gain":0,"cards_transformed":["Defend_B","Defend_B"],"player_choice":"Became Test Subject","damage_taken":0,"max_hp_gain":0,"max_hp_loss":0,"event_name":"Drug Dealer","floor":21,"gold_loss":0,"cards_obtained":["Hyperbeam","Buffer"]},{"damage_healed":0,"gold_gain":0,"player_choice":"Fought Bandits","damage_taken":0,"max_hp_gain":0,"max_hp_loss":0,"event_name":"Masked Bandits","floor":27,"gold_loss":0},{"damage_healed":0,"gold_gain":0,"player_choice":"Ignored","damage_taken":0,"max_hp_gain":0,"max_hp_loss":0,"event_name":"NoteForYourself","floor":36,"gold_loss":0}],"is_beta":true,"boss_relics":[{"not_picked":["Fusion Hammer","Cursed Key"],"picked":"Empty Cage"},{"not_picked":["Pandora\u0027s Box","SlaversCollar"],"picked":"Black Star"}],"items_purged_floors":[11,22],"is_endless":false,"potions_floor_spawned":[5,8,10,12,13,16,18,19,24,27,28,29,30,33,35,37,39,40,41,42,44,45,47,48,54],"ascension_level":1}}