{"host":"1kq2ingo3j45gyyp","time":1609972334,"event":{"mods":["BaseMod","Better Note","Better Third Choice","Downfall","Minty Spire (QoL Compilation)","StSLib"],"gold_per_floor":[99,114,131,131,131,0,49,68,68,103,278,297,147,160,179,275,325,325,335,353,353,453,453,453,453,453,453],"floor_reached":25,"playtime":1168,"items_purged":[],"score":226,"play_id":"9c83f10c-b120-4a9b-994a-ce85f89ca8ab","local_time":"20210106173214","is_ascension_mode":false,"campfire_choices":[{"floor":1,"key":"RECALL"},{"data":"champ:EndlessRage","floor":9,"key":"SMITH"},{"data":"champ:FocusedBerserking","floor":13,"key":"SMITH"},{"data":"champ:Taunt","floor":18,"key":"SMITH"},{"floor":23,"key":"REST"}],"circlet_count":0,"master_deck":["champ:Strike","champ:Strike","champ:Strike","champ:Strike","champ:Defend","champ:Defend","champ:Defend","champ:Defend+1","champ:Execute","champ:Taunt+1","champ:BringItOn","champ:RageSigil","Backstab+1","champ:LastStand","champ:EndlessRage+1","champ:CrookedStrike","champ:ArenaPreparation","champ:EnragedBash","Doubt","champ:FocusedBerserking+1","champ:FanOfKnives","champ:LastStand","champ:EnragedBash","champ:SteelEdge"],"relics":["champ:ChampionCrown","Gremlin Horn","Blood Vial","downfall:HeartBlessingRed","downfall:HeartBlessingBlue","Tiny House","downfall:CloakOfManyFaces","CultistMask","FaceOfCleric","NlothsMask","GremlinMask","SsserpentHead"],"acts_visited":["Exordium","TheCity"],"potions_floor_usage":[16],"damage_taken":[{"damage":3,"enemies":"Jaw Worm","floor":2,"turns":6},{"damage":5,"enemies":"Small Slimes","floor":3,"turns":5},{"damage":10,"enemies":"downfall:FleeingMerchant","floor":6,"turns":4},{"damage":10,"enemies":"Cultist","floor":8,"turns":2},{"damage":64,"enemies":"3 Sentries","floor":10,"turns":7},{"damage":7,"enemies":"3 Louse","floor":12,"turns":3},{"damage":7,"enemies":"Blue Slaver","floor":14,"turns":3},{"damage":31,"enemies":"Large Slime","floor":15,"turns":5},{"damage":69,"enemies":"downfall:Ironclad","floor":16,"turns":6},{"damage":62,"enemies":"Shell Parasite","floor":19,"turns":8},{"damage":36,"enemies":"Chosen","floor":20,"turns":7},{"damage":109,"enemies":"downfall:FaceTrader","floor":22,"turns":8},{"damage":98,"enemies":"3 Cultists","floor":25,"turns":7}],"seed_played":"-6296793651516638218","potions_obtained":[{"floor":2,"key":"CultistPotion"},{"floor":3,"key":"champ:UltimateStancePotion"},{"floor":8,"key":"Energy Potion"},{"floor":17,"key":"Swift Potion"},{"floor":20,"key":"DuplicationPotion"}],"is_trial":false,"path_per_floor":["R","M","M","?","?","$","T","M","R","E","?","M","R","M","M","B",null,"R","M","M","?","?","R","T","M"],"character_chosen":"THE_CHAMP","items_purchased":["champ:CrookedStrike","champ:ArenaPreparation"],"campfire_rested":1,"item_purchase_floors":[6,6],"current_hp_per_floor":[99,96,96,82,82,82,82,82,82,52,52,52,62,62,64,29,114,114,86,73,73,50,84,84,0,0,0],"gold":453,"neow_bonus":"TEN_PERCENT_HP_BONUS","is_daily":false,"chose_seed":false,"campfire_upgraded":3,"win_rate":0.0,"timestamp":1609972334,"path_taken":["R","M","M","?","?","$","T","?","R","E","?","M","R","M","M","BOSS","R","M","M","?","?","R","T","M"],"items_purchased_type":["Card","Card"],"build_version":"2020-12-22","purchased_purges":0,"victory":false,"max_hp_per_floor":[99,99,99,99,99,99,99,99,99,99,99,99,109,109,109,109,114,114,114,114,114,114,114,114,114,114,114],"card_choices":[{"not_picked":["champ:DefensiveShout","champ:FaceSlap"],"picked":"champ:BringItOn","floor":2},{"not_picked":["champ:Haymaker","champ:GladiatorsShout"],"picked":"champ:RageSigil","floor":3},{"not_picked":["champ:DefensiveShout","champ:IronFortress"],"picked":"champ:EndlessRage","floor":6},{"not_picked":["champ:IgnorePain","champ:StanceDance"],"picked":"champ:EnragedBash","floor":8},{"not_picked":["champ:PreciseThrust","champ:CalledShot","champ:TornadoPunch"],"picked":"SKIP","floor":10},{"not_picked":["champ:RecklessLeap","champ:ShieldSigil"],"picked":"champ:FocusedBerserking","floor":12},{"not_picked":["champ:Circumvent","champ:CrookedStrike","champ:ShieldSigil"],"picked":"SKIP","floor":14},{"not_picked":["champ:BerserkerStyle","champ:GladiatorStyle"],"picked":"champ:FanOfKnives","floor":15},{"not_picked":["champ:PerfectForm","champ:Improvising"],"picked":"champ:LastStand","floor":16},{"not_picked":["champ:FanOfKnives","champ:FalseCounter"],"picked":"champ:EnragedBash","floor":17},{"not_picked":["champ:GutPunch","champ:TornadoPunch+1","champ:PerfectedStrike+1"],"picked":"SKIP","floor":19},{"not_picked":["champ:FocusedBerserking","champ:EnragedBash","champ:GladiatorStyle"],"picked":"SKIP","floor":20},{"not_picked":["champ:BringItOn","champ:BladeFlurry"],"picked":"champ:SteelEdge","floor":22}],"player_experience":847972,"relics_obtained":[{"floor":10,"key":"Blood Vial"},{"floor":22,"key":"downfall:CloakOfManyFaces"}],"event_choices":[{"damage_healed":0,"gold_gain":1,"player_choice":"Card Relic ","damage_taken":14,"max_hp_gain":0,"max_hp_loss":0,"event_name":"betterThird:BetterScrap","floor":4,"gold_loss":0,"cards_obtained":["Backstab","Barricade"]}],"is_beta":false,"boss_relics":[{"not_picked":["Astrolabe","Empty Cage"],"picked":"Tiny House"}],"items_purged_floors":[],"is_endless":false,"potions_floor_spawned":[2,3,8,12,19,20,22],"killed_by":"3 Cultists","ascension_level":0}}