{"host":"1cd1aqaox6jesai3","time":1609920908,"event":{"mods":["Act Like it!","Arknights The Spire","Astrologer","Bartender","BaseMod","Colored Powertips","Googly Eyes","Hallownest","Infinite Spire","Mimic Mod","Minty Spire (QoL Compilation)","Replay The Spire","StSLib","The Bug Knight","The Construct","The Factory","The Hierophant"],"gold_per_floor":[115,126,52,3,30,41,26,65,91,91,78,46,46],"floor_reached":12,"playtime":682,"items_purged":[],"score":107,"play_id":"47d2d2c0-727a-4384-9d27-dbce9d4cec75","local_time":"20210106031508","is_ascension_mode":false,"campfire_choices":[{"floor":10,"key":"REST"}],"circlet_count":0,"master_deck":["hierophant:Strike_Hierophant","hierophant:Strike_Hierophant","hierophant:Strike_Hierophant","hierophant:Strike_Hierophant","hierophant:Punish+1","hierophant:Defend_Hierophant","hierophant:Defend_Hierophant","hierophant:Defend_Hierophant","hierophant:Defend_Hierophant","hierophant:ChurchCoffers","hierophant:HolyVerse","hierophant:RustyCrate","hierophant:Doubloon","hierophant:Doubloon","hierophant:CursedGold","hierophant:Doubloon","hierophant:Doubloon","hierophant:EyeForCoin","hierophant:Doubloon","hierophant:Doubloon","hierophant:Doubloon","hierophant:Doubloon","hierophant:Generosity","hierophant:Doubloon","hierophant:Repentance"],"relics":["Painkiller Herb","Gremlin Food","Replay:Bandana"],"acts_visited":["Exordium"],"potions_floor_usage":[8],"damage_taken":[{"damage":6,"enemies":"Cultist","floor":1,"turns":3},{"damage":0,"enemies":"Small Slimes","floor":2,"turns":2},{"damage":8,"enemies":"Jaw Worm","floor":5,"turns":3},{"damage":43,"enemies":"3 Sentries","floor":6,"turns":9},{"damage":10,"enemies":"Looter","floor":7,"turns":3},{"damage":7,"enemies":"2 Fungi Beasts","floor":8,"turns":3},{"damage":16,"enemies":"Large Slime","floor":11,"turns":5},{"damage":13,"enemies":"Lagavulin","floor":12,"turns":3}],"seed_played":"-2390908581043328659","potions_obtained":[{"floor":5,"key":"construct:ShiftPotion"},{"floor":7,"key":"Explosive Potion"}],"is_trial":false,"path_per_floor":["?","?","T","T","?","E","?","?","T","T","?","E"],"character_chosen":"HIEROPHANT","items_purchased":["hierophant:CursedGold","hierophant:Doubloon"],"campfire_rested":1,"item_purchase_floors":[3,4],"current_hp_per_floor":[69,69,69,69,61,18,8,1,1,23,7,0,0],"gold":46,"neow_bonus":"BOSS_RELIC","is_daily":false,"chose_seed":false,"campfire_upgraded":0,"win_rate":0.0,"timestamp":1609920908,"path_taken":["?","?","?","T","?","E","?","?","T","T","?","E"],"items_purchased_type":["Card","Card"],"build_version":"2020-12-22","purchased_purges":0,"victory":false,"max_hp_per_floor":[75,75,75,75,75,75,75,75,75,75,75,75,75],"card_choices":[{"not_picked":["hierophant:HammerAndAnvil","hierophant:FlamingChariot"],"picked":"hierophant:HolyVerse","floor":1},{"not_picked":["hierophant:FieryStrike","hierophant:Shelter"],"picked":"hierophant:RustyCrate","floor":2},{"not_picked":["hierophant:Flagellation","hierophant:Levitation"],"picked":"hierophant:EyeForCoin","floor":5},{"not_picked":["hierophant:Smite","hierophant:Blessing","hierophant:OrnateBuckler"],"picked":"SKIP","floor":6},{"not_picked":["hierophant:SecretStash","hierophant:ThreeLashes","hierophant:Upheaval"],"picked":"SKIP","floor":7},{"not_picked":["hierophant:Bribe","hierophant:AuricShield"],"picked":"hierophant:Generosity","floor":8},{"not_picked":["hierophant:Embezzle","hierophant:Doubloon"],"picked":"hierophant:Repentance","floor":11}],"player_experience":159020,"relics_obtained":[{"floor":6,"key":"Gremlin Food"},{"floor":9,"key":"Replay:Bandana"}],"event_choices":[],"is_beta":false,"boss_relics":[],"items_purged_floors":[],"is_endless":false,"potions_floor_spawned":[5,7],"killed_by":"Lagavulin","ascension_level":0}}