{"host":"ikjt6v4q6zrcj3if","time":1609968893,"event":{"mods":["BaseMod","CapriCore","Colored Map","Downfall","Duelist Mod","Luminous","Minty Spire (QoL Compilation)","Permanent Neow","Quick Restart","Replay The Spire","Robot Space Explorer","Somnambulant","StSLib","SuperFastMode","The Construct","The Exalted","The Marked","The Necromancer","The Runesmith"],"gold_per_floor":[118,68,31,50,50,50,50,50,50,61,138,171,185,200,200,200,200,300,350,363,363,363,380,295,295,328,27,52,52,66,92,92,92,92],"floor_reached":33,"playtime":1463,"items_purged":["Strike_W+1"],"score":281,"play_id":"14254301-986f-4d1f-a31f-410f4b3769f4","local_time":"20210107063453","is_ascension_mode":false,"campfire_choices":[{"data":"Summon_Death_Knight","floor":6,"key":"SMITH"},{"data":"Summon_Undead_Army","floor":9,"key":"SMITH"},{"data":"Summon_Undead_Army","floor":15,"key":"SMITH"},{"data":"Defend_W","floor":17,"key":"PURGE"},{"data":"Blood_Curse","floor":25,"key":"SMITH"},{"data":"Cloudkill","floor":29,"key":"SMITH"}],"circlet_count":0,"master_deck":["Strike_W+1","Defend_W+1","Defend_W+1","Defend_W+1","Negative_Energy_Arrows+1","Bone_Wall","Summon_Death_Knight+1","Summon_Undead_Army+1","Summon_Lich","Blood_Curse+1","Vampiric_Strike+1","Grasp_Heart","Thousand_Bone_Knives+1","Cloudkill+1","Summon_Death_Knight","Bone_Armory"],"relics":["Vampire_Amulet","Mirror","Ornamental Fan","Tiny House","Replay:Accelerometer","Replay:Bottled Snecko","Medical Kit","Pet Ghost","Strawberry","ReplayTheSpireMod:Shallot"],"acts_visited":["Exordium","TheCity"],"potions_floor_usage":[20,20,31,31],"damage_taken":[{"damage":6,"enemies":"Jaw Worm","floor":1,"turns":3},{"damage":0,"enemies":"2 Louse","floor":4,"turns":3},{"damage":2,"enemies":"Small Slimes","floor":10,"turns":3},{"damage":12,"enemies":"Lagavulin","floor":12,"turns":5},{"damage":2,"enemies":"Looter","floor":13,"turns":4},{"damage":10,"enemies":"Lots of Slimes","floor":14,"turns":3},{"damage":26,"enemies":"Fading Forest","floor":18,"turns":11},{"damage":16,"enemies":"2 Thieves","floor":20,"turns":5},{"damage":8,"enemies":"Chosen","floor":23,"turns":4},{"damage":12,"enemies":"theDuelist:KaibaA2","floor":26,"turns":4},{"damage":15,"enemies":"Snake Plant","floor":30,"turns":3},{"damage":35,"enemies":"Slavers","floor":31,"turns":6},{"damage":30,"enemies":"Centurion and Healer","floor":33,"turns":4}],"seed_played":"279775474208599306","potions_obtained":[{"floor":10,"key":"ColorlessPotion"},{"floor":13,"key":"Weak Potion"},{"floor":18,"key":"SkillPotion"},{"floor":20,"key":"Milkshake"},{"floor":30,"key":"LiquidMemories"}],"is_trial":false,"path_per_floor":["M","?","$","M","?","R","PTL","PTL","R","M","T","E","M","M","R","?","R_BF","B",null,"M","?","?","M","?","R","E","$","T","R","M","E","T","M"],"character_chosen":"NECROMANCER","items_purchased":["Summon_Undead_Army","Cloudkill","Medical Kit"],"campfire_rested":0,"item_purchase_floors":[3,27,27],"current_hp_per_floor":[50,50,50,54,54,54,54,54,54,56,56,46,46,46,46,46,46,42,80,68,68,68,62,62,62,55,55,55,55,42,27,27,0,0],"gold":92,"neow_bonus":"THREE_RARE_CARDS","is_daily":false,"chose_seed":false,"campfire_upgraded":5,"win_rate":0.0,"timestamp":1609968893,"path_taken":["M","?","$","M","?","R","PTL","PTL","R","M","T","E","M","?","R","?","R_BF","BOSS","M","?","?","M","?","R","E","$","T","R","M","E","?","?"],"items_purchased_type":["Card","Card","Relic"],"build_version":"2020-12-22","purchased_purges":1,"victory":false,"max_hp_per_floor":[75,75,75,75,75,75,75,75,75,75,75,75,75,75,75,75,75,75,80,80,80,80,80,80,80,80,80,80,80,80,87,87,87,87],"card_choices":[{"not_picked":["Hellfire","Blood_Magic"],"picked":"Summon_Death_Knight","floor":0},{"not_picked":["Finger_Of_Death","Negative_Energy_Javelin","Death_March_Dance"],"picked":"SKIP","floor":1},{"not_picked":["Vampiric_Strike","Finger_Of_Death"],"picked":"Summon_Lich","floor":4},{"not_picked":["Finger_Of_Death","Negative_Energy_Javelin","Bone_Spikes"],"picked":"SKIP","floor":10},{"not_picked":["Grasp_Heart","Negative_Energy_Sphere"],"picked":"Blood_Curse","floor":12},{"not_picked":["Bone_Bullets","Flesh_Made_Foul","Necromantic_Selection"],"picked":"SKIP","floor":13},{"not_picked":["Negative_Energy_Sphere","Death_Coil"],"picked":"Summon_Undead_Army","floor":14},{"not_picked":["Cloudkill","Negative_Energy_Bomb"],"picked":"Grasp_Heart","floor":18},{"not_picked":["Negative_Energy_Javelin","Flesh_Made_Foul","Blood_Shield"],"picked":"SKIP","floor":20},{"not_picked":["Slay_Living","Death_March_Dance+1"],"picked":"Thousand_Bone_Knives+1","floor":23},{"not_picked":["Finger_Of_Death","Toxic_Smoke_Screen","Death_Knell"],"picked":"SKIP","floor":26},{"not_picked":["Toxic_Smoke_Screen+1","Bones_to_Steel"],"picked":"Summon_Death_Knight","floor":30},{"not_picked":["Shackles_Of_Pain","Death_Coil"],"picked":"Bone_Armory","floor":31}],"player_experience":369560,"relics_obtained":[{"floor":11,"key":"Mirror"},{"floor":12,"key":"Ornamental Fan"},{"floor":26,"key":"Replay:Bottled Snecko"},{"floor":28,"key":"Pet Ghost"},{"floor":31,"key":"Strawberry"},{"floor":32,"key":"ReplayTheSpireMod:Shallot"}],"event_choices":[{"cards_removed":["Strike_W"],"damage_healed":0,"gold_gain":0,"player_choice":"Card Removal","damage_taken":0,"max_hp_gain":0,"max_hp_loss":0,"event_name":"The Cleric","floor":2,"gold_loss":50},{"damage_healed":0,"gold_gain":0,"player_choice":"Simplicity","damage_taken":0,"max_hp_gain":0,"max_hp_loss":0,"event_name":"Back to Basics","floor":21,"gold_loss":0,"cards_upgraded":["Strike_W","Strike_W","Defend_W","Defend_W","Defend_W"]},{"damage_healed":0,"gold_gain":0,"player_choice":"Ignored","damage_taken":0,"max_hp_gain":0,"max_hp_loss":0,"event_name":"The Mausoleum","floor":22,"gold_loss":0},{"damage_healed":0,"gold_gain":0,"player_choice":"Obtained Relic","damage_taken":0,"relics_obtained":["Replay:Accelerometer"],"max_hp_gain":0,"max_hp_loss":0,"event_name":"Addict","floor":24,"gold_loss":85}],"is_beta":false,"boss_relics":[{"not_picked":["Fusion Hammer","Honey Jar"],"picked":"Tiny House"}],"items_purged_floors":[27],"is_endless":false,"potions_floor_spawned":[10,13,18,20,30],"killed_by":"Centurion and Healer","ascension_level":0}}