{"host":"jielpdldxluclcd7","time":1609932055,"event":{"mods":["AchievementEnabler","BaseMod","CapriCore","Colored Map","DeckTracker","Highlight Path","KOR Keyword Fix","Lobotomy","Minty Spire (QoL Compilation)","Permanent Neow","StSLib"],"gold_per_floor":[117,67,84,84,96,96,96,96,96,131,155,230,230,87,87,187,187,200,200,212,281,296,296,296,296,321,352,352,352,352,379,379,483,483,499,185,239,48,65,65,78,103,103,103,103,103,103,103,103,103,103],"floor_reached":52,"playtime":1642,"items_purged":["Dagger Spray"],"score":713,"play_id":"d5a39ba0-8c4c-4114-8933-3b78cc895a72","local_time":"20210106202055","daily_mods":["SealedDeck","Heirloom","Flight"],"is_ascension_mode":false,"campfire_choices":[{"data":"Terror","floor":6.0,"key":"SMITH"},{"data":"Blade Dance","floor":7.0,"key":"SMITH"},{"data":"Blade Dance","floor":8.0,"key":"SMITH"},{"data":"Blade Dance","floor":13.0,"key":"SMITH"},{"data":"Envenom","floor":15.0,"key":"SMITH"},{"data":"Phantasmal Killer","floor":23.0,"key":"SMITH"},{"data":"Tools of the Trade","floor":24.0,"key":"SMITH"},{"data":"Cloak And Dagger","floor":25.0,"key":"SMITH"},{"data":"Cloak And Dagger","floor":29.0,"key":"SMITH"},{"data":"Footwork","floor":32.0,"key":"SMITH"},{"data":"Accuracy","floor":40.0,"key":"SMITH"},{"data":"Accuracy","floor":45.0,"key":"SMITH"},{"data":"Doppelganger","floor":46.0,"key":"SMITH"},{"data":"Footwork","floor":47.0,"key":"SMITH"},{"data":"Finisher","floor":49,"key":"SMITH"}],"circlet_count":0,"master_deck":["Sucker Punch","Quick Slash","Caltrops","Backflip","Cloak And Dagger+1","Blade Dance+1","Blade Dance+1","Terror+1","Blade Dance+1","Deflect","Footwork+1","PiercingWail","Tools of the Trade+1","Finisher+1","Envenom+1","Phantasmal Killer+1","Cloak And Dagger+1","Footwork+1","Doppelganger+1","Accuracy+1","Accuracy+1","Master of Strategy","Accuracy+1"],"relics":["Ring of the Snake","Prayer Wheel","Meat on the Bone","Bag of Marbles","Tiny Chest","WristBlade","Letter Opener","Nunchaku","Regal Pillow","Centennial Puzzle","Philosopher\u0027s Stone","Boot","Lee\u0027s Waffle","Akabeko","StrikeDummy"],"acts_visited":["Exordium","TheCity","TheBeyond"],"potions_floor_usage":[],"damage_taken":[{"damage":0.0,"enemies":"Cultist","floor":1.0,"turns":2.0},{"damage":5.0,"enemies":"Jaw Worm","floor":3.0,"turns":2.0},{"damage":0.0,"enemies":"Small Slimes","floor":5.0,"turns":2.0},{"damage":15.0,"enemies":"3 Sentries","floor":10.0,"turns":4.0},{"damage":24.0,"enemies":"Hexaghost","floor":16.0,"turns":4.0},{"damage":0.0,"enemies":"Chosen","floor":18.0,"turns":1.0},{"damage":0.0,"enemies":"3 Byrds","floor":20.0,"turns":2.0},{"damage":0.0,"enemies":"Shelled Parasite and Fungi","floor":22.0,"turns":2.0},{"damage":2.0,"enemies":"Gremlin Leader","floor":27.0,"turns":2.0},{"damage":32.0,"enemies":"Collector","floor":33.0,"turns":3.0},{"damage":0.0,"enemies":"3 Shapes","floor":35.0,"turns":3.0},{"damage":0.0,"enemies":"Orb Walker","floor":39.0,"turns":1.0},{"damage":0.0,"enemies":"Sphere and 2 Shapes","floor":41.0,"turns":2.0},{"damage":12.0,"enemies":"Nemesis","floor":42.0,"turns":3.0},{"damage":12,"enemies":"Donu and Deca","floor":50,"turns":2}],"seed_played":"-3825454575889694163","potions_obtained":[{"floor":1.0,"key":"LiquidBronze"},{"floor":5.0,"key":"ColorlessPotion"},{"floor":16.0,"key":"BlessingOfTheForge"},{"floor":20.0,"key":"Strength Potion"},{"floor":27.0,"key":"LiquidMemories"},{"floor":41.0,"key":"GhostInAJar"}],"is_trial":true,"path_per_floor":["M","?","M","$","M","R","R","R","T","E","T","?","R","$","R","B",null,"M","?","M","T","M","R","R","R","T","E","$","R","?","T","R","B",null,"M","$","T","$","M","R","M","E","T","?","R","R","R","T","R","B",null,null],"character_chosen":"THE_SILENT","items_purchased":["Envenom","Accuracy","Master of Strategy","Accuracy","Lee\u0027s Waffle"],"campfire_rested":0,"item_purchase_floors":[14,36,36,38,38],"current_hp_per_floor":[70,70,65,65,65,65,65,65,65,50,50,39,39,39,39,27,70,70,70,70,70,70,70,70,70,70,68,68,68,68,68,68,36,70,70,70,70,77,77,77,77,65,65,65,65,65,65,65,65,53,53],"gold":103,"neow_bonus":"","is_daily":false,"chose_seed":false,"campfire_upgraded":15,"win_rate":0.0,"timestamp":1609932055,"path_taken":["M","?","M","$","M","R","R","R","T","E","?","?","R","?","R","BOSS","M","?","M","?","?","R","R","R","T","E","$","R","?","?","R","BOSS","M","$","?","$","M","R","?","E","T","?","R","R","R","?","R","BOSS"],"items_purchased_type":["Card","Card","Card","Card","Relic"],"build_version":"2020-12-22","purchased_purges":1,"victory":true,"max_hp_per_floor":[70,70,70,70,70,70,70,70,70,70,70,70,70,70,70,70,70,70,70,70,70,70,70,70,70,70,70,70,70,70,70,70,70,70,70,70,70,77,77,77,77,77,77,73,73,73,73,73,73,73,73],"card_choices":[{"not_picked":["Sucker Punch","Deadly Poison"],"picked":"Deflect","floor":1.0},{"not_picked":["Tactician","PiercingWail"],"picked":"Footwork","floor":1.0},{"not_picked":["Noxious Fumes","Terror"],"picked":"PiercingWail","floor":3.0},{"not_picked":["Noxious Fumes","Finisher"],"picked":"Tools of the Trade","floor":3.0},{"not_picked":["Predator","Leg Sweep"],"picked":"Dagger Spray","floor":5.0},{"not_picked":["Dagger Throw","Escape Plan","Terror"],"picked":"SKIP","floor":5.0},{"not_picked":["Escape Plan","Slice"],"picked":"Finisher","floor":10.0},{"not_picked":["Bullet Time","Burst"],"picked":"Phantasmal Killer","floor":16.0},{"not_picked":["Caltrops","PiercingWail+1"],"picked":"Cloak And Dagger","floor":18.0},{"not_picked":["Backflip+1","Underhanded Strike+1","Dagger Spray"],"picked":"SKIP","floor":18.0},{"not_picked":["Backflip","Dodge and Roll+1","Dash+1"],"picked":"SKIP","floor":20.0},{"not_picked":["Dagger Spray+1","PiercingWail","Acrobatics+1"],"picked":"SKIP","floor":20.0},{"not_picked":["Acrobatics+1","Masterful Stab","Expertise+1"],"picked":"SKIP","floor":22.0},{"not_picked":["Endless Agony","Deadly Poison","PiercingWail"],"picked":"SKIP","floor":22.0},{"not_picked":["Grand Finale","Eviscerate"],"picked":"Footwork","floor":27.0},{"not_picked":["Grand Finale","Wraith Form v2"],"picked":"Doppelganger","floor":33.0},{"not_picked":["Bouncing Flask","Dagger Throw"],"picked":"Accuracy+1","floor":35.0},{"not_picked":["Cloak And Dagger","Expertise+1","Underhanded Strike"],"picked":"SKIP","floor":35.0},{"not_picked":["Flying Knee+1","Prepared","Heel Hook"],"picked":"SKIP","floor":39.0},{"not_picked":["Distraction+1","Bouncing Flask+1","Deadly Poison"],"picked":"SKIP","floor":39.0},{"not_picked":["Deflect","Distraction+1","Bane+1"],"picked":"SKIP","floor":41.0},{"not_picked":["Reflex+1","Blur","Dagger Spray"],"picked":"SKIP","floor":41.0},{"not_picked":["Doppelganger","Calculated Gamble+1","Well Laid Plans"],"picked":"SKIP","floor":42.0}],"player_experience":230071,"relics_obtained":[{"floor":9.0,"key":"Meat on the Bone"},{"floor":10.0,"key":"Bag of Marbles"},{"floor":11.0,"key":"Tiny Chest"},{"floor":21.0,"key":"Letter Opener"},{"floor":26.0,"key":"Nunchaku"},{"floor":27.0,"key":"Regal Pillow"},{"floor":31.0,"key":"Centennial Puzzle"},{"floor":37.0,"key":"Boot"},{"floor":42.0,"key":"Akabeko"},{"floor":43.0,"key":"StrikeDummy"}],"event_choices":[{"cards_removed":["Well Laid Plans"],"damage_healed":0.0,"max_hp_gain":0.0,"max_hp_loss":0.0,"gold_gain":0.0,"event_name":"The Cleric","player_choice":"Card Removal","floor":2.0,"gold_loss":50.0,"damage_taken":0.0},{"damage_healed":0.0,"max_hp_gain":0.0,"max_hp_loss":0.0,"gold_gain":75.0,"event_name":"World of Goop","player_choice":"Gather Gold","floor":12.0,"gold_loss":0.0,"damage_taken":11.0},{"damage_healed":0.0,"max_hp_gain":0.0,"max_hp_loss":0.0,"gold_gain":0.0,"event_name":"Ghosts","player_choice":"Ignored","floor":19.0,"gold_loss":0.0,"damage_taken":0.0},{"damage_healed":0.0,"max_hp_gain":0.0,"max_hp_loss":0.0,"gold_gain":0.0,"event_name":"Cursed Tome","player_choice":"Ignored","floor":30.0,"gold_loss":0.0,"damage_taken":0.0},{"damage_healed":0.0,"max_hp_gain":0.0,"max_hp_loss":4.0,"gold_gain":0.0,"event_name":"Winding Halls","player_choice":"Max HP","floor":44.0,"gold_loss":0.0,"damage_taken":0.0}],"is_beta":false,"boss_relics":[{"not_picked":["Runic Dome","Tiny House"],"picked":"WristBlade"},{"not_picked":["Busted Crown","Runic Pyramid"],"picked":"Philosopher\u0027s Stone"}],"items_purged_floors":[36],"is_endless":false,"potions_floor_spawned":[1,5,16,20,27,35,41],"ascension_level":0}}