{"host":"6p0attdrtjqaih7v","time":1609961204,"event":{"mods":["2.2 Compatiblity","AchievementEnabler","Bard","BaseMod","Better Skull","Better Third Choice","Colored Powertips","Hermit","Highlight Path","Jorbs\u0027s Wanderer Trilogy","Key Reminder","Minty Spire (QoL Compilation)","Permanent Neow","Quick Restart","Random Character Button","Relic Stats","Replay The Spire","StSLib","The Construct"],"gold_per_floor":[137,193,243,301,9,9,63,95,95,95,95,87,113,149,149,221,221,255,255,255,39,40,40,91,129,129,167,34,51,51,51,51,123,123,157,169,169,35,46,46,66,66,90,90,102,129,26,73,73,73,73],"floor_reached":52,"playtime":3766,"items_purged":["Strike_G","Strike_G","Strike_G","Strike_G"],"score":1878,"play_id":"cd8484e8-8a74-42ab-a42c-728d38794195","local_time":"20210106142644","is_ascension_mode":true,"campfire_choices":[{"floor":6,"key":"REST"},{"floor":10,"key":"REST"},{"data":"Draining Mist","floor":15,"key":"SMITH"},{"data":"Bouncing Flask","floor":23,"key":"SMITH"},{"floor":30,"key":"REST"},{"data":"Noxious Fumes","floor":32,"key":"SMITH"},{"data":"Leg Sweep","floor":40,"key":"SMITH"},{"data":"Terror","floor":42,"key":"SMITH"},{"floor":44,"key":"REST"},{"data":"Accuracy","floor":49,"key":"SMITH"}],"circlet_count":0,"master_deck":["AscendersBane","Strike_G","Defend_G","Defend_G","Defend_G","Defend_G","Defend_G","Survivor+1","Neutralize","HandOfGreed","Noxious Fumes+1","Backflip","Prepared","Leg Sweep+1","Pot Of Greed","Pot Of Greed","After Image+1","Bouncing Flask+1","Infinite Blades","Draining Mist+1","After Image+1","Calculated Gamble","Pot Of Greed","Reflex","Bane","Deflect","ReplayTheSpireMod:Scrap Shanks","Catalyst+1","Ghostly+1","Ghostly","Ghostly","Corpse Explosion","Accuracy+1","ReplayTheSpireMod:Speed Training","PiercingWail+1","Pot Of Greed","Terror+1","Catalyst","Impatience+1","Underhanded Strike+1"],"relics":["Ring of the Snake","Grinning Jar","Lantern","Smiling Mask","ReplayTheSpireMod:Lightbulb","Snecko Scales","Guide Book","Blue Candle","Gremlin Horn","construct:WeddingRing","War Paint","Toxic Egg 2","The Specimen"],"acts_visited":["Exordium","TheCity","TheBeyond"],"potions_floor_usage":[7,7,24,24,35,48,50],"damage_taken":[{"damage":0,"enemies":"Cultist","floor":1,"turns":4},{"damage":0,"enemies":"2 Louse","floor":2,"turns":4},{"damage":0,"enemies":"Small Slimes","floor":3,"turns":4},{"damage":30,"enemies":"Exordium Wildlife","floor":4,"turns":8},{"damage":22,"enemies":"Gremlin Nob","floor":7,"turns":4},{"damage":2,"enemies":"Large Slime","floor":8,"turns":11},{"damage":4,"enemies":"Exordium Thugs","floor":12,"turns":7},{"damage":4,"enemies":"Lagavulin","floor":13,"turns":7},{"damage":4,"enemies":"Looter","floor":14,"turns":4},{"damage":3,"enemies":"Hexaghost","floor":16,"turns":9},{"damage":10,"enemies":"3 Byrds","floor":18,"turns":6},{"damage":9,"enemies":"2 Thieves","floor":22,"turns":4},{"damage":22,"enemies":"Gremlin Leader","floor":24,"turns":7},{"damage":0,"enemies":"Centurion and Healer","floor":25,"turns":7},{"damage":6,"enemies":"Sentry and Sphere","floor":27,"turns":6},{"damage":0,"enemies":"Snecko","floor":29,"turns":5},{"damage":4,"enemies":"Champ","floor":33,"turns":8},{"damage":7,"enemies":"3 Shapes","floor":35,"turns":4},{"damage":0,"enemies":"Orb Walker","floor":36,"turns":6},{"damage":0,"enemies":"Maw","floor":39,"turns":6},{"damage":0,"enemies":"4 Shapes","floor":41,"turns":5},{"damage":0,"enemies":"Writhing Mass","floor":45,"turns":5},{"damage":0,"enemies":"Giant Head","floor":46,"turns":5},{"damage":0,"enemies":"2 Orb Walkers","floor":48,"turns":4},{"damage":15,"enemies":"Awakened One","floor":50,"turns":12},{"damage":8,"enemies":"Time Eater","floor":51,"turns":7}],"seed_played":"-3786428456494060194","potions_obtained":[{"floor":1,"key":"Elixir"},{"floor":2,"key":"Doom Potion"},{"floor":3,"key":"Cursed Concoction"},{"floor":8,"key":"Languid Potion"},{"floor":13,"key":"Ancient Potion"},{"floor":14,"key":"LiquidMemories"},{"floor":29,"key":"LifebloodPotion"},{"floor":35,"key":"Elixir"},{"floor":36,"key":"SneckoOil"},{"floor":39,"key":"Energy Potion"}],"is_trial":false,"path_per_floor":["M","M","M","M","$","R","E","M","T","R","?","M","E","M","R","B",null,"M","?","?","$","M","R","E","M","T","M","$","M","R","?","R","B",null,"M","M","?","$","M","R","M","R","T","R","M","E","$","?","R","B","B",null],"character_chosen":"THE_SILENT","items_purchased":["Leg Sweep","Grinning Jar","Guide Book","ReplayTheSpireMod:Scrap Shanks","LiquidMemories","Impatience+1"],"campfire_rested":4,"item_purchase_floors":[5,5,21,28,38,47],"current_hp_per_floor":[44,44,44,14,14,33,11,9,9,28,28,24,20,16,16,13,53,43,43,43,43,34,34,12,12,12,6,6,6,25,25,25,21,30,23,23,23,23,23,23,23,23,23,32,32,32,32,32,32,17,9],"gold":73,"neow_bonus":"RANDOM_COLORLESS_2","is_daily":false,"chose_seed":false,"campfire_upgraded":6,"win_rate":0.0,"timestamp":1609961204,"path_taken":["M","M","M","?","$","R","E","?","T","R","?","M","E","M","R","BOSS","M","?","?","?","M","R","E","M","T","M","$","M","R","?","R","BOSS","M","M","?","$","M","R","M","R","T","R","M","E","?","?","R","BOSS","BOSS"],"items_purchased_type":["Card","Relic","Relic","Card","Potion","Card"],"build_version":"2020-12-22","purchased_purges":4,"victory":true,"max_hp_per_floor":[66,66,66,66,66,66,66,66,66,66,66,66,66,66,66,66,66,66,66,66,66,66,66,66,66,66,66,66,66,66,33,33,33,33,33,33,33,33,33,33,33,33,33,33,33,33,33,33,33,33,33],"relic_stats":{"Gremlin Horn":[8,8],"counters":[26,159],"Blue Candle":[1],"War Paint":["Ghostly","Survivor"],"Smiling Mask":225,"obtain_stats":[{"Lantern":7,"construct:WeddingRing":34,"Gremlin Horn":26,"The Specimen":48,"Guide Book":21,"Blue Candle":24,"War Paint":43,"Smiling Mask":9,"Snecko Scales":17,"Grinning Jar":5,"Toxic Egg 2":46,"ReplayTheSpireMod:Lightbulb":13,"Ring of the Snake":0},{"Lantern":5,"construct:WeddingRing":17,"Gremlin Horn":14,"The Specimen":24,"Guide Book":11,"Blue Candle":13,"War Paint":21,"Smiling Mask":6,"Snecko Scales":10,"Grinning Jar":4,"Toxic Egg 2":23,"ReplayTheSpireMod:Lightbulb":8,"Ring of the Snake":0},{"Lantern":24,"construct:WeddingRing":105,"Gremlin Horn":86,"The Specimen":140,"Guide Book":68,"Blue Candle":79,"War Paint":126,"Smiling Mask":35,"Snecko Scales":62,"Grinning Jar":20,"Toxic Egg 2":136,"ReplayTheSpireMod:Lightbulb":49,"Ring of the Snake":0}],"Ring of the Snake":[52]},"card_choices":[{"not_picked":["Crow Ritual","Violence"],"picked":"HandOfGreed","floor":0},{"not_picked":["Masterful Stab","Flying Knee"],"picked":"Noxious Fumes","floor":1},{"not_picked":["Deadly Poison","Dodge and Roll"],"picked":"Backflip","floor":2},{"not_picked":["Dagger Spray","Skewer","Backflip"],"picked":"SKIP","floor":3},{"not_picked":["Accuracy","Backflip"],"picked":"Prepared","floor":4},{"not_picked":["Flying Knee","Skewer"],"picked":"After Image","floor":7},{"not_picked":["Dodge and Roll","Noxious Fumes"],"picked":"Bouncing Flask","floor":8},{"not_picked":["Flying Knee","Tactician","Underhanded Strike"],"picked":"SKIP","floor":12},{"not_picked":["Acrobatics","Underhanded Strike"],"picked":"Infinite Blades","floor":13},{"not_picked":["Setup","Dash"],"picked":"Draining Mist","floor":14},{"not_picked":["A Thousand Cuts","Die Die Die"],"picked":"After Image","floor":16},{"not_picked":["Flying Knee","Quick Slash","Dodge and Roll"],"picked":"SKIP","floor":18},{"not_picked":["Quick Slash","Cloak And Dagger"],"picked":"Calculated Gamble","floor":22},{"not_picked":["Masterful Stab","Grand Finale"],"picked":"Reflex","floor":24},{"not_picked":["Acrobatics","PiercingWail"],"picked":"Bane","floor":25},{"not_picked":["Bane+1","Dagger Throw"],"picked":"Deflect","floor":27},{"not_picked":["PiercingWail","Deadly Poison"],"picked":"Catalyst+1","floor":29},{"not_picked":["Unload","Malaise"],"picked":"Corpse Explosion","floor":33},{"not_picked":["ReplayTheSpireMod:Scrap Shanks","Blade Dance"],"picked":"Accuracy","floor":35},{"not_picked":["Finisher","Dagger Spray"],"picked":"ReplayTheSpireMod:Speed Training","floor":36},{"not_picked":["Backflip","ReplayTheSpireMod:Scrap Shanks"],"picked":"PiercingWail+1","floor":39},{"not_picked":["Dagger Spray","Slice"],"picked":"Terror","floor":41},{"not_picked":["Crippling Poison","PiercingWail"],"picked":"Catalyst","floor":45},{"not_picked":["Acrobatics+1","Dagger Throw","Well Laid Plans+1"],"picked":"SKIP","floor":46},{"not_picked":["Masterful Stab","Acrobatics+1"],"picked":"Underhanded Strike+1","floor":48}],"player_experience":953556,"relics_obtained":[{"floor":7,"key":"Lantern"},{"floor":9,"key":"Smiling Mask"},{"floor":13,"key":"ReplayTheSpireMod:Lightbulb"},{"floor":24,"key":"Blue Candle"},{"floor":26,"key":"Gremlin Horn"},{"floor":43,"key":"War Paint"},{"floor":46,"key":"Toxic Egg 2"},{"floor":48,"key":"The Specimen"}],"event_choices":[{"damage_healed":0,"gold_gain":0,"player_choice":"Ignored","damage_taken":0,"max_hp_gain":0,"max_hp_loss":0,"event_name":"Vampires","floor":19,"gold_loss":0},{"damage_healed":0,"gold_gain":0,"player_choice":"Became a Ghost","damage_taken":0,"max_hp_gain":0,"max_hp_loss":33,"event_name":"Ghosts","floor":31,"gold_loss":0,"cards_obtained":["Ghostly","Ghostly","Ghostly"]},{"damage_healed":0,"gold_gain":0,"player_choice":"LEAVE ","damage_taken":0,"relics_obtained":[],"max_hp_gain":0,"max_hp_loss":0,"event_name":"betterSkull:BetterSkull","floor":37,"gold_loss":0,"cards_upgraded":[]},{"damage_healed":0,"gold_gain":0,"player_choice":"Fight","damage_taken":0,"max_hp_gain":0,"max_hp_loss":0,"event_name":"Mysterious Sphere","floor":48,"gold_loss":0}],"is_beta":false,"boss_relics":[{"not_picked":["Replay:Wanted Poster","Pandora\u0027s Box"],"picked":"Snecko Scales"},{"not_picked":["Honey Jar","Ring of Chaos"],"picked":"construct:WeddingRing"}],"items_purged_floors":[5,21,28,38],"is_endless":false,"potions_floor_spawned":[1,2,3,8,13,14,18,29,35,36,39,46],"ascension_level":20}}