{"host":"htpechobqgpaugnv","time":1609911856,"event":{"mods":["AchievementEnabler","BaseMod","Minty Spire (QoL Compilation)","Quick Restart","Relic Stats"],"gold_per_floor":[110,123,36,36,111,139,139,167,248,248,261,261,30,64,64,143,143,163,198,198,123,4,4,20,20,20],"floor_reached":25,"playtime":763,"items_purged":["Strike_P"],"score":630,"play_id":"194e9b6f-5f75-4159-ab53-8488629a8b1c","local_time":"20210105234416","is_ascension_mode":true,"campfire_choices":[{"data":"Conclude","floor":7,"key":"SMITH"},{"data":"FearNoEvil","floor":10,"key":"SMITH"},{"data":"Wireheading","floor":15,"key":"SMITH"},{"floor":23,"key":"REST"}],"circlet_count":0,"master_deck":["AscendersBane","Strike_P+1","Strike_P","Defend_P","Defend_P","Defend_P+1","Defend_P","Eruption","Vigilance","FearNoEvil+1","Sanctity","Conclude+1","ReachHeaven+1","FlurryOfBlows+1","FlurryOfBlows+1","Wireheading+1","DevaForm","Meditate","Wallop+1","LessonLearned+1"],"relics":["PureWater","Lizard Tail","Happy Flower","Molten Egg 2","Yang","The Courier","Lee\u0027s Waffle","Damaru","Sozu","Red Mask","Enchiridion"],"acts_visited":["TheCity"],"potions_floor_usage":[6,14,19],"damage_taken":[{"damage":0.0,"enemies":"2 Louse","floor":1.0,"turns":3.0},{"damage":14.0,"enemies":"Small Slimes","floor":2.0,"turns":6.0},{"damage":0,"enemies":"Lagavulin","floor":6,"turns":4},{"damage":8,"enemies":"Gremlin Nob","floor":8,"turns":3},{"damage":2,"enemies":"Jaw Worm","floor":11,"turns":3},{"damage":0,"enemies":"Lagavulin","floor":14,"turns":4},{"damage":0,"enemies":"Slime Boss","floor":16,"turns":4},{"damage":17,"enemies":"Spheric Guardian","floor":18,"turns":5},{"damage":7,"enemies":"Masked Bandits","floor":19,"turns":3},{"damage":31,"enemies":"Chosen","floor":24,"turns":4},{"damage":8,"enemies":"Gremlin Leader","floor":25,"turns":4}],"seed_played":"7120906589025034444","potions_obtained":[{"floor":1.0,"key":"PowerPotion"},{"floor":8,"key":"Strength Potion"},{"floor":11,"key":"SpeedPotion"}],"is_trial":false,"path_per_floor":["M","M","$","?","?","E","R","E","T","R","M","?","$","E","R","B",null,"M","?","?","?","$","R","M","E"],"character_chosen":"WATCHER","items_purchased":["Conclude","Lee\u0027s Waffle","Wireheading","LessonLearned+1"],"campfire_rested":1,"item_purchase_floors":[3,13,13,22],"current_hp_per_floor":[61,47,47,42,31,31,31,23,23,23,21,2,69,69,69,69,69,52,45,24,24,24,44,13,5,5],"gold":20,"neow_bonus":"ONE_RARE_RELIC","is_daily":false,"chose_seed":false,"campfire_upgraded":3,"win_rate":0.0,"timestamp":1609911856,"path_taken":["M","M","$","?","?","E","R","E","T","R","M","?","?","E","R","BOSS","M","?","?","?","?","R","M","E"],"items_purchased_type":["Card","Relic","Card","Card"],"build_version":"2020-12-22","purchased_purges":1,"victory":false,"max_hp_per_floor":[62,62,62,62,62,62,62,62,62,62,62,62,69,69,69,69,69,69,69,69,69,69,69,69,69,69],"relic_stats":{"Sozu":1,"Lizard Tail":0,"Lee\u0027s Waffle":67,"Happy Flower":[11],"counters":[9,34],"Yang":[66],"obtain_stats":[{"Sozu":17,"Lizard Tail":0,"Lee\u0027s Waffle":13,"Happy Flower":0,"Damaru":14,"Enchiridion":20,"Molten Egg 2":6,"Yang":8,"The Courier":9,"Red Mask":19,"PureWater":0},{"Sozu":5,"Lizard Tail":0,"Lee\u0027s Waffle":3,"Happy Flower":0,"Damaru":4,"Enchiridion":7,"Molten Egg 2":1,"Yang":2,"The Courier":2,"Red Mask":7,"PureWater":0},{"Sozu":18,"Lizard Tail":0,"Lee\u0027s Waffle":10,"Happy Flower":0,"Damaru":14,"Enchiridion":26,"Molten Egg 2":4,"Yang":7,"The Courier":7,"Red Mask":26,"PureWater":0}]},"card_choices":[{"not_picked":["ReachHeaven","CrushJoints"],"picked":"FearNoEvil","floor":1.0},{"not_picked":["BowlingBash","Halt"],"picked":"Sanctity","floor":2.0},{"not_picked":["Evaluate","Devotion"],"picked":"ReachHeaven+1","floor":6},{"not_picked":["CarveReality+1","InnerPeace"],"picked":"FlurryOfBlows+1","floor":8},{"not_picked":["Evaluate","ThirdEye"],"picked":"FlurryOfBlows+1","floor":11},{"not_picked":["Crescendo","BowlingBash+1","Blasphemy"],"picked":"SKIP","floor":14},{"not_picked":["Omniscience","DeusExMachina"],"picked":"DevaForm","floor":16},{"not_picked":["FollowUp+1","ThirdEye"],"picked":"Meditate","floor":18},{"not_picked":["SignatureMove+1","EmptyFist+1"],"picked":"Wallop+1","floor":19},{"not_picked":["CrushJoints+1","Protect","Sanctity"],"picked":"SKIP","floor":24}],"player_experience":1268671,"relics_obtained":[{"floor":6,"key":"Molten Egg 2"},{"floor":8,"key":"Yang"},{"floor":9,"key":"The Courier"},{"floor":14,"key":"Damaru"},{"floor":19,"key":"Red Mask"},{"floor":20,"key":"Enchiridion"}],"event_choices":[{"damage_healed":0.0,"max_hp_gain":0.0,"max_hp_loss":0.0,"gold_gain":0.0,"event_name":"Scrap Ooze","player_choice":"Success","floor":4.0,"gold_loss":0.0,"damage_taken":5.0,"relics_obtained":["Happy Flower"]},{"damage_healed":0.0,"max_hp_gain":0.0,"max_hp_loss":0.0,"gold_gain":75.0,"event_name":"World of Goop","player_choice":"Gather Gold","floor":5.0,"gold_loss":0.0,"damage_taken":11.0},{"damage_healed":0,"gold_gain":0,"player_choice":"Entered Light","damage_taken":19,"max_hp_gain":0,"max_hp_loss":0,"event_name":"Shining Light","floor":12,"gold_loss":0,"cards_upgraded":["Strike_P","Defend_P"]},{"damage_healed":0,"gold_gain":0,"player_choice":"Fought Bandits","damage_taken":0,"max_hp_gain":0,"max_hp_loss":0,"event_name":"Masked Bandits","floor":19,"gold_loss":0},{"damage_healed":0,"gold_gain":0,"player_choice":"Obtained Book","damage_taken":21,"max_hp_gain":0,"max_hp_loss":0,"event_name":"Cursed Tome","floor":20,"gold_loss":0},{"cards_removed":["Strike_P"],"damage_healed":0,"gold_gain":0,"player_choice":"Gave Gold","damage_taken":0,"max_hp_gain":0,"max_hp_loss":0,"event_name":"Beggar","floor":21,"gold_loss":75}],"is_beta":false,"boss_relics":[{"not_picked":["SlaversCollar","Fusion Hammer"],"picked":"Sozu"}],"items_purged_floors":[13],"is_endless":false,"potions_floor_spawned":[1,8,11,19],"killed_by":"Gremlin Leader","ascension_level":20}}