{"host":"68ypu360vyldwzrz","time":1609969706,"event":{"mods":["Act Like it!","BaseMod","Better Note","Better Third Choice","Better Vampires","BetterRewards","CapriCore","Downfall","Friendly Minions","GifTheSpireLib","Hermit","Hubris","Jorbs\u0027s Wanderer Trilogy","Luminous","Marisa????????","Minty Spire (QoL Compilation)","Quick Restart","Rare Cards Sparkle","Relic Stats","Remilia??????","Shade Mod","Shop Mod","StSLib","Td1madao Mod","The Administrix","The Alterego","The Cursed","The Hierophant","The Immortal","The Necromancer","The Senshi","The Servant 0.9.4","TheVacant","Wandering Minibosses"],"gold_per_floor":[99,116,136,136,136,45,99,134,134,151,170,20,33,33,46,147,147,72,85,105,120,140,140,214,226,226,15,15,15,30,40,60,156,156,156,167,152,152,164,164,164,183,183,196,207,225,237,237,247,247],"floor_reached":51,"playtime":4047,"items_purged":["Sloth_TH"],"score":1009,"play_id":"850e8321-abe3-49c2-a1af-3389e27f3eac","local_time":"20210106154826","is_ascension_mode":false,"campfire_choices":[{"data":"Summon_Undead","floor":1.0,"key":"SMITH"},{"floor":12.0,"key":"RECALL"},{"data":"Summon_Undead_Army","floor":18.0,"key":"SMITH"},{"floor":23.0,"key":"REST"},{"data":"Summon_Death_Knight","floor":35.0,"key":"SMITH"},{"floor":43.0,"key":"REST"}],"circlet_count":0,"master_deck":["Negative_Energy_Arrows","Bone_Wall","Summon_Undead+1","Summon_Lich","Toxic_Smoke_Screen","Summon_Undead","Negative_Energy_Javelin","Summon_Undead_Army+1","Siphon_Strength","Bone_Prison","Negative_Energy_Mist","Negative_Energy_Shield","Vampiric_Strike","Grasp_Heart","Summon_Lich","Negative_Energy_Burst","Negative_Energy_Shield","Negative_Energy_Mist","Bone_Armor","Requiem","Bone_Armor","Corrupt","Scare","Shackles_Of_Pain","Grasp_Heart","Life_Drain","Summon_Death_Knight+1","Consume_Illness","Chill_Blood","Blood_for_Blood","Spectral_Armor","Necrotic_Claws","Necromantic_Selection","Stop_Heart","Negative_Energy_Mist+1","Strike_from_Beyond+1","Necrotic_Claws","Siphon_Strength+1","Stop_Heart+1","Negative_Energy_Mist","Strike_from_Beyond","Spectral_Armor"],"relics":["Vampire_Amulet","hubris:ToyBattleship","Bird Faced Urn","downfall:HeartBlessingBlue","downfall:HeartBlessingGreen","Regal Pillow","Runic Dome","downfall:HeartBlessingRed","hubris:TinFlute","Bronze Scales","Pandora\u0027s Box","wanderingMiniBosses:Inkheart","hubris:Icosahedron","PreservedInsect"],"acts_visited":["Exordium","TheCity","TheBeyond"],"potions_floor_usage":[47,47,50],"damage_taken":[{"damage":2.0,"enemies":"Small Slimes","floor":2.0,"turns":4.0},{"damage":8.0,"enemies":"Jaw Worm","floor":3.0,"turns":4.0},{"damage":2.0,"enemies":"downfall:FleeingMerchant","floor":6.0,"turns":4.0},{"damage":28.0,"enemies":"Lagavulin","floor":8.0,"turns":6.0},{"damage":4.0,"enemies":"Cultist","floor":10.0,"turns":6.0},{"damage":0.0,"enemies":"Large Slime","floor":11.0,"turns":6.0},{"damage":6.0,"enemies":"Blue Slaver","floor":13.0,"turns":6.0},{"damage":5.0,"enemies":"Exordium Wildlife","floor":15.0,"turns":6.0},{"damage":31.0,"enemies":"downfall:Ironclad","floor":16.0,"turns":9.0},{"damage":13.0,"enemies":"Shell Parasite","floor":19.0,"turns":4.0},{"damage":6.0,"enemies":"3 Byrds","floor":20.0,"turns":3.0},{"damage":36.0,"enemies":"3 Cultists","floor":21.0,"turns":5.0},{"damage":10.0,"enemies":"Snake Plant","floor":22.0,"turns":4.0},{"damage":14.0,"enemies":"Centurion and Healer","floor":25.0,"turns":6.0},{"damage":4.0,"enemies":"downfall:FleeingMerchant","floor":27.0,"turns":4.0},{"damage":12.0,"enemies":"Cultist and Chosen","floor":30.0,"turns":5.0},{"damage":6.0,"enemies":"Snake Plant","floor":31.0,"turns":3.0},{"damage":36.0,"enemies":"Centurion and Healer","floor":32.0,"turns":9.0},{"damage":0.0,"enemies":"downfall:Silent","floor":33.0,"turns":9.0},{"damage":58.0,"enemies":"Orb Walker","floor":36.0,"turns":6.0},{"damage":0.0,"enemies":"downfall:FleeingMerchant","floor":37.0,"turns":4.0},{"damage":43.0,"enemies":"3 Darklings","floor":39.0,"turns":5.0},{"damage":25.0,"enemies":"Spire Growth","floor":42.0,"turns":5.0},{"damage":16.0,"enemies":"Writhing Mass","floor":44.0,"turns":7.0},{"damage":39.0,"enemies":"3 Darklings","floor":45.0,"turns":4.0},{"damage":25.0,"enemies":"4 Shapes","floor":46.0,"turns":4.0},{"damage":10,"enemies":"Writhing Mass","floor":47,"turns":7},{"damage":36,"enemies":"Spire Growth","floor":49,"turns":6},{"damage":0,"enemies":"downfall:Watcher","floor":50,"turns":7}],"seed_played":"-1025758484475115343","potions_obtained":[{"floor":2.0,"key":"EssenceOfSteel"},{"floor":8.0,"key":"CultistPotion"},{"floor":15.0,"key":"Fire Potion"},{"floor":16.0,"key":"ColorlessPotion"},{"floor":20.0,"key":"LiquidBronze"},{"floor":29.0,"key":"LazyBrew"},{"floor":29.0,"key":"LazyBrew"},{"floor":29.0,"key":"LazyBrew"},{"floor":31.0,"key":"Swift Potion"},{"floor":32.0,"key":"DuplicationPotion"},{"floor":33.0,"key":"Energy Potion"},{"floor":44.0,"key":"ColorlessPotion"},{"floor":46.0,"key":"Strength Potion"}],"is_trial":false,"path_per_floor":["R","M","M","?","?","$","T","E","T","M","M","R","M","?","M","B",null,"R","M","M","M","M","R","T","M","?","$","?","?","M","M","M","B",null,"R","M","$","?","M","?","T","M","R","M","M","M","M","$","M","B",null],"character_chosen":"NECROMANCER","items_purchased":["Summon_Undead_Army","Bronze Scales","Bone_Armor"],"campfire_rested":2,"item_purchase_floors":[6,27,27],"current_hp_per_floor":[75,75,69,69,74,72,72,76,76,80,80,90,86,74,77,90,90,90,83,87,77,73,90,90,84,84,84,84,84,82,80,71,79,90,90,44,48,48,36,36,36,27,69,63,28,69,72,67,45,50],"gold":247,"neow_bonus":"THREE_CARDS","is_daily":false,"chose_seed":false,"campfire_upgraded":3,"win_rate":0.0,"timestamp":1609969706,"path_taken":["R","M","M","?","?","$","T","E","?","?","M","R","M","?","M","BOSS","R","M","M","M","M","R","T","M","?","$","?","?","?","M","M","BOSS","R","M","$","?","M","?","T","M","R","M","M","M","M","?","M","BOSS"],"items_purchased_type":["Card","Relic","Card"],"build_version":"2020-12-22","purchased_purges":1,"victory":true,"max_hp_per_floor":[75,75,75,75,80,80,80,80,80,80,80,90,90,90,90,90,90,90,90,90,90,90,90,90,90,90,90,90,90,90,90,90,90,90,90,90,90,90,90,90,90,90,90,90,90,90,90,90,90,90],"relic_stats":{"Regal Pillow":15,"counters":[29,158],"Bird Faced Urn":[91],"Bronze Scales":[313],"Pandora\u0027s Box":["Life_Drain","Summon_Death_Knight","Consume_Illness","Chill_Blood","Blood_for_Blood","Spectral_Armor","Necrotic_Claws","Necromantic_Selection"],"PreservedInsect":0,"obtain_stats":[{"Regal Pillow":14,"downfall:HeartBlessingRed":18,"downfall:HeartBlessingGreen":12,"PreservedInsect":41,"Runic Dome":17,"hubris:Icosahedron":40,"downfall:HeartBlessingBlue":12,"Bird Faced Urn":9,"Bronze Scales":27,"Pandora\u0027s Box":34,"Vampire_Amulet":0,"hubris:ToyBattleship":8,"hubris:TinFlute":24,"wanderingMiniBosses:Inkheart":36},{"Regal Pillow":7,"downfall:HeartBlessingRed":9,"downfall:HeartBlessingGreen":6,"PreservedInsect":22,"Runic Dome":9,"hubris:Icosahedron":22,"downfall:HeartBlessingBlue":6,"Bird Faced Urn":4,"Bronze Scales":15,"Pandora\u0027s Box":19,"Vampire_Amulet":0,"hubris:ToyBattleship":4,"hubris:TinFlute":13,"wanderingMiniBosses:Inkheart":20},{"Regal Pillow":36,"downfall:HeartBlessingRed":51,"downfall:HeartBlessingGreen":30,"PreservedInsect":118,"Runic Dome":51,"hubris:Icosahedron":118,"downfall:HeartBlessingBlue":30,"Bird Faced Urn":18,"Bronze Scales":77,"Pandora\u0027s Box":103,"Vampire_Amulet":0,"hubris:ToyBattleship":18,"hubris:TinFlute":67,"wanderingMiniBosses:Inkheart":109}]},"card_choices":[{"not_picked":["Negative_Energy_Mist","Negative_Energy_Shield"],"picked":"Summon_Undead","floor":0.0},{"not_picked":["Scare","Bone_Shift"],"picked":"Summon_Lich","floor":2.0},{"not_picked":["Bones_to_Steel","Bone_Spikes"],"picked":"Toxic_Smoke_Screen","floor":3.0},{"not_picked":["Pandemic","Death_Coil"],"picked":"Negative_Energy_Javelin","floor":6.0},{"not_picked":["Necrotic_Claws","Deaths_Shadow"],"picked":"Siphon_Strength","floor":8.0},{"not_picked":["Necrotic_Claws","Vampiric_Strike"],"picked":"Bone_Prison","floor":10.0},{"not_picked":["Toxic_Smoke_Screen","Vampiric_Strike"],"picked":"Negative_Energy_Mist","floor":11.0},{"not_picked":["Bone_Bullets","Strike_from_Beyond"],"picked":"Negative_Energy_Shield","floor":13.0},{"not_picked":["Shackles_Of_Pain","Blood_Whip"],"picked":"Vampiric_Strike","floor":15.0},{"not_picked":["Requiem","Blood_Wake"],"picked":"Grasp_Heart","floor":16.0},{"not_picked":["Scare+1","Negative_Energy_Javelin"],"picked":"Summon_Lich","floor":19.0},{"not_picked":["Bone_Armor+1","Bone_Prison"],"picked":"Negative_Energy_Burst","floor":20.0},{"not_picked":["Finger_Of_Death","Blood_Is_Power"],"picked":"Negative_Energy_Shield","floor":21.0},{"not_picked":["Bone_Armory","Scare+1"],"picked":"Negative_Energy_Mist","floor":22.0},{"not_picked":["Bone_Shift","Skeleton_Dragon"],"picked":"Bone_Armor","floor":25.0},{"not_picked":["Bone_Shift","Bone_Bullets"],"picked":"Requiem","floor":27.0},{"not_picked":["Vampiric_Strike","Blood_Whip+1"],"picked":"Corrupt","floor":30.0},{"not_picked":["Deaths_Shadow","Necromantic_Selection"],"picked":"Scare","floor":31.0},{"not_picked":["Scare","Bones_to_Steel"],"picked":"Shackles_Of_Pain","floor":32.0},{"not_picked":["Reap_The_Weak","Blood_Wake"],"picked":"Grasp_Heart","floor":33.0},{"not_picked":["Blood_Whip+1","Bones_to_Steel+1"],"picked":"Stop_Heart","floor":36.0},{"not_picked":["Bones_to_Steel","Flesh_Made_Foul"],"picked":"Negative_Energy_Mist+1","floor":37.0},{"not_picked":["Finger_Of_Death","Scare+1"],"picked":"Strike_from_Beyond+1","floor":39.0},{"not_picked":["Consume_Illness","Siphon_Strength+1"],"picked":"Necrotic_Claws","floor":42.0},{"not_picked":["Negative_Energy_Burst","Finger_Of_Death+1"],"picked":"Siphon_Strength+1","floor":44.0},{"not_picked":["Death_Coil+1","Blood_for_Blood+1"],"picked":"Stop_Heart+1","floor":45.0},{"not_picked":["Grasp_Heart","Uncharnel+1"],"picked":"Negative_Energy_Mist","floor":46.0},{"not_picked":["Shackles_Of_Pain+1","Life_Tap"],"picked":"Strike_from_Beyond","floor":47},{"not_picked":["Slay_Living","Shackles_Of_Pain+1"],"picked":"Spectral_Armor","floor":49}],"player_experience":374549,"relics_obtained":[{"floor":8.0,"key":"hubris:ToyBattleship"},{"floor":9.0,"key":"Bird Faced Urn"},{"floor":24.0,"key":"hubris:TinFlute"},{"floor":36.0,"key":"wanderingMiniBosses:Inkheart"},{"floor":41.0,"key":"PreservedInsect"}],"event_choices":[{"damage_healed":0.0,"max_hp_gain":5.0,"max_hp_loss":0.0,"gold_gain":0.0,"event_name":"Big Fish","player_choice":"Donut","floor":5.0,"gold_loss":0.0,"damage_taken":0.0},{"damage_healed":0.0,"max_hp_gain":0.0,"max_hp_loss":0.0,"gold_gain":0.0,"event_name":"betterThird:BetterScrap","player_choice":"Relic ","floor":14.0,"gold_loss":0.0,"damage_taken":12.0,"cards_obtained":["WindmillStrike"]},{"cards_removed":["Negative_Energy_Arrows"],"damage_healed":0.0,"max_hp_gain":0.0,"max_hp_loss":0.0,"gold_gain":0.0,"event_name":"betterNote:BetterNote","player_choice":"Give","floor":26.0,"gold_loss":0.0,"damage_taken":0.0,"cards_obtained":["Parasite"]},{"damage_healed":0.0,"max_hp_gain":0.0,"max_hp_loss":0.0,"gold_gain":0.0,"event_name":"Mysterious Sphere","player_choice":"Ignored","floor":38.0,"gold_loss":0.0,"damage_taken":0.0}],"is_beta":false,"boss_relics":[{"not_picked":["Velvet Choker","hubris:VirtuousBlindfold"],"picked":"Runic Dome"},{"not_picked":["Astrolabe","SacredBark"],"picked":"Pandora\u0027s Box"}],"items_purged_floors":[48],"is_endless":false,"potions_floor_spawned":[2,8,15,16,20,31,32,33,44,46],"ascension_level":0}}