{"host":"uc0x0d8zaap3n3zi","time":1609930861,"event":{"mods":["2.2 Compatiblity","AchievementEnabler","Act Like it!","Alarm Clock","BaseMod","Colored Powertips","Downfall","Minty Spire (QoL Compilation)","Pale of the Ancients","Rare Cards Sparkle","Relic Stats","StSLib","The Cursed","The Marked","The Servant 0.9.4","slay the spire mod where everything is the same but ironclad has a cowboy hat"],"gold_per_floor":[113,130,305,324,100,100,114,114,141,141,141,159,170,186,186,289,289,302,302,318,278,288,288,33,33,33,58,58,74,74,74,74,179,179,192,204,217,217,70,70,70,70,70,70,88,106,106,9,9,9],"floor_reached":51,"playtime":1747,"items_purged":["Doubt","Strike_R"],"score":657,"play_id":"27fb7369-802e-4ddb-baec-5ac7cf975bf0","local_time":"20210107000101","is_ascension_mode":false,"campfire_choices":[{"data":"Body Slam","floor":6,"key":"SMITH"},{"data":"Uppercut","floor":8,"key":"SMITH"},{"data":"Shrug It Off","floor":10,"key":"SMITH"},{"data":"Entrench","floor":15,"key":"SMITH"},{"data":"Sword Boomerang","floor":23,"key":"SMITH"},{"data":"Body Slam","floor":28,"key":"SMITH"},{"floor":30,"key":"REST"},{"data":"Shrug It Off","floor":32,"key":"SMITH"},{"data":"Double Tap","floor":40,"key":"SMITH"},{"data":"Metallicize","floor":42,"key":"SMITH"},{"floor":44,"key":"RECALL"},{"floor":49,"key":"REST"}],"circlet_count":0,"master_deck":["Strike_R+1","Strike_R","Defend_R","Defend_R","Defend_R+1","Defend_R","Uppercut+1","Sword Boomerang+1","Body Slam+1","Shrug It Off+1","Cleave+1","Twin Strike","Entrench+1","Berserk+1","Shrug It Off+1","Metallicize+1","Body Slam+1","Decay","Body Slam+1","Double Tap+1","Battle Trance+1"],"relics":["Burning Blood","Vajra","Happy Flower","SlaversCollar","Mango","Anchor","SacredBark","Red Skull","StoneCalendar"],"acts_visited":["Exordium","TheCity","TheBeyond"],"potions_floor_usage":[22,27,35,36,50,50],"damage_taken":[{"damage":2,"enemies":"Small Slimes","floor":1,"turns":3},{"damage":1,"enemies":"Jaw Worm","floor":2,"turns":3},{"damage":4,"enemies":"Cultist","floor":4,"turns":4},{"damage":7,"enemies":"Looter","floor":7,"turns":2},{"damage":4,"enemies":"Gremlin Gang","floor":12,"turns":3},{"damage":1,"enemies":"2 Fungi Beasts","floor":13,"turns":2},{"damage":0,"enemies":"Exordium Wildlife","floor":14,"turns":2},{"damage":46,"enemies":"The Guardian","floor":16,"turns":12},{"damage":9,"enemies":"Spheric Guardian","floor":18,"turns":4},{"damage":0,"enemies":"Chosen","floor":20,"turns":4},{"damage":42,"enemies":"Shelled Parasite and Fungi","floor":22,"turns":9},{"damage":13,"enemies":"Gremlin Leader","floor":27,"turns":7},{"damage":19,"enemies":"Snecko","floor":29,"turns":7},{"damage":54,"enemies":"Automaton","floor":33,"turns":11},{"damage":31,"enemies":"Orb Walker","floor":35,"turns":5},{"damage":6,"enemies":"3 Shapes","floor":36,"turns":5},{"damage":26,"enemies":"Spire Growth","floor":37,"turns":5},{"damage":18,"enemies":"Transient","floor":45,"turns":5},{"damage":18,"enemies":"Sphere and 2 Shapes","floor":46,"turns":4},{"damage":83,"enemies":"Donu and Deca","floor":50,"turns":7}],"seed_played":"5555761840078164411","potions_obtained":[{"floor":1,"key":"BloodPotion"},{"floor":4,"key":"FearPotion"},{"floor":20,"key":"Fire Potion"},{"floor":33,"key":"Fire Potion"},{"floor":35,"key":"Strength Potion"},{"floor":46,"key":"FearPotion"}],"is_trial":false,"path_per_floor":["M","M","?","M","$","R","M","R","T","R","?","M","M","M","R","B",null,"M","?","M","?","M","R","$","?","T","E","R","M","R","$","R","B",null,"M","M","M","?","$","R","?","R","T","R","M","M","$","$","R","B",null],"character_chosen":"IRONCLAD","items_purchased":["Vajra","Metallicize","Body Slam","Block Potion","Red Skull","FairyPotion"],"campfire_rested":2,"item_purchase_floors":[5,24,24,24,39,48],"current_hp_per_floor":[60,65,65,67,67,67,66,66,66,66,66,68,73,79,79,39,80,77,77,80,80,44,44,44,44,58,51,51,38,66,66,66,18,94,69,69,49,49,49,49,49,49,49,49,37,25,25,25,53,13],"gold":9,"neow_bonus":"TRANSFORM_TWO_CARDS","is_daily":false,"chose_seed":false,"campfire_upgraded":9,"win_rate":0.0,"timestamp":1609930861,"path_taken":["M","M","?","M","$","R","M","R","T","R","?","M","M","M","R","BOSS","M","?","?","?","?","R","$","?","T","E","R","M","R","?","R","BOSS","M","M","M","?","?","R","?","R","T","R","M","M","?","$","R","BOSS"],"items_purchased_type":["Relic","Card","Card","Potion","Relic","Potion"],"build_version":"2020-12-22","purchased_purges":2,"victory":true,"max_hp_per_floor":[80,80,80,80,80,80,80,80,80,80,80,80,80,80,80,80,80,80,80,80,80,80,80,80,80,94,94,94,94,94,94,94,94,94,94,94,94,94,94,94,94,94,94,94,94,94,94,94,94,94],"relic_stats":{"Happy Flower":[30],"counters":[20,104],"StoneCalendar":[9],"obtain_stats":[{"SlaversCollar":17,"Anchor":27,"Happy Flower":9,"SacredBark":34,"Vajra":5,"Mango":26,"StoneCalendar":43,"Burning Blood":0,"Red Skull":39},{"SlaversCollar":8,"Anchor":12,"Happy Flower":4,"SacredBark":14,"Vajra":3,"Mango":11,"StoneCalendar":17,"Burning Blood":0,"Red Skull":17},{"SlaversCollar":31,"Anchor":55,"Happy Flower":12,"SacredBark":73,"Vajra":10,"Mango":48,"StoneCalendar":88,"Burning Blood":0,"Red Skull":88}],"Burning Blood":117},"card_choices":[{"not_picked":["Whirlwind","Fire Breathing"],"picked":"Body Slam","floor":1},{"not_picked":["Intimidate","Power Through","Sword Boomerang"],"picked":"SKIP","floor":2},{"not_picked":["Clothesline","Twin Strike"],"picked":"Shrug It Off","floor":4},{"not_picked":["Pommel Strike","Havoc"],"picked":"Cleave","floor":7},{"not_picked":["Warcry","Anger"],"picked":"Twin Strike","floor":12},{"not_picked":["Infernal Blade","Sever Soul","Blood for Blood"],"picked":"SKIP","floor":13},{"not_picked":["Battle Trance","Spot Weakness"],"picked":"Entrench","floor":14},{"not_picked":["Reaper","Double Tap"],"picked":"Berserk","floor":16},{"not_picked":["Heavy Blade","Thunderclap","Fire Breathing"],"picked":"SKIP","floor":18},{"not_picked":["Armaments","Cleave"],"picked":"Shrug It Off","floor":20},{"not_picked":["Wild Strike","Carnage","Headbutt"],"picked":"SKIP","floor":22},{"not_picked":["Dual Wield+1","Clothesline+1"],"picked":"Body Slam+1","floor":27},{"not_picked":["Thunderclap","Burning Pact","Reaper"],"picked":"SKIP","floor":29},{"not_picked":["Brutality","Immolate"],"picked":"Double Tap","floor":33},{"not_picked":["Armaments","Body Slam+1","Dark Embrace"],"picked":"SKIP","floor":35},{"not_picked":["Heavy Blade+1","Sword Boomerang","Warcry"],"picked":"SKIP","floor":36},{"not_picked":["Reckless Charge","Armaments","True Grit+1"],"picked":"SKIP","floor":37},{"not_picked":["Shrug It Off","Wild Strike","Feel No Pain"],"picked":"SKIP","floor":45},{"not_picked":["Iron Wave+1","Body Slam"],"picked":"Battle Trance+1","floor":46}],"player_experience":279232,"relics_obtained":[{"floor":9,"key":"Happy Flower"},{"floor":26,"key":"Mango"},{"floor":27,"key":"Anchor"},{"floor":43,"key":"StoneCalendar"}],"event_choices":[{"damage_healed":0,"gold_gain":175,"player_choice":"AGREE","damage_taken":0,"max_hp_gain":0,"max_hp_loss":0,"event_name":"Liars Game","floor":3,"gold_loss":0,"cards_obtained":["Doubt"]},{"damage_healed":0,"gold_gain":0,"player_choice":"Grow","damage_taken":0,"max_hp_gain":0,"max_hp_loss":0,"event_name":"Living Wall","floor":11,"gold_loss":0,"cards_upgraded":["Cleave"]},{"damage_healed":0,"gold_gain":0,"player_choice":"Upgraded","damage_taken":0,"max_hp_gain":0,"max_hp_loss":0,"event_name":"Upgrade Shrine","floor":19,"gold_loss":0,"cards_upgraded":["Berserk"]},{"damage_healed":0,"gold_gain":0,"player_choice":"Upgraded Two","damage_taken":0,"max_hp_gain":0,"max_hp_loss":0,"event_name":"Designer","floor":21,"gold_loss":40,"cards_upgraded":["Defend_R","Strike_R"]},{"damage_healed":0,"gold_gain":0,"player_choice":"Smashed Altar","damage_taken":0,"max_hp_gain":0,"max_hp_loss":0,"event_name":"Forgotten Altar","floor":25,"gold_loss":0,"cards_obtained":["Decay"]},{"damage_healed":0,"gold_gain":0,"player_choice":"Ignored","damage_taken":0,"max_hp_gain":0,"max_hp_loss":0,"event_name":"WeMeetAgain","floor":38,"gold_loss":0},{"cards_removed":["Strike_R"],"damage_healed":0,"gold_gain":0,"player_choice":"Removed Attack","damage_taken":0,"max_hp_gain":0,"max_hp_loss":0,"event_name":"Falling","floor":41,"gold_loss":0}],"is_beta":false,"boss_relics":[{"not_picked":["Mark of Pain","Astrolabe"],"picked":"SlaversCollar"},{"not_picked":["Snecko Eye","Busted Crown"],"picked":"SacredBark"}],"items_purged_floors":[5,24],"is_endless":false,"potions_floor_spawned":[1,4,20,33,35,46],"ascension_level":0}}