{"host":"15f3wpiimhe5yrng","time":1609915052,"event":{"mods":["100% Spire Juice","2.2 Compatiblity","BaseMod","Bestiary","Better Altar","Better Match","Better Note","Better Sensory Stone","Better Skull","Better Third Choice","Colored Map","Colored Powertips","Downfall","Evolution","Marisa????????","Minty Spire (QoL Compilation)","Permanent Neow","Relic Filter","SacredBarkPlus","Spicy Shops","StSLib","The Animator","The Marked","TheSwordswoman","??????REMEMod"],"gold_per_floor":[115,10,10,29,39,39,66,66,66,96,96,107,107,125,125,221,101,120,120,35,35,76,105,118,146,146,146,237,20,20,0,0,117,117,158,232,269,33,33,33,80,105,105,105,130,40,56,74,74,92],"floor_reached":51,"playtime":4114,"items_purged":["Moonworks:Defend"],"score":845,"play_id":"f293043a-3669-4b52-bebc-d7e149acaffc","local_time":"20210106073732","is_ascension_mode":false,"campfire_choices":[{"data":"expansioncontent:DefensiveStance","floor":6,"key":"SMITH"},{"data":"Moonworks:UnpaidWork","floor":8,"key":"SMITH"},{"data":"Moonworks:Ambush","floor":13,"key":"SMITH"},{"data":"Moonworks:LulusLuckyEgg","floor":15,"key":"SMITH"},{"data":"Moonworks:Accelerator","floor":27,"key":"SMITH"},{"data":"Moonworks:RocketCannon","floor":30,"key":"SMITH"},{"data":"Moonworks:AccelHyper","floor":32,"key":"SMITH"},{"data":"Moonworks:PlushieMaster","floor":40,"key":"SMITH"},{"data":"Moonworks:EvilMastermind","floor":44,"key":"SMITH"},{"data":"Moonworks:DeployBits","floor":49,"key":"SMITH"}],"circlet_count":0,"master_deck":["Moonworks:Assault+1","Moonworks:Strike+1","Moonworks:Defend","Moonworks:Defend+1","Moonworks:Defend","Moonworks:Ambush+1","Moonworks:LongDistanceShot+1","expansioncontent:DefensiveStance+1","REME_BodyOfCthun","Moonworks:TreasureThief","Moonworks:Dash","Moonworks:Dash","Moonworks:UnpaidWork+1","Moonworks:StiffCrystal","Moonworks:DeployBits+1","Moonworks:LulusLuckyEgg+1","Moonworks:AccelHyper+1","Moonworks:LulusLuckyEgg+1","Moonworks:AccelHyper","Moonworks:Accelerator+1","Moonworks:IndiscriminateFireSupport+1","Moonworks:TreasureThief","Moonworks:Dash+1","Moonworks:RocketCannon+1","Moonworks:MetallicMonocoque+1","Moonworks:IndiscriminateFireSupport+1","Moonworks:PlushieMaster+1","Moonworks:Flamethrower","Moonworks:WindyEnchantment","Moonworks:EvilMastermind+1","Moonworks:CookingTime+1","Moonworks:MiracleRedBeanIceCream+1"],"relics":["Moonworks:BrokenBomb","Moonworks:Homemark","EVO:Axolotl","REME_ComplimentaryCards","Ornamental Fan","REME_HandOfSuture","Matryoshka","Mummified Hand","SacredBark","Bronze Scales","Dream Catcher","Question Card","REME_ArchaeologicalTools","Toy Ornithopter","Thread and Needle","Potion Belt","Coffee Dripper","StoneCalendar","Whetstone","Nunchaku","Pen Nib"],"acts_visited":["Exordium","TheCity","TheBeyond"],"potions_floor_usage":[22,22,33,36,37,50,50],"damage_taken":[{"damage":0,"enemies":"Small Slimes","floor":1,"turns":4},{"damage":0,"enemies":"Jaw Worm","floor":2,"turns":4},{"damage":0,"enemies":"Cultist","floor":4,"turns":4},{"damage":0,"enemies":"3 Louse","floor":5,"turns":5},{"damage":23,"enemies":"Gremlin Nob","floor":7,"turns":7},{"damage":0,"enemies":"3 Sentries","floor":10,"turns":10},{"damage":0,"enemies":"Exordium Wildlife","floor":12,"turns":7},{"damage":0,"enemies":"Exordium Thugs","floor":14,"turns":5},{"damage":2,"enemies":"Slime Boss","floor":16,"turns":14},{"damage":3,"enemies":"3 Byrds","floor":18,"turns":4},{"damage":1,"enemies":"2 Thieves","floor":22,"turns":3},{"damage":23,"enemies":"Gremlin Leader","floor":23,"turns":8},{"damage":9,"enemies":"Shelled Parasite and Fungi","floor":24,"turns":4},{"damage":0,"enemies":"Slavers","floor":25,"turns":3},{"damage":0,"enemies":"Book of Stabbing","floor":28,"turns":3},{"damage":3,"enemies":"Automaton","floor":33,"turns":8},{"damage":0,"enemies":"Orb Walker","floor":35,"turns":4},{"damage":59,"enemies":"2 Orb Walkers","floor":36,"turns":5},{"damage":0,"enemies":"3 Shapes","floor":37,"turns":3},{"damage":0,"enemies":"Nemesis","floor":41,"turns":5},{"damage":0,"enemies":"3 Darklings","floor":42,"turns":4},{"damage":0,"enemies":"Maw","floor":45,"turns":6},{"damage":0,"enemies":"Sphere and 2 Shapes","floor":47,"turns":2},{"damage":4,"enemies":"Spire Growth","floor":48,"turns":4},{"damage":0,"enemies":"Time Eater","floor":50,"turns":3}],"seed_played":"-6543230371843568902","potions_obtained":[{"floor":2,"key":"ColorlessPotion"},{"floor":4,"key":"Ancient Potion"},{"floor":7,"key":"DistilledChaos"},{"floor":16,"key":"REME_GoldPotion"},{"floor":23,"key":"Strength Potion"},{"floor":24,"key":"Block Potion"},{"floor":36,"key":"ColorlessPotion"},{"floor":41,"key":"Guardian:BlockOnCardUsePotion"},{"floor":42,"key":"SteroidPotion"}],"is_trial":false,"path_per_floor":["M","M","?","M","M","R","E","R","T","E","?","M","R","M","R","B",null,"M","?","?","?","M","E","M","E","T","R","E","$","R","?","R","B",null,"M","?","M","$","?","R","E","M","T","R","M","?","M","M","R","B",null],"character_chosen":"THE_STARBREAKER","items_purchased":["Moonworks:RocketCannon","Potion Belt","Energy Potion","Swift Potion","Moonworks:WindyEnchantment"],"campfire_rested":0,"item_purchase_floors":[29,29,38,38,38],"current_hp_per_floor":[60,60,48,48,48,48,25,25,25,25,14,14,14,14,14,12,60,57,57,57,57,56,33,24,24,24,24,24,24,24,24,24,26,60,60,6,11,11,11,11,11,11,11,11,11,11,11,12,12,22],"gold":92,"neow_bonus":"RANDOM_COLORLESS","is_daily":false,"chose_seed":false,"campfire_upgraded":10,"win_rate":0.0,"timestamp":1609915052,"path_taken":["M","M","?","M","M","R","E","R","T","E","?","M","R","M","R","BOSS","M","?","?","?","?","E","M","E","T","R","E","?","R","?","R","BOSS","M","?","M","$","?","R","E","M","T","R","M","?","?","M","R","BOSS"],"items_purchased_type":["Card","Relic","Potion","Potion","Card"],"build_version":"2020-12-22","purchased_purges":1,"victory":true,"max_hp_per_floor":[60,60,60,60,60,60,60,60,60,60,60,60,60,60,60,60,60,60,60,60,60,60,60,60,60,60,60,60,60,60,60,60,60,60,60,60,60,60,60,60,60,60,60,60,60,60,60,60,60,60],"card_choices":[{"not_picked":["Deep Breath","expansioncontent:AwakenDeath"],"picked":"expansioncontent:DefensiveStance","floor":0},{"not_picked":["Moonworks:WindyEnchantment","Moonworks:JonathanRush"],"picked":"Moonworks:TreasureThief","floor":1},{"not_picked":["Moonworks:NicePresent","Moonworks:Assault"],"picked":"Moonworks:Dash","floor":2},{"not_picked":["Moonworks:DeployBits","Moonworks:ForcedRevival"],"picked":"Moonworks:Dash","floor":4},{"not_picked":["Moonworks:NicePresent","Moonworks:DevilHand"],"picked":"Moonworks:UnpaidWork","floor":5},{"not_picked":["Moonworks:ScrambledEve","Moonworks:Dash"],"picked":"Moonworks:StiffCrystal","floor":7},{"not_picked":["Moonworks:BigMagnum","Moonworks:Assault"],"picked":"Moonworks:DeployBits","floor":10},{"not_picked":["Moonworks:Dinner","Moonworks:CompletionReward","Moonworks:CastOff"],"picked":"SKIP","floor":12},{"not_picked":["Moonworks:EvilSpyWorkPreparation","Moonworks:ExtendedPhotonRifle"],"picked":"Moonworks:LulusLuckyEgg","floor":14},{"not_picked":["Moonworks:FinalBattle","Moonworks:Blazing"],"picked":"Moonworks:AccelHyper","floor":16},{"not_picked":["Moonworks:BigMagnum","Moonworks:CloudOfSeagulls"],"picked":"Moonworks:LulusLuckyEgg+1","floor":18},{"not_picked":["Moonworks:Assault+1","Moonworks:LulusLuckyEgg","Moonworks:CloudOfSeagulls+1"],"picked":"SKIP","floor":22},{"not_picked":["Moonworks:OutOfAmmo","Moonworks:Assault","Moonworks:EvilMastermind"],"picked":"SKIP","floor":23},{"not_picked":["Moonworks:BeyondHell","Moonworks:LulusLuckyEgg"],"picked":"Moonworks:IndiscriminateFireSupport+1","floor":24},{"not_picked":["Moonworks:SakisCookie","Moonworks:CloudOfSeagulls"],"picked":"Moonworks:TreasureThief","floor":25},{"not_picked":["Moonworks:SakisCookie","Moonworks:Dinner","Moonworks:CloudOfSeagulls"],"picked":"Moonworks:Dash+1","floor":28},{"not_picked":["Moonworks:OutOfAmmo","Moonworks:SubspaceTunnel","Moonworks:Wanted"],"picked":"Moonworks:MetallicMonocoque","floor":33},{"not_picked":["Moonworks:NicePresent","Moonworks:CookingTime+1","Moonworks:WindyEnchantment"],"picked":"Moonworks:IndiscriminateFireSupport+1","floor":35},{"not_picked":["Moonworks:TreasureThief","Moonworks:LulusLuckyEgg","Moonworks:BigBangBell"],"picked":"Moonworks:PlushieMaster","floor":36},{"not_picked":["Moonworks:FinalSurgery","Moonworks:NicePresent+1","Moonworks:DeployBits"],"picked":"Moonworks:Flamethrower","floor":37},{"not_picked":["Moonworks:x16BigRocket","Moonworks:IntelligenceOfficer","Moonworks:FinalSurgery"],"picked":"Moonworks:EvilMastermind","floor":41},{"not_picked":["Moonworks:LuckyCharm","Moonworks:CompletionReward","Moonworks:DeployBits","Moonworks:x16BigRocket+1"],"picked":"SKIP","floor":42},{"not_picked":["Moonworks:NicePresent","Moonworks:Assault","Moonworks:x16BigRocket"],"picked":"Moonworks:CookingTime+1","floor":45},{"not_picked":["Moonworks:BackdoorTrade","Moonworks:CompletionReward","Moonworks:NicePresent+1","Moonworks:CloudOfSeagulls"],"picked":"SKIP","floor":47},{"not_picked":["Moonworks:FinalSurgery","Moonworks:MiracleWalker","Moonworks:EvilSpyWorkPreparation+1"],"picked":"Moonworks:MiracleRedBeanIceCream+1","floor":48}],"player_experience":130187,"relics_obtained":[{"floor":7,"key":"Ornamental Fan"},{"floor":10,"key":"REME_HandOfSuture"},{"floor":23,"key":"Dream Catcher"},{"floor":25,"key":"Question Card"},{"floor":26,"key":"REME_ArchaeologicalTools"},{"floor":26,"key":"Toy Ornithopter"},{"floor":28,"key":"Thread and Needle"},{"floor":36,"key":"StoneCalendar"},{"floor":41,"key":"Whetstone"},{"floor":43,"key":"Nunchaku"},{"floor":43,"key":"Pen Nib"}],"event_choices":[{"damage_healed":60,"gold_gain":0,"player_choice":"Upgrade","damage_taken":12,"max_hp_gain":0,"max_hp_loss":60,"event_name":"betterThird:BetterShining","floor":3,"gold_loss":0,"cards_upgraded":["Moonworks:Defend","Moonworks:LongDistanceShot"]},{"damage_healed":0,"gold_gain":1,"player_choice":"Relic Relic ","damage_taken":11,"max_hp_gain":0,"max_hp_loss":0,"event_name":"betterThird:BetterScrap","floor":11,"gold_loss":0,"cards_obtained":["Feel No Pain"]},{"cards_removed":["expansioncontent:DefensiveStance"],"damage_healed":0,"gold_gain":0,"player_choice":"Take \u0026 Give","damage_taken":0,"max_hp_gain":0,"max_hp_loss":0,"event_name":"betterNote:BetterNote","floor":19,"gold_loss":0,"cards_obtained":["Moonworks:AccelHyper"]},{"damage_healed":0,"gold_gain":0,"player_choice":"Obtained Relic","damage_taken":0,"relics_obtained":["Bronze Scales"],"max_hp_gain":0,"max_hp_loss":0,"event_name":"Addict","floor":20,"gold_loss":85},{"damage_healed":0,"gold_gain":0,"player_choice":"Read","damage_taken":0,"max_hp_gain":0,"max_hp_loss":0,"event_name":"The Library","floor":21,"gold_loss":0,"cards_obtained":["Moonworks:Accelerator"]},{"damage_healed":0,"gold_gain":0,"player_choice":"Fight","damage_taken":0,"max_hp_gain":0,"max_hp_loss":0,"event_name":"Mysterious Sphere","floor":36,"gold_loss":0},{"cards_removed":["Moonworks:Strike"],"damage_healed":0,"gold_gain":0,"player_choice":"Upgrade and Remove","damage_taken":0,"max_hp_gain":0,"max_hp_loss":0,"event_name":"Designer","floor":46,"gold_loss":90,"cards_upgraded":["Moonworks:MetallicMonocoque"]}],"is_beta":false,"boss_relics":[{"not_picked":["Empty Cage","Runic Pyramid"],"picked":"SacredBark"},{"not_picked":["Velvet Choker","REME_LowDesire"],"picked":"Coffee Dripper"}],"items_purged_floors":[38],"is_endless":false,"potions_floor_spawned":[2,4,7,10,16,23,24,25,36,41,42,48],"ascension_level":0}}