{"host":"t6w2q9o6m1ipuhb5","time":1609938338,"event":{"mods":["2.2 Compatiblity","Abigail Mod","AchievementEnabler","BaseMod","Chen","Colored Map","Colored Powertips","Downfall","Hermit","Koishi","Marisa????????","Minty Spire (QoL Compilation)","Onozuka Komachi Mod","Prisma Mod","Quick Restart","Reimu??????","Replay The Spire","StSLib","SuperFastMode","The Alterego","The Cursed","The Marked","Waifu the Spire","Yuyuko"],"gold_per_floor":[99,99,99,99,99,178,258,258,290,300,400,334,346,346,358,358,358,358],"floor_reached":16,"playtime":1047,"items_purged":[],"score":108,"play_id":"e176467b-0708-4604-8056-ae26f7620750","local_time":"20210106080538","is_ascension_mode":false,"campfire_choices":[{"floor":1,"key":"RECALL"}],"circlet_count":0,"master_deck":["hexamod:Strike","hexamod:Strike","hexamod:Strike","hexamod:Strike","hexamod:Defend","hexamod:Defend","hexamod:Defend","hexamod:Defend","hexamod:Sear","hexamod:Float","hexamod:GhostLash","hexamod:Firestarter","hexamod:NecessarySacrifice","hexamod:RadiantFlame","hexamod:SpectersWail","hexamod:GhostOfSpireFuture","hexamod:VolcanoVisage","hexamod:SoulSteal","hexamod:SpectersWail","hexamod:Sear","Enlightenment","hexamod:PhantomFireball","hexamod:BurningTouch","hexamod:NightmareStrike","hexamod:WildfireWeapon"],"relics":["hexamod:SpiritBrand","downfall:HeartsMalice","Ring of Panic","Ring of Searing","Strawberry","Replay:Baseball","downfall:GremlinSack","Darkstone Periapt"],"acts_visited":["Exordium"],"potions_floor_usage":[11,12,14,15,16,16,16],"damage_taken":[{"damage":0,"enemies":"Cultist","floor":2,"turns":1},{"damage":0,"enemies":"Small Slimes","floor":3,"turns":1},{"damage":0,"enemies":"Jaw Worm","floor":8,"turns":1},{"damage":38,"enemies":"Gremlin Nob","floor":9,"turns":4},{"damage":0,"enemies":"2 Fungi Beasts","floor":10,"turns":3},{"damage":16,"enemies":"2 Fungi Beasts","floor":11,"turns":5},{"damage":15,"enemies":"3 Sentries","floor":12,"turns":5},{"damage":7,"enemies":"Lots of Slimes","floor":13,"turns":3},{"damage":0,"enemies":"Exordium Thugs","floor":14,"turns":1},{"damage":0,"enemies":"2 Fungi Beasts","floor":15,"turns":3},{"damage":6,"enemies":"downfall:Silent","floor":16,"turns":1}],"seed_played":"-6488786823289759285","potions_obtained":[{"floor":6,"key":"BlessingOfTheForge"},{"floor":6,"key":"SmokeBomb"},{"floor":9,"key":"SkillPotion"},{"floor":12,"key":"hexamod:EctoCoolerPotion"},{"floor":13,"key":"EntropicBrew"}],"is_trial":false,"path_per_floor":["R_BF","M","M","?","?","?","T","M","E","M","?","E","M","M","M","B"],"character_chosen":"THE_SPIRIT","items_purchased":[],"campfire_rested":0,"item_purchase_floors":[],"current_hp_per_floor":[70,70,70,70,70,77,77,77,39,39,23,8,1,1,1,0,0,0],"gold":358,"neow_bonus":"THREE_ENEMY_KILL","is_daily":false,"chose_seed":false,"campfire_upgraded":0,"win_rate":0.0,"timestamp":1609938338,"path_taken":["R_BF","M","M","?","?","?","T","M","E","M","?","E","M","?","M","BOSS"],"items_purchased_type":[],"build_version":"2020-12-22","purchased_purges":0,"victory":false,"max_hp_per_floor":[70,70,70,70,70,77,77,77,77,77,77,77,77,77,77,77,77,77],"card_choices":[{"not_picked":["hexamod:NightmareStrike","hexamod:FastForward"],"picked":"hexamod:GhostLash","floor":2},{"not_picked":["hexamod:InspiringFlames","hexamod:Haunt"],"picked":"hexamod:Firestarter","floor":3},{"not_picked":["hexamod:SkipABeat","hexamod:Haunt"],"picked":"hexamod:NecessarySacrifice","floor":6},{"not_picked":["hexamod:GhostLash","hexamod:ShieldOfDarkness"],"picked":"hexamod:RadiantFlame","floor":8},{"not_picked":["hexamod:ShieldOfDarkness","hexamod:Hexaguard"],"picked":"hexamod:SpectersWail","floor":9},{"not_picked":["hexamod:SpectersWail","hexamod:SkipABeat"],"picked":"hexamod:GhostOfSpireFuture","floor":10},{"not_picked":["hexamod:Again","hexamod:SpectralAdrenaline"],"picked":"hexamod:PhantomFireball","floor":11},{"not_picked":["hexamod:ThermalTransfer","hexamod:ShieldOfDarkness"],"picked":"hexamod:BurningTouch","floor":12},{"not_picked":["hexamod:BacktrackSmack","hexamod:HeatShield"],"picked":"hexamod:NightmareStrike","floor":13},{"not_picked":["hexamod:NecessarySacrifice","hexamod:HeatShield"],"picked":"hexamod:WildfireWeapon","floor":15}],"player_experience":323343,"relics_obtained":[{"floor":4,"key":"Ring of Panic"},{"floor":4,"key":"Ring of Searing"},{"floor":6,"key":"Strawberry"},{"floor":9,"key":"Replay:Baseball"},{"floor":11,"key":"downfall:GremlinSack"},{"floor":12,"key":"Darkstone Periapt"}],"event_choices":[],"is_beta":false,"boss_relics":[],"items_purged_floors":[],"is_endless":false,"potions_floor_spawned":[9,12,13,14],"killed_by":"downfall:Silent","ascension_level":0}}