{"host":"Qube","time":1609912330,"event":{"mods":["AchievementEnabler","BaseMod","Colored Map","Colored Powertips","Minty Spire (QoL Compilation)","Quick Restart","Random Character Button","StSLib"],"gold_per_floor":[118,135,145,160,176,201,201,214,237,267,278,278,322,335,335,335,335],"floor_reached":16,"playtime":673,"items_purged":[],"score":221,"play_id":"d5d2045d-787b-4382-8513-bc3347215b17","local_time":"20210105215210","is_ascension_mode":true,"campfire_choices":[{"data":"Flame Barrier","floor":7,"key":"SMITH"},{"data":"Armaments","floor":12,"key":"SMITH"},{"floor":15,"key":"REST"}],"circlet_count":0,"master_deck":["AscendersBane","Strike_R","Strike_R","Strike_R","Strike_R","Strike_R","Defend_R","Defend_R","Defend_R+1","Defend_R+1","Bash","Flame Barrier+1","Cleave","Wild Strike","Wild Strike","Headbutt","Reaper","Armaments+1","Shrug It Off","Flame Barrier"],"relics":["Burning Blood","Happy Flower","War Paint","Peace Pipe","CeramicFish"],"acts_visited":["Exordium"],"potions_floor_usage":[6,8,13,16],"damage_taken":[{"damage":7.0,"enemies":"2 Louse","floor":1.0,"turns":4.0},{"damage":6.0,"enemies":"Cultist","floor":2.0,"turns":3.0},{"damage":1.0,"enemies":"Jaw Worm","floor":3.0,"turns":5.0},{"damage":12.0,"enemies":"Blue Slaver","floor":4.0,"turns":4.0},{"damage":12.0,"enemies":"Large Slime","floor":5.0,"turns":5.0},{"damage":30,"enemies":"Gremlin Nob","floor":6,"turns":4},{"damage":20,"enemies":"Gremlin Gang","floor":8,"turns":4},{"damage":14,"enemies":"3 Sentries","floor":10,"turns":7},{"damage":9,"enemies":"2 Fungi Beasts","floor":11,"turns":3},{"damage":53,"enemies":"Lagavulin","floor":13,"turns":8},{"damage":13,"enemies":"Red Slaver","floor":14,"turns":7},{"damage":54,"enemies":"Hexaghost","floor":16,"turns":15}],"seed_played":"-6796495255597857373","potions_obtained":[{"floor":1.0,"key":"BloodPotion"},{"floor":4.0,"key":"CultistPotion"},{"floor":6,"key":"Strength Potion"},{"floor":11,"key":"Fruit Juice"},{"floor":14,"key":"DuplicationPotion"}],"is_trial":false,"path_per_floor":["M","M","M","M","M","E","R","M","T","E","M","R","E","M","R","B"],"character_chosen":"IRONCLAD","items_purchased":[],"campfire_rested":1,"item_purchase_floors":[],"current_hp_per_floor":[74,74,79,73,67,43,43,53,53,49,46,46,21,18,42,0,0],"gold":335,"neow_bonus":"TEN_PERCENT_HP_BONUS","is_daily":false,"chose_seed":false,"campfire_upgraded":2,"win_rate":0.0,"timestamp":1609912330,"path_taken":["M","M","M","M","M","E","R","M","T","E","M","R","E","M","R","BOSS"],"items_purchased_type":[],"build_version":"2020-12-18","purchased_purges":0,"victory":false,"max_hp_per_floor":[82,82,82,82,82,82,82,82,82,82,82,82,82,82,82,82,82],"card_choices":[{"not_picked":["Evolve","Wild Strike"],"picked":"Flame Barrier","floor":1.0},{"not_picked":["Sword Boomerang","Evolve"],"picked":"Cleave","floor":2.0},{"not_picked":["Clothesline","Body Slam"],"picked":"Wild Strike","floor":3.0},{"not_picked":["Cleave","Combust"],"picked":"Wild Strike","floor":4.0},{"not_picked":["Clash","Cleave"],"picked":"Headbutt","floor":5.0},{"not_picked":["Brutality","Dropkick"],"picked":"Reaper","floor":6},{"not_picked":["Bloodletting","Flex","Heavy Blade"],"picked":"SKIP","floor":8},{"not_picked":["Iron Wave","Thunderclap"],"picked":"Armaments","floor":10},{"not_picked":["Battle Trance","Wild Strike"],"picked":"Shrug It Off","floor":11},{"not_picked":["Shrug It Off","Bludgeon"],"picked":"Flame Barrier","floor":13},{"not_picked":["Infernal Blade","Headbutt","Havoc"],"picked":"SKIP","floor":14}],"player_experience":810793,"relics_obtained":[{"floor":6,"key":"Happy Flower"},{"floor":9,"key":"War Paint"},{"floor":10,"key":"Peace Pipe"},{"floor":13,"key":"CeramicFish"}],"event_choices":[],"is_beta":true,"boss_relics":[],"items_purged_floors":[],"is_endless":false,"potions_floor_spawned":[1,4,6,11,14],"killed_by":"Hexaghost","ascension_level":15}}