{"host":"zksvs3x2ysy9npnz","time":1609971011,"event":{"mods":["Aspiration","BaseMod","Beaked The Cultist","BetterRewards","Clockwork Mod","Colored Map","Conspire","Downfall","Duelist Mod","Ekko","Halation","Highlight Path","Hubris","Hunter ??","Infinite Spire","Jedi Mod","JesterMod","Minty Spire (QoL Compilation)","Permanent Neow","Quick Restart","Relic Stats","Replay The Spire","Retaliation","Shade Mod","Shop Mod","StSLib"],"gold_per_floor":[99,99,99,119,11,46,58,95,40,52,87,187,200,232,246,320,320,320,320,338,338,406,406,484,484,4,22,56,56,56,89,106,185,185,185,196,210,225,61,61,85,85,104,104,104,104,117,131,143,143],"floor_reached":51,"playtime":3677,"items_purged":["Slimebound:Strike_Slimebound"],"score":1201,"play_id":"e9000c31-6c70-429a-9af4-7031ef7e2136","local_time":"20210106231011","is_ascension_mode":true,"campfire_choices":[{"data":"Slimebound:CorrosiveSpit","floor":1.0,"key":"SMITH"},{"data":"Slimebound:Recycling","floor":18.0,"key":"SMITH"},{"data":"Slimebound:FormOfPuddle","floor":21.0,"key":"SMITH"},{"data":"Slimebound:SamplingLick","floor":23.0,"key":"SMITH"},{"data":"Slimebound:GrowthPunch","floor":25.0,"key":"SMITH"},{"floor":29.0,"key":"RECALL"},{"data":"Slimebound:Recollect","floor":30.0,"key":"SMITH"},{"data":"Slimebound:SelfFormingGoo","floor":35.0,"key":"SMITH"},{"data":"Slimebound:OneTwoCombo","floor":40.0,"key":"SMITH"},{"data":"expansioncontent:DefensiveMode","floor":46,"key":"SMITH"}],"circlet_count":0,"master_deck":["AscendersBane","Slimebound:Strike_Slimebound","Slimebound:Strike_Slimebound","Slimebound:Tackle","Slimebound:Defend_Slimebound","Slimebound:Defend_Slimebound","Slimebound:Defend_Slimebound","Slimebound:Defend_Slimebound","Slimebound:Split","Slimebound:CorrosiveSpit+1","expansioncontent:ChargeUp","Slimebound:Schlurp","Slimebound:LeechEnergy","Slimebound:ItLooksTasty","Slimebound:SlimeSpikes","Slimebound:OneTwoCombo+1","Slimebound:LevelUp","Slimebound:SplitAcid","Slimebound:SplitLeeching","Slimebound:GrowthPunch+1","Slimebound:SlimeSpikes","Slimebound:FormOfPuddle+1","Slimebound:Recycling+1","Slimebound:SamplingLick+1","Slimebound:LeechEnergy","Slimebound:TongueLash","Slimebound:SpikyOuterGoop","Slimebound:Recollect+1","Slimebound:SelfFormingGoo+1","Slimebound:SlimeSpikes","expansioncontent:DefensiveMode+1","beaked:Insight"],"relics":["Slimebound:AbsorbEndCombat","Unceasing Top","hubris:Towel","MawBank","Gambling Chip","jedi:arcanewood","aspiration:HiddenCompartment","White Beast Statue","Pen Nib","jedi:hotpepper","aspiration:RitualStick","hubris:DisguiseKit","conspire:BottledYoYo","aspiration:FetidBarrel","Incense Burner","hubris:ToyBattleship","aspiration:PoetsPen_weak","Lee\u0027s Waffle","infinitespire:Lucky Rock","Snake Skull"],"acts_visited":["Exordium","TheCity","TheBeyond"],"potions_floor_usage":[],"damage_taken":[{"damage":14.0,"enemies":"Small Slimes","floor":4.0,"turns":4.0},{"damage":9.0,"enemies":"downfall:FleeingMerchant","floor":5.0,"turns":4.0},{"damage":17.0,"enemies":"Lagavulin","floor":6.0,"turns":6.0},{"damage":35.0,"enemies":"3 Sentries","floor":8.0,"turns":10.0},{"damage":22.0,"enemies":"downfall:FleeingMerchant","floor":9.0,"turns":4.0},{"damage":7.0,"enemies":"2 Louse","floor":10.0,"turns":2.0},{"damage":21.0,"enemies":"Gremlin Nob","floor":11.0,"turns":4.0},{"damage":16.0,"enemies":"downfall:LadyInBlue","floor":12.0,"turns":6.0},{"damage":16.0,"enemies":"Jaw Worm","floor":13.0,"turns":2.0},{"damage":12.0,"enemies":"Replay:BlueRogue","floor":14.0,"turns":6.0},{"damage":42.0,"enemies":"Exordium Thugs","floor":15.0,"turns":5.0},{"damage":22.0,"enemies":"downfall:Silent","floor":16.0,"turns":9.0},{"damage":28.0,"enemies":"Shell Parasite","floor":20.0,"turns":4.0},{"damage":21.0,"enemies":"downfall:FleeingMerchant","floor":26.0,"turns":4.0},{"damage":8.0,"enemies":"Spheric Guardian","floor":27.0,"turns":2.0},{"damage":41.0,"enemies":"Slavers","floor":28.0,"turns":5.0},{"damage":16.0,"enemies":"Book of Stabbing","floor":31.0,"turns":4.0},{"damage":23.0,"enemies":"Shelled Parasite and Fungi","floor":32.0,"turns":3.0},{"damage":30.0,"enemies":"downfall:Watcher","floor":33.0,"turns":6.0},{"damage":21.0,"enemies":"Orb Walker","floor":36.0,"turns":3.0},{"damage":4.0,"enemies":"3 Darklings","floor":37.0,"turns":4.0},{"damage":19.0,"enemies":"Spire Growth","floor":38.0,"turns":4.0},{"damage":0.0,"enemies":"downfall:FleeingMerchant","floor":39.0,"turns":4.0},{"damage":17,"enemies":"Writhing Mass","floor":43,"turns":5},{"damage":6,"enemies":"Jaw Worm Horde","floor":47,"turns":3},{"damage":9,"enemies":"3 Darklings","floor":48,"turns":4},{"damage":20,"enemies":"Writhing Mass","floor":49,"turns":7},{"damage":32,"enemies":"downfall:Ironclad","floor":50,"turns":8}],"seed_played":"4470642081055026916","potions_obtained":[{"floor":6.0,"key":"Dexterity Potion"},{"floor":10.0,"key":"BlessingOfTheForge"},{"floor":12.0,"key":"DDmod:CleansePotion"},{"floor":26.0,"key":"Fruit Juice"},{"floor":27.0,"key":"ColorlessPotion"},{"floor":28.0,"key":"EntropicBrew"}],"is_trial":false,"path_per_floor":["R","?","?","M","$","E","T","E","$","M","E","?","M","E","M","B",null,"R_BF","?","M","R","T","R","T","R","$","M","E","R","R","E","M","B",null,"R","M","M","M","$","R","T","?","M","?","?","R","M","M","M","B",null],"character_chosen":"SLIMEBOUND","items_purchased":["Slimebound:ItLooksTasty","Slimebound:SlimeSpikes","Slimebound:SplitAcid","aspiration:FetidBarrel","Slimebound:TongueLash","Slimebound:SpikyOuterGoop","Lee\u0027s Waffle"],"campfire_rested":0,"item_purchase_floors":[5,5,9,26,26,26,39],"current_hp_per_floor":[54,54,54,60,60,60,60,60,57,58,53,60,52,60,40,60,45,45,36,32,32,32,32,32,32,48,48,43,43,43,44,48,48,48,48,47,48,48,52,52,52,37,32,32,32,32,52,52,48,52],"gold":143,"neow_bonus":"RANDOM_COLORLESS","is_daily":false,"chose_seed":false,"campfire_upgraded":9,"win_rate":0.0,"timestamp":1609971011,"path_taken":["R","?","?","?","?","E","T","E","$","?","E","?","?","E","M","BOSS","R_BF","?","?","?","?","R","T","R","$","?","E","?","R","E","M","BOSS","R","M","M","M","$","R","T","?","?","?","?","R","M","?","M","BOSS"],"items_purchased_type":["Card","Card","Card","Relic","Card","Card","Relic"],"build_version":"2020-12-22","purchased_purges":1,"victory":true,"max_hp_per_floor":[60,60,60,60,60,60,60,60,60,60,60,60,60,60,60,60,45,45,45,45,45,45,45,45,45,48,48,48,48,48,48,48,48,48,48,48,48,48,52,52,52,52,52,52,52,52,52,52,52,52],"relic_stats":{"Lee\u0027s Waffle":4,"counters":[28,131],"Gambling Chip":[32],"Pen Nib":[18],"Snake Skull":[84],"MawBank":36,"obtain_stats":[{"hubris:DisguiseKit":22,"jedi:command_common":42,"Lee\u0027s Waffle":39,"aspiration:FetidBarrel":26,"Pen Nib":14,"aspiration:PoetsPen_weak":34,"Snake Skull":42,"Incense Burner":28,"infinitespire:Lucky Rock":41,"hubris:Towel":3,"MawBank":6,"aspiration:HiddenCompartment":11,"White Beast Statue":12,"aspiration:RitualStick":19,"jedi:hotpepper":17,"Gambling Chip":7,"Slimebound:AbsorbEndCombat":0,"conspire:BottledYoYo":24,"hubris:ToyBattleship":31,"jedi:arcanewood":8,"Unceasing Top":2},{"hubris:DisguiseKit":13,"jedi:command_common":23,"Lee\u0027s Waffle":23,"aspiration:FetidBarrel":14,"Pen Nib":10,"aspiration:PoetsPen_weak":19,"Snake Skull":23,"Incense Burner":16,"infinitespire:Lucky Rock":23,"hubris:Towel":0,"MawBank":3,"aspiration:HiddenCompartment":7,"White Beast Statue":8,"aspiration:RitualStick":12,"jedi:hotpepper":12,"Gambling Chip":3,"Slimebound:AbsorbEndCombat":0,"conspire:BottledYoYo":13,"hubris:ToyBattleship":17,"jedi:arcanewood":4,"Unceasing Top":0},{"hubris:DisguiseKit":66,"jedi:command_common":105,"Lee\u0027s Waffle":105,"aspiration:FetidBarrel":70,"Pen Nib":48,"aspiration:PoetsPen_weak":90,"Snake Skull":105,"Incense Burner":77,"infinitespire:Lucky Rock":105,"hubris:Towel":0,"MawBank":14,"aspiration:HiddenCompartment":34,"White Beast Statue":40,"aspiration:RitualStick":62,"jedi:hotpepper":62,"Gambling Chip":14,"Slimebound:AbsorbEndCombat":0,"conspire:BottledYoYo":66,"hubris:ToyBattleship":81,"jedi:arcanewood":24,"Unceasing Top":0}],"Unceasing Top":[12],"aspiration:RitualStick":[5]},"card_choices":[{"not_picked":["Blind","Madness"],"picked":"expansioncontent:ChargeUp","floor":0.0},{"not_picked":["Slimebound:ComboTackle","Slimebound:PressTheAttack"],"picked":"Slimebound:Schlurp","floor":4.0},{"not_picked":["Slimebound:SplitBruiser","Slimebound:Schlurp"],"picked":"Slimebound:LeechEnergy","floor":5.0},{"not_picked":["Slimebound:MegaLick","Slimebound:RollThrough"],"picked":"Slimebound:OneTwoCombo","floor":6.0},{"not_picked":["Slimebound:HungryTackle","Slimebound:SplitLeeching"],"picked":"Slimebound:LevelUp","floor":8.0},{"not_picked":["Slimebound:ViciousTackle","Slimebound:RainOfGoop","Slimebound:MegaLick"],"picked":"SKIP","floor":9.0},{"not_picked":["Slimebound:Schlurp","Slimebound:ViciousTackle"],"picked":"Slimebound:SplitLeeching","floor":10.0},{"not_picked":["Slimebound:SlimeBrawl","Slimebound:DisruptingSlam"],"picked":"Slimebound:GrowthPunch","floor":11.0},{"not_picked":["Slimebound:LeechEnergy","Slimebound:FinishingTackle"],"picked":"Slimebound:SlimeSpikes","floor":12.0},{"not_picked":["Slimebound:ComboTackle","Slimebound:PressTheAttack","Slimebound:ViciousTackle"],"picked":"SKIP","floor":13.0},{"not_picked":["Slimebound:SplitLeeching","Slimebound:Equalize"],"picked":"Slimebound:FormOfPuddle","floor":14.0},{"not_picked":["Slimebound:SplitBruiser","Slimebound:ComboTackle","Slimebound:SplitAcid"],"picked":"SKIP","floor":15.0},{"not_picked":["Slimebound:SelfFormingGoo","Slimebound:PrepareCrush"],"picked":"Slimebound:Recycling","floor":16.0},{"not_picked":["Slimebound:DisruptingSlam+1","Slimebound:HauntingLick"],"picked":"Slimebound:SamplingLick","floor":20.0},{"not_picked":["Slimebound:PrepareCrush","Slimebound:LeechingTouch","beaked:MachineEssence"],"picked":"Slimebound:LeechEnergy","floor":26.0},{"not_picked":["Slimebound:GrowthPunch","Slimebound:SlimeSpikes","beaked:DigDeep"],"picked":"Slimebound:Recollect","floor":27.0},{"not_picked":["Slimebound:SlimeTap","Slimebound:Repurpose","Slimebound:ForwardTackle","beaked:Redirect"],"picked":"SKIP","floor":28.0},{"not_picked":["Slimebound:MegaLick","Slimebound:SplitAcid","Slimebound:MassFeed","beaked:Redirect"],"picked":"SKIP","floor":31.0},{"not_picked":["Slimebound:SplitLeeching","Slimebound:SplitAcid","Slimebound:GoopSpray","ReplayTheSpireMod:RavenHex"],"picked":"SKIP","floor":32.0},{"not_picked":["Slimebound:PrepareCrush","Slimebound:MinionMaster","beaked:MachineEssence"],"picked":"Slimebound:SelfFormingGoo","floor":33.0},{"not_picked":["Slimebound:Grow","Slimebound:GrowthPunch+1","Slimebound:LeechEnergy","beaked:DesperateSwing"],"picked":"SKIP","floor":36.0},{"not_picked":["Slimebound:LeechingTouch","Slimebound:SplitMire","Slimebound:RollThrough","beaked:MimicMachine"],"picked":"SKIP","floor":37.0},{"not_picked":["Slimebound:LevelUp","Slimebound:SplitLeeching+1","beaked:Molting"],"picked":"Slimebound:SlimeSpikes","floor":38.0},{"not_picked":["Slimebound:RollThrough+1","Slimebound:SplitAcid","Slimebound:DuplicatedForm","beaked:Cower"],"picked":"SKIP","floor":39.0},{"not_picked":["Slimebound:SplitAcid","Slimebound:PressTheAttack+1","Slimebound:SplitBruiser+1","beaked:StickSmack"],"picked":"SKIP","floor":43},{"not_picked":["Replay:SS_hec_4","expansioncontent:SuperHexaguard"],"picked":"expansioncontent:DefensiveMode","floor":45},{"not_picked":["Slimebound:Prepare","Slimebound:SplitBruiser","Slimebound:DisruptingSlam"],"picked":"beaked:Insight","floor":47},{"not_picked":["Slimebound:AcidTongue+1","Slimebound:LeadByExample","Slimebound:ComboTackle","beaked:CrazyRituals"],"picked":"SKIP","floor":48},{"not_picked":["Slimebound:ComboTackle+1","Slimebound:Chomp","Slimebound:GoopTackle","beaked:Windmill"],"picked":"SKIP","floor":49}],"player_experience":1778219,"relics_obtained":[{"floor":6.0,"key":"MawBank"},{"floor":7.0,"key":"Gambling Chip"},{"floor":8.0,"key":"jedi:arcanewood"},{"floor":11.0,"key":"aspiration:HiddenCompartment"},{"floor":12.0,"key":"White Beast Statue"},{"floor":14.0,"key":"Pen Nib"},{"floor":22.0,"key":"hubris:DisguiseKit"},{"floor":24.0,"key":"conspire:BottledYoYo"},{"floor":28.0,"key":"Incense Burner"},{"floor":31.0,"key":"hubris:ToyBattleship"},{"floor":41.0,"key":"infinitespire:Lucky Rock"}],"event_choices":[],"is_beta":false,"boss_relics":[{"not_picked":["hubris:RunicObelisk","Coffee Dripper"],"picked":"jedi:hotpepper"},{"not_picked":["Replay:Bronze Core","Honey Jar"],"picked":"aspiration:PoetsPen_weak"}],"items_purged_floors":[26],"is_endless":false,"potions_floor_spawned":[6,10,12,13,14,15,16,20,26,27,28,31,32,33,36,37,38,39,43,47,48,49],"ascension_level":13}}