{"host":"raaimkojny05jekw","time":1609923421,"event":{"mods":["AchievementEnabler","BaseMod","Colored Map","Colored Powertips","DeckTracker","Minty Spire (QoL Compilation)","Quick Restart","Rare Cards Sparkle","everything is the same but u backflip on backflip"],"gold_per_floor":[111,131,146,160,160,160,170,170,196,228,245,245,141,141,141,141,141],"floor_reached":16,"playtime":425,"items_purged":["Strike_G"],"score":204,"play_id":"f04e69e3-18f9-42a9-9115-4f3897b52d43","local_time":"20210106175701","is_ascension_mode":true,"campfire_choices":[{"data":"Corpse Explosion","floor":6,"key":"SMITH"},{"data":"Poisoned Stab","floor":8,"key":"SMITH"},{"data":"Bullet Time","floor":12,"key":"SMITH"},{"data":"Deadly Poison","floor":15,"key":"SMITH"}],"circlet_count":0,"master_deck":["AscendersBane","Strike_G","Strike_G","Strike_G","Strike_G","Defend_G","Defend_G","Defend_G","Defend_G","Defend_G","Survivor","Neutralize","Corpse Explosion+1","Dodge and Roll","Masterful Stab","Dagger Spray","Poisoned Stab+1","Acrobatics","Bullet Time+1","Flying Knee","Deadly Poison+1"],"relics":["Ring of the Snake","Strawberry","Orichalcum"],"acts_visited":["Exordium"],"potions_floor_usage":[4,7,10,10,16],"damage_taken":[{"damage":6,"enemies":"Cultist","floor":1,"turns":4},{"damage":0,"enemies":"2 Louse","floor":2,"turns":2},{"damage":5,"enemies":"Small Slimes","floor":3,"turns":3},{"damage":3,"enemies":"Exordium Wildlife","floor":4,"turns":2},{"damage":8,"enemies":"Large Slime","floor":7,"turns":5},{"damage":19,"enemies":"Gremlin Nob","floor":10,"turns":4},{"damage":2,"enemies":"3 Louse","floor":11,"turns":2},{"damage":30,"enemies":"Slime Boss","floor":16,"turns":7}],"seed_played":"864266391668335443","potions_obtained":[{"floor":1,"key":"LiquidMemories"},{"floor":3,"key":"BlessingOfTheForge"},{"floor":5,"key":"SkillPotion"},{"floor":7,"key":"SpeedPotion"},{"floor":10,"key":"Poison Potion"}],"is_trial":false,"path_per_floor":["M","M","M","M","?","R","M","R","T","E","M","R","$","?","R","B"],"character_chosen":"THE_SILENT","items_purchased":["Deadly Poison"],"campfire_rested":0,"item_purchase_floors":[13],"current_hp_per_floor":[53,53,48,45,45,45,37,37,44,25,23,23,23,28,28,0,0],"gold":141,"neow_bonus":"ONE_RANDOM_RARE_CARD","is_daily":false,"chose_seed":false,"campfire_upgraded":4,"win_rate":0.0,"timestamp":1609923421,"path_taken":["M","M","M","M","?","R","?","R","T","E","M","R","$","?","R","BOSS"],"items_purchased_type":["Card"],"build_version":"2020-12-22","purchased_purges":1,"victory":false,"max_hp_per_floor":[66,66,66,66,66,66,66,66,73,73,73,73,73,78,78,78,78],"card_choices":[{"not_picked":["Predator","Flechettes"],"picked":"Dodge and Roll","floor":1},{"not_picked":["Terror","Setup"],"picked":"Masterful Stab","floor":2},{"not_picked":["Flying Knee","Cloak And Dagger"],"picked":"Dagger Spray","floor":3},{"not_picked":["Terror","Endless Agony"],"picked":"Poisoned Stab","floor":4},{"not_picked":["Terror","Cloak And Dagger"],"picked":"Acrobatics","floor":7},{"not_picked":["Prepared","Storm of Steel"],"picked":"Bullet Time","floor":10},{"not_picked":["Flechettes","Terror"],"picked":"Flying Knee","floor":11}],"player_experience":722272,"relics_obtained":[{"floor":9,"key":"Strawberry"},{"floor":10,"key":"Orichalcum"}],"event_choices":[{"damage_healed":0,"gold_gain":0,"player_choice":"Got Potions","damage_taken":0,"max_hp_gain":0,"max_hp_loss":0,"event_name":"Lab","floor":5,"gold_loss":0},{"damage_healed":0,"gold_gain":0,"player_choice":"Donut","damage_taken":0,"max_hp_gain":5,"max_hp_loss":0,"event_name":"Big Fish","floor":14,"gold_loss":0}],"is_beta":false,"boss_relics":[],"items_purged_floors":[13],"is_endless":false,"potions_floor_spawned":[1,3,7,10],"killed_by":"Slime Boss","ascension_level":20}}