{"host":"4rvakrj1idbgia3f","time":1609906299,"event":{"mods":["BaseMod","Colored Map","Colored Powertips","DeckTracker","Highlight Path","Minty Spire (QoL Compilation)","Random Character Button","StSLib"],"gold_per_floor":[113,125,135,154,154,154,179,179,179,195,195,120,120,145,145,145,145],"floor_reached":16,"playtime":593,"items_purged":["Strike_R"],"score":220,"play_id":"5770efbb-10d8-48ee-a735-63a412010974","local_time":"20210106131139","is_ascension_mode":true,"campfire_choices":[{"data":"Wild Strike","floor":6.0,"key":"SMITH"},{"data":"True Grit","floor":11,"key":"SMITH"},{"floor":13,"key":"REST"},{"data":"Shockwave","floor":15,"key":"SMITH"}],"circlet_count":0,"master_deck":["AscendersBane","Strike_R+1","Strike_R+1","Strike_R","Strike_R","Defend_R","Defend_R","Defend_R","Bash+1","Cleave","Headbutt","Shockwave+1","Wild Strike+1","Feed","True Grit+1"],"relics":["Burning Blood","Calipers","WingedGreaves","Thread and Needle"],"acts_visited":["Exordium"],"potions_floor_usage":[16],"damage_taken":[{"damage":1.0,"enemies":"Cultist","floor":1.0,"turns":3.0},{"damage":9.0,"enemies":"Jaw Worm","floor":2.0,"turns":4.0},{"damage":7.0,"enemies":"Small Slimes","floor":3.0,"turns":3.0},{"damage":13.0,"enemies":"Exordium Wildlife","floor":4.0,"turns":4.0},{"damage":20.0,"enemies":"Lagavulin","floor":7.0,"turns":6.0},{"damage":17.0,"enemies":"3 Louse","floor":10.0,"turns":3.0},{"damage":21,"enemies":"3 Sentries","floor":14,"turns":6},{"damage":46,"enemies":"The Guardian","floor":16,"turns":9}],"seed_played":"-5408514526934109680","potions_obtained":[{"floor":2.0,"key":"GamblersBrew"},{"floor":10,"key":"PowerPotion"},{"floor":14,"key":"FairyPotion"}],"is_trial":false,"path_per_floor":["M","M","M","M","?","R","E","?","T","M","R","$","R","E","R","B"],"character_chosen":"IRONCLAD","items_purchased":[],"campfire_rested":1,"item_purchase_floors":[],"current_hp_per_floor":[73,70,69,62,55,55,41,18,18,7,7,7,29,17,17,0,0],"gold":145,"neow_bonus":"UPGRADE_CARD","is_daily":false,"chose_seed":false,"campfire_upgraded":3,"win_rate":0.0,"timestamp":1609906299,"path_taken":["M","M","?","M","?","R","E","?","T","M","R","$","R","E","R","BOSS"],"items_purchased_type":[],"build_version":"2020-12-22","purchased_purges":1,"victory":false,"max_hp_per_floor":[75,75,75,75,75,75,75,75,75,75,75,75,75,78,78,78,78],"card_choices":[{"not_picked":["Sword Boomerang","Headbutt"],"picked":"Cleave","floor":1.0},{"not_picked":["Dropkick","Perfected Strike"],"picked":"Headbutt","floor":2.0},{"not_picked":["Headbutt","True Grit"],"picked":"Shockwave","floor":3.0},{"not_picked":["Iron Wave","Headbutt"],"picked":"Wild Strike","floor":4.0},{"not_picked":["Blood for Blood","Pommel Strike"],"picked":"Feed","floor":7.0},{"not_picked":["Sword Boomerang","Seeing Red"],"picked":"True Grit","floor":10},{"not_picked":["Armaments","Thunderclap","Reckless Charge"],"picked":"SKIP","floor":14}],"player_experience":1943392,"relics_obtained":[{"floor":7.0,"key":"Calipers"},{"floor":9.0,"key":"WingedGreaves"},{"floor":14,"key":"Thread and Needle"}],"event_choices":[{"cards_removed":["Defend_R"],"damage_healed":0.0,"max_hp_gain":0.0,"max_hp_loss":0.0,"gold_gain":0.0,"event_name":"Golden Wing","player_choice":"Card Removal","floor":5.0,"gold_loss":0.0,"damage_taken":7.0},{"damage_healed":0.0,"max_hp_gain":0.0,"max_hp_loss":0.0,"gold_gain":0.0,"event_name":"Shining Light","player_choice":"Entered Light","floor":8.0,"gold_loss":0.0,"damage_taken":23.0,"cards_upgraded":["Strike_R","Strike_R"]}],"is_beta":false,"boss_relics":[],"items_purged_floors":[12],"is_endless":false,"potions_floor_spawned":[2,10,14],"killed_by":"The Guardian","ascension_level":20}}