{"host":"tfkz8stxzb1up54p","time":1609950614,"event":{"mods":["AchievementEnabler","Ascension Unlocker","BaseMod","Better Note","Block Reminder","Colored Powertips","Curses Come First","Disable Question Mark Monsters","Displayed Cursed Tome","Emptier Cage","Gold Saver","Gremlin Skip","Highlight Path","Minty Spire (QoL Compilation)","Permanent Neow","StSLib"],"gold_per_floor":[1177,1192,1207,1207,1222,1222,1237,1252,1327,1327,1327,1327,649,679,679,779,779,794,809,809,824,824,824,839,854,879,879,381,396,426,441,441,541,541,556,556,571,586,601,601,493,529,579,594,594,609,609,639,639,639],"floor_reached":51,"playtime":5169,"items_purged":["Defend_P","Strike_P","Strike_P"],"score":902,"play_id":"646670f7-3623-4f30-bc91-57158a5bb478","local_time":"20210106163014","daily_mods":["Cursed Run","Uncertain Future","Binary"],"is_ascension_mode":false,"campfire_choices":[{"data":"Eruption","floor":6,"key":"SMITH"},{"data":"Vigilance","floor":11,"key":"SMITH"},{"data":"Trip","floor":15,"key":"SMITH"},{"data":"Perseverance","floor":23,"key":"SMITH"},{"data":"ClearTheMind","floor":32,"key":"SMITH"},{"data":"Jack Of All Trades","floor":45,"key":"SMITH"},{"data":"WheelKick","floor":47,"key":"SMITH"},{"data":"Brilliance","floor":49,"key":"SMITH"}],"circlet_count":0,"master_deck":["Defend_P+1","Defend_P+1","Eruption+1","Vigilance+1","Sanctity+1","Consecrate+1","WheelKick+1","Clumsy","Trip+1","WheelKick+1","Master of Strategy+1","FollowUp+1","Pain","Wireheading+1","ForeignInfluence+1","LessonLearned+1","Perseverance+1","Clumsy","Sanctity+1","Writhe","ClearTheMind+1","Consecrate+1","Injury","CrushJoints+1","SandsOfTime+1","Consecrate+1","Regret","Brilliance+1","Jack Of All Trades+1","Regret","Pain"],"relics":["Cursed Key","Darkstone Periapt","Du-Vu Doll","PreservedInsect","Matryoshka","Spirit Poop","Vajra","Damaru","Eternal Feather","Astrolabe","Yang","Bottled Lightning","Oddly Smooth Stone","Mummified Hand","Happy Flower","Membership Card","Blue Candle","Mango","Pen Nib","Busted Crown","Unceasing Top","Regal Pillow","Gremlin Horn"],"acts_visited":["Exordium","TheCity","TheBeyond"],"potions_floor_usage":[8,19,33,42,50,50],"damage_taken":[{"damage":0,"enemies":"Small Slimes","floor":1,"turns":2},{"damage":0,"enemies":"2 Louse","floor":2,"turns":2},{"damage":0,"enemies":"Cultist","floor":3,"turns":4},{"damage":2,"enemies":"2 Fungi Beasts","floor":5,"turns":4},{"damage":7,"enemies":"Blue Slaver","floor":7,"turns":3},{"damage":0,"enemies":"Exordium Wildlife","floor":8,"turns":1},{"damage":0,"enemies":"Lagavulin","floor":14,"turns":3},{"damage":20,"enemies":"The Guardian","floor":16,"turns":3},{"damage":17,"enemies":"Spheric Guardian","floor":18,"turns":5},{"damage":5,"enemies":"3 Byrds","floor":19,"turns":2},{"damage":4,"enemies":"Snecko","floor":21,"turns":2},{"damage":9,"enemies":"Sentry and Sphere","floor":24,"turns":4},{"damage":4,"enemies":"3 Cultists","floor":25,"turns":2},{"damage":0,"enemies":"Centurion and Healer","floor":29,"turns":4},{"damage":3,"enemies":"Gremlin Leader","floor":30,"turns":3},{"damage":6,"enemies":"Snake Plant","floor":31,"turns":3},{"damage":23,"enemies":"Automaton","floor":33,"turns":4},{"damage":0,"enemies":"Orb Walker","floor":35,"turns":1},{"damage":11,"enemies":"3 Shapes","floor":37,"turns":5},{"damage":2,"enemies":"3 Darklings","floor":38,"turns":3},{"damage":1,"enemies":"Sphere and 2 Shapes","floor":39,"turns":3},{"damage":9,"enemies":"2 Orb Walkers","floor":42,"turns":2},{"damage":1,"enemies":"Transient","floor":44,"turns":5},{"damage":1,"enemies":"Jaw Worm Horde","floor":46,"turns":1},{"damage":1,"enemies":"Reptomancer","floor":48,"turns":2},{"damage":14,"enemies":"Awakened One","floor":50,"turns":4}],"seed_played":"-5218424555718163201","potions_obtained":[{"floor":2,"key":"Regen Potion"},{"floor":3,"key":"Ancient Potion"},{"floor":7,"key":"Fire Potion"},{"floor":14,"key":"StancePotion"},{"floor":19,"key":"StancePotion"},{"floor":38,"key":"ColorlessPotion"},{"floor":42,"key":"AttackPotion"},{"floor":44,"key":"StancePotion"}],"is_trial":false,"path_per_floor":["M","M","M","?","M","R","M","M","T","?","R","?","$","E","R","B",null,"M","M","T","M","?","R","M","M","T","?","$","M","E","M","R","B",null,"M","?","M","M","M","?","$","?","T","M","R","M","R","E","R","B",null],"character_chosen":"WATCHER","items_purchased":["Vajra","Damaru","Trip","WheelKick","Master of Strategy","Membership Card","Blue Candle","Mango","CrushJoints","Jack Of All Trades"],"campfire_rested":0,"item_purchase_floors":[13,13,13,13,13,28,28,28,28,41],"current_hp_per_floor":[72,72,72,78,76,76,69,69,75,75,75,75,75,75,84,70,90,73,73,79,75,81,93,84,80,86,86,100,100,97,91,106,89,128,128,128,117,115,114,104,104,95,101,100,118,117,134,133,134,126],"gold":639,"neow_bonus":"","is_daily":true,"chose_seed":false,"campfire_upgraded":8,"win_rate":0.0,"timestamp":1609950614,"path_taken":["M","M","M","?","M","R","M","M","T","?","R","?","$","E","R","BOSS","M","M","?","M","?","R","M","M","T","?","$","M","E","M","R","BOSS","M","?","M","M","M","?","$","?","T","M","R","M","R","E","R","BOSS"],"items_purchased_type":["Relic","Relic","Card","Card","Card","Relic","Relic","Relic","Card","Card"],"build_version":"2020-12-22","purchased_purges":3,"victory":true,"max_hp_per_floor":[72,72,72,78,78,78,78,78,84,84,84,84,84,84,84,90,90,90,90,96,96,102,102,102,102,108,108,122,122,122,122,122,128,128,128,128,128,128,128,128,128,128,134,134,134,134,134,134,134,140],"card_choices":[{"not_picked":["EmptyFist","CutThroughFate"],"picked":"SKIP","floor":1},{"not_picked":["PathToVictory"],"picked":"Sanctity","floor":2},{"not_picked":["ThirdEye"],"picked":"Consecrate","floor":3},{"not_picked":["PathToVictory","Indignation"],"picked":"SKIP","floor":5},{"not_picked":["Protect","Indignation"],"picked":"SKIP","floor":7},{"not_picked":["Brilliance"],"picked":"WheelKick","floor":8},{"not_picked":["Halt"],"picked":"FollowUp","floor":14},{"not_picked":["FlyingSleeves"],"picked":"Perseverance","floor":18},{"not_picked":["WreathOfFlame","EmptyBody"],"picked":"SKIP","floor":19},{"not_picked":["CrushJoints"],"picked":"Sanctity+1","floor":21},{"not_picked":["FlurryOfBlows"],"picked":"ClearTheMind","floor":24},{"not_picked":["BowlingBash+1"],"picked":"Consecrate+1","floor":25},{"not_picked":["CutThroughFate"],"picked":"SandsOfTime","floor":29},{"not_picked":["FearNoEvil"],"picked":"Consecrate+1","floor":30},{"not_picked":["Wireheading","DeceiveReality"],"picked":"SKIP","floor":31},{"not_picked":["DeusExMachina"],"picked":"Brilliance","floor":33}],"player_experience":1311963,"relics_obtained":[{"floor":9,"key":"Matryoshka"},{"floor":14,"key":"Eternal Feather"},{"floor":20,"key":"Yang"},{"floor":20,"key":"Bottled Lightning"},{"floor":26,"key":"Mummified Hand"},{"floor":26,"key":"Happy Flower"},{"floor":30,"key":"Pen Nib"},{"floor":42,"key":"Unceasing Top"},{"floor":43,"key":"Regal Pillow"},{"floor":48,"key":"Gremlin Horn"}],"event_choices":[{"damage_healed":0,"gold_gain":0,"player_choice":"Box","damage_taken":0,"relics_obtained":["PreservedInsect"],"max_hp_gain":0,"max_hp_loss":0,"event_name":"Big Fish","floor":4,"gold_loss":0,"cards_obtained":["Regret"]},{"damage_healed":0,"gold_gain":0,"player_choice":"Grow","damage_taken":0,"max_hp_gain":0,"max_hp_loss":0,"event_name":"Living Wall","floor":10,"gold_loss":0,"cards_upgraded":["WheelKick"]},{"cards_removed":["Regret"],"damage_healed":0,"gold_gain":0,"player_choice":"Offered Curse","damage_taken":0,"relics_obtained":["Spirit Poop"],"max_hp_gain":0,"max_hp_loss":0,"event_name":"Bonfire Elementals","floor":12,"gold_loss":0},{"damage_healed":0,"gold_gain":0,"player_choice":"Opened","damage_taken":0,"relics_obtained":["Oddly Smooth Stone"],"max_hp_gain":0,"max_hp_loss":0,"event_name":"The Mausoleum","floor":22,"gold_loss":0,"cards_obtained":["Writhe"]},{"damage_healed":0,"gold_gain":0,"player_choice":"Ignored","damage_taken":0,"max_hp_gain":0,"max_hp_loss":0,"event_name":"Vampires","floor":27,"gold_loss":0},{"damage_healed":0,"gold_gain":0,"player_choice":"Ignored","damage_taken":0,"max_hp_gain":0,"max_hp_loss":0,"event_name":"Tomb of Lord Red Mask","floor":36,"gold_loss":0},{"damage_healed":0,"gold_gain":0,"player_choice":"Memory 3","damage_taken":10,"max_hp_gain":0,"max_hp_loss":0,"event_name":"SensoryStone","floor":40,"gold_loss":0},{"damage_healed":0,"gold_gain":0,"player_choice":"Fight","damage_taken":0,"max_hp_gain":0,"max_hp_loss":0,"event_name":"Mysterious Sphere","floor":42,"gold_loss":0}],"is_beta":false,"boss_relics":[{"not_picked":["Philosopher\u0027s Stone","Fusion Hammer"],"picked":"Astrolabe"},{"not_picked":["Snecko Eye","Sozu"],"picked":"Busted Crown"}],"items_purged_floors":[13,28,41],"is_endless":false,"potions_floor_spawned":[2,3,7,14,16,19,24,29,31,38,42,44,48],"ascension_level":0}}