{"host":"w01zow3jg16g8jdh","time":1609955570,"event":{"mods":["AchievementEnabler","BaseMod","DeckTracker","Keyboard Shortcuts","Minty Spire (QoL Compilation)","Permanent Neow","StSLib","SuperFastMode"],"gold_per_floor":[118,118,168,179,104,104,119,137,137,137,166,4,18,31,31,102,102,115,131,11,11,28,28,362,374,374,374,424,443,474,148,148,148,148,161,173,25,25,25,50,0,0,0,13,13,44,58,72,72,72,72,72,72,30,56,56],"floor_reached":57,"playtime":2536,"items_purged":["Riddle With Holes","Sucker Punch","Unload+1"],"score":3179,"play_id":"50f66ef9-1fc3-421f-86b7-7284c724e0f3","local_time":"20210107025250","is_ascension_mode":true,"campfire_choices":[{"data":"Dagger Spray","floor":6.0,"key":"SMITH"},{"data":"Neutralize","floor":10.0,"key":"SMITH"},{"data":"Tactician","floor":15.0,"key":"SMITH"},{"data":"Acrobatics","floor":23.0,"key":"SMITH"},{"data":"Acrobatics","floor":27.0,"key":"SMITH"},{"data":"Malaise","floor":32.0,"key":"SMITH"},{"floor":45.0,"key":"RECALL"},{"data":"Calculated Gamble","floor":49.0,"key":"SMITH"},{"data":"Prepared","floor":53,"key":"SMITH"}],"circlet_count":0,"master_deck":["AscendersBane","Survivor","Neutralize+1","Acrobatics+1","Tactician+1","Reflex","Corpse Explosion","Malaise+1","Calculated Gamble+1","Venomology+1","Heel Hook","Wraith Form v2+1","Prepared+1","Backflip","Acrobatics+1","After Image+1","Prepared+1","Finisher+1"],"relics":["Ring of the Snake","Paper Crane","Frozen Egg 2","Centennial Puzzle","Membership Card","Pandora\u0027s Box","Lee\u0027s Waffle","Blue Candle","Old Coin","Pear","TungstenRod","Kunai","Question Card","Astrolabe","Bag of Marbles","Blood Vial","Red Mask","CeramicFish","Snake Skull"],"acts_visited":["Exordium","TheCity","TheBeyond","TheEnding"],"potions_floor_usage":[56,56],"damage_taken":[{"damage":12.0,"enemies":"Small Slimes","floor":1.0,"turns":4.0},{"damage":0.0,"enemies":"2 Louse","floor":4.0,"turns":4.0},{"damage":1.0,"enemies":"Cultist","floor":7.0,"turns":4.0},{"damage":1.0,"enemies":"Looter","floor":8.0,"turns":4.0},{"damage":10.0,"enemies":"Gremlin Nob","floor":11.0,"turns":4.0},{"damage":0.0,"enemies":"3 Louse","floor":13.0,"turns":2.0},{"damage":0.0,"enemies":"Lots of Slimes","floor":14.0,"turns":2.0},{"damage":23.0,"enemies":"The Guardian","floor":16.0,"turns":10.0},{"damage":8.0,"enemies":"Chosen","floor":18.0,"turns":4.0},{"damage":2.0,"enemies":"2 Thieves","floor":19.0,"turns":3.0},{"damage":0.0,"enemies":"Centurion and Healer","floor":22.0,"turns":5.0},{"damage":13.0,"enemies":"Gremlin Leader","floor":24.0,"turns":6.0},{"damage":16.0,"enemies":"Chosen and Byrds","floor":25.0,"turns":6.0},{"damage":4.0,"enemies":"Snecko","floor":29.0,"turns":6.0},{"damage":0.0,"enemies":"Book of Stabbing","floor":30.0,"turns":4.0},{"damage":0.0,"enemies":"Collector","floor":33.0,"turns":3.0},{"damage":0.0,"enemies":"3 Shapes","floor":35.0,"turns":2.0},{"damage":0.0,"enemies":"Orb Walker","floor":36.0,"turns":1.0},{"damage":0.0,"enemies":"Giant Head","floor":40.0,"turns":1.0},{"damage":0.0,"enemies":"Transient","floor":44.0,"turns":1.0},{"damage":0.0,"enemies":"Nemesis","floor":46.0,"turns":1.0},{"damage":0.0,"enemies":"Maw","floor":47.0,"turns":1.0},{"damage":0.0,"enemies":"3 Darklings","floor":48.0,"turns":1.0},{"damage":0.0,"enemies":"Donu and Deca","floor":50.0,"turns":1.0},{"damage":39,"enemies":"Awakened One","floor":51,"turns":3},{"damage":0,"enemies":"Shield and Spear","floor":55,"turns":1},{"damage":4,"enemies":"The Heart","floor":56,"turns":6}],"seed_played":"-3475251704847746631","potions_obtained":[{"floor":4.0,"key":"PowerPotion"},{"floor":8.0,"key":"Weak Potion"},{"floor":16.0,"key":"EssenceOfSteel"},{"floor":18.0,"key":"Block Potion"},{"floor":29.0,"key":"CunningPotion"},{"floor":30.0,"key":"PowerPotion"},{"floor":35.0,"key":"Dexterity Potion"},{"floor":40.0,"key":"AttackPotion"}],"is_trial":false,"path_per_floor":["M","?","?","M","?","R","M","M","T","R","E","$","M","M","R","B",null,"M","M","$","?","M","R","E","M","T","R","?","M","E","$","R","B",null,"M","M","$","?","$","E","?","$","T","M","R","E","M","M","R","B","B",null,"R","$","E","B",null],"character_chosen":"THE_SILENT","items_purchased":["Membership Card","Lee\u0027s Waffle","Kunai","Question Card","Bag of Marbles","Regen Potion"],"campfire_rested":0,"item_purchase_floors":[12,20,31,31,37,54],"current_hp_per_floor":[47,36,36,36,36,36,35,34,34,34,24,24,24,24,24,1,45,37,35,67,67,67,67,54,38,48,48,48,44,44,44,44,44,69,69,69,69,69,69,69,69,69,69,71,71,73,75,77,77,77,38,67,67,67,69,74],"gold":56,"neow_bonus":"REMOVE_TWO","is_daily":false,"chose_seed":false,"campfire_upgraded":8,"win_rate":0.0,"timestamp":1609955570,"path_taken":["M","?","?","?","?","R","M","M","T","R","E","$","M","M","R","BOSS","M","M","$","?","?","R","E","M","T","R","?","?","E","$","R","BOSS","M","M","$","?","?","E","?","?","T","M","R","E","M","M","R","BOSS","BOSS","R","$","E","BOSS"],"items_purchased_type":["Relic","Relic","Relic","Relic","Relic","Potion"],"build_version":"2020-12-22","purchased_purges":3,"victory":true,"max_hp_per_floor":[60,60,60,60,60,60,60,60,60,60,60,60,60,60,60,60,60,60,60,67,67,67,67,67,67,77,77,77,77,77,77,77,77,77,77,77,77,77,77,77,77,77,77,77,77,77,77,77,77,77,77,77,77,77,77,77],"card_choices":[{"not_picked":["PiercingWail","Slice"],"picked":"Acrobatics","floor":1.0},{"not_picked":["All Out Attack","Poisoned Stab"],"picked":"Dagger Spray","floor":4.0},{"not_picked":["Outmaneuver","Bane"],"picked":"Deadly Poison","floor":7.0},{"not_picked":["Prepared","Acrobatics"],"picked":"Tactician","floor":8.0},{"not_picked":["PiercingWail","Slice"],"picked":"Reflex","floor":11.0},{"not_picked":["Flying Knee","Dodge and Roll"],"picked":"Corpse Explosion","floor":13.0},{"not_picked":["Flying Knee","Eviscerate","Cloak And Dagger"],"picked":"SKIP","floor":14.0},{"not_picked":["Phantasmal Killer","Envenom+1"],"picked":"Malaise","floor":16.0},{"not_picked":["Poisoned Stab","Setup"],"picked":"Prepared","floor":18.0},{"not_picked":["Blade Dance","Masterful Stab","Slice"],"picked":"SKIP","floor":19.0},{"not_picked":["Expertise","Concentrate"],"picked":"Backflip","floor":22.0},{"not_picked":["Sucker Punch","All Out Attack+1","Expertise"],"picked":"SKIP","floor":24.0},{"not_picked":["Slice","Choke"],"picked":"Acrobatics","floor":25.0},{"not_picked":["Poisoned Stab","Blur","Dagger Spray"],"picked":"SKIP","floor":29.0},{"not_picked":["Dagger Spray","Slice"],"picked":"After Image+1","floor":30.0},{"not_picked":["Dagger Spray","Cloak And Dagger","Calculated Gamble","Outmaneuver"],"picked":"SKIP","floor":35.0},{"not_picked":["Deadly Poison","Slice","Predator","Backflip+1"],"picked":"SKIP","floor":36.0},{"not_picked":["Underhanded Strike","Flying Knee","Escape Plan","Outmaneuver"],"picked":"SKIP","floor":40.0},{"not_picked":["Underhanded Strike+1","Quick Slash","Catalyst","Choke+1"],"picked":"SKIP","floor":44.0},{"not_picked":["Deadly Poison","Predator+1","Grand Finale","Dash+1"],"picked":"SKIP","floor":46.0},{"not_picked":["Tactician","Poisoned Stab","Prepared","Bouncing Flask+1"],"picked":"SKIP","floor":47.0},{"not_picked":["Tactician","Poisoned Stab","Prepared","Bouncing Flask+1"],"picked":"SKIP","floor":47.0},{"not_picked":["PiercingWail+1","Flying Knee","Bane","Underhanded Strike"],"picked":"SKIP","floor":48.0},{"not_picked":["Flying Knee","Quick Slash","Dodge and Roll","Deflect"],"picked":"SKIP","floor":55}],"player_experience":305230,"relics_obtained":[{"floor":9.0,"key":"Frozen Egg 2"},{"floor":11.0,"key":"Centennial Puzzle"},{"floor":24.0,"key":"Old Coin"},{"floor":26.0,"key":"Pear"},{"floor":30.0,"key":"TungstenRod"},{"floor":40.0,"key":"Blood Vial"},{"floor":46.0,"key":"CeramicFish"},{"floor":55,"key":"Snake Skull"}],"event_choices":[{"damage_healed":0.0,"max_hp_gain":0.0,"max_hp_loss":0.0,"gold_gain":0.0,"event_name":"Scrap Ooze","player_choice":"Success","floor":2.0,"gold_loss":0.0,"damage_taken":11.0,"relics_obtained":["Paper Crane"]},{"damage_healed":0.0,"max_hp_gain":0.0,"max_hp_loss":0.0,"gold_gain":50.0,"event_name":"Golden Shrine","player_choice":"Pray","floor":3.0,"gold_loss":0.0,"damage_taken":0.0},{"cards_removed":["Strike_G"],"damage_healed":0.0,"max_hp_gain":0.0,"max_hp_loss":0.0,"gold_gain":0.0,"event_name":"The Cleric","player_choice":"Card Removal","floor":5.0,"gold_loss":75.0,"damage_taken":0.0},{"damage_healed":0.0,"max_hp_gain":0.0,"max_hp_loss":0.0,"gold_gain":0.0,"event_name":"WeMeetAgain","player_choice":"Gave Potion","floor":21.0,"gold_loss":0.0,"damage_taken":0.0,"relics_obtained":["Blue Candle"]},{"damage_healed":0.0,"max_hp_gain":0.0,"max_hp_loss":0.0,"gold_gain":50.0,"event_name":"Golden Shrine","player_choice":"Pray","floor":28.0,"gold_loss":0.0,"damage_taken":0.0},{"damage_healed":0.0,"max_hp_gain":0.0,"max_hp_loss":0.0,"gold_gain":0.0,"event_name":"Accursed Blacksmith","player_choice":"Forge","floor":38.0,"gold_loss":0.0,"damage_taken":0.0,"cards_upgraded":["Venomology"]},{"damage_healed":0.0,"max_hp_gain":0.0,"max_hp_loss":0.0,"gold_gain":0.0,"event_name":"Tomb of Lord Red Mask","player_choice":"Paid","floor":41.0,"gold_loss":50.0,"damage_taken":0.0,"relics_obtained":["Red Mask"]}],"is_beta":false,"boss_relics":[{"not_picked":["Ectoplasm","Tiny House"],"picked":"Pandora\u0027s Box"},{"not_picked":["Fusion Hammer","WristBlade"],"picked":"Astrolabe"}],"items_purged_floors":[20,31,37],"is_endless":false,"potions_floor_spawned":[4,8,16,18,19,29,30,35,40,47],"ascension_level":20}}