{"host":"bbld1ic1uj90ldt9","time":1609945488,"event":{"mods":["2.2 Compatiblity","AchievementEnabler","Act Like it!","BaseMod","Better Third Choice","Conspire","Downfall","Emptier Cage","Gensokyo","Hallownest","Hermit","Highlight Path","Hubris","Marisa????????","Minty Spire (QoL Compilation)","Random Character Button","Replay The Spire","StSLib","The Animator","The Bug Knight","The Cursed","The Disciple","The Hierophant","The Jungle","The Runesmith","The Servant 0.9.4"],"gold_per_floor":[112,125,173,71,71,71,92,92,92,113,55,287,358,46,46,461,461,481,46,70,70,70,123,123,163,163,163,263,263,78,84,84],"floor_reached":31,"playtime":4269,"items_purged":["sneckomod:Bewildered"],"score":398,"play_id":"b5890079-3f1d-4cdc-994f-3e771846fccd","local_time":"20210106160448","is_ascension_mode":true,"campfire_choices":[{"floor":6,"key":"REST"},{"floor":8,"key":"REST"},{"data":"Replay:SS_hec_2","floor":15,"key":"SMITH"},{"floor":24,"key":"REST"},{"floor":27,"key":"REST"},{"floor":29,"key":"REST"}],"circlet_count":0,"master_deck":["Strike_S","Strike_S","Strike_S","Strike_S","Defend_S","Defend_S","Defend_S","Defend_S","KidneyShot","Exchange","InstantArmor","ShatteredReality","Rearm","Potential","FastForward","Manipulate","Potential","Replay:SS_hec_2+1","animator:PinaCoLada","expansioncontent:AwakenDeath","Midas Touch","Outmaneuver","theJungle:PetSnecko"],"relics":["conspire:RoyalGoblet","Replay:Bandana","ReplayTheSpireMod:CursedCoin","Letter Opener","HornCleat","Blood Vial","PrismaticShard","SlaversCollar","Frozen Egg 2","hubris:Icosahedron","ReplayFunnel","conspire:Flyswatter","Replay:Accelerometer","theJungle:Creamberry"],"acts_visited":["Gensokyo:Gensokyo","theJungle:Jungle"],"potions_floor_usage":[7,10,16,20,23,31],"damage_taken":[{"damage":16,"enemies":"Gensokyo:3_Fairies","floor":1,"turns":7},{"damage":5,"enemies":"Gensokyo:Python","floor":2,"turns":4},{"damage":33,"enemies":"conspire:MimicChest","floor":3,"turns":10},{"damage":3,"enemies":"Gensokyo:2_Kodama","floor":7,"turns":8},{"damage":24,"enemies":"Gensokyo:LivingMonolith","floor":10,"turns":4},{"damage":12,"enemies":"Gensokyo:2_Rabbits","floor":12,"turns":5},{"damage":12,"enemies":"Gensokyo:Cirno","floor":13,"turns":6},{"damage":24,"enemies":"Gensokyo:Yukari","floor":16,"turns":15},{"damage":2,"enemies":"theJungle:MUSHROOMGANG","floor":18,"turns":6},{"damage":6,"enemies":"theJungle:GiantWrat","floor":20,"turns":12},{"damage":59,"enemies":"theJungle:MamaSnecko","floor":23,"turns":11},{"damage":4,"enemies":"theJungle:2_Phrogs","floor":25,"turns":14},{"damage":86,"enemies":"theJungle:Cassacara","floor":31,"turns":15}],"seed_played":"5516747516200171073","potions_obtained":[{"floor":3,"key":"Block Potion"},{"floor":7,"key":"Fire Potion"},{"floor":13,"key":"Strength Potion"},{"floor":18,"key":"Ancient Potion"},{"floor":20,"key":"GamblersBrew"},{"floor":25,"key":"Block Potion"}],"is_trial":false,"path_per_floor":["M","M","?","COS","?","R","M","R","T","M","?","M","E","$","R","B",null,"M","$","M","?","?","E","R","E","T","R","?","R","?","E"],"character_chosen":"THE_SERVANT","items_purchased":["Replay:SS_hec_2","PrismaticShard","Frozen Egg 2","Midas Touch"],"campfire_rested":5,"item_purchase_floors":[14,14,19,19],"current_hp_per_floor":[43,38,5,5,25,44,41,60,60,36,65,53,41,41,41,19,54,54,54,50,50,50,10,29,27,27,46,42,61,61,0,0],"gold":84,"neow_bonus":"BOSS_RELIC","is_daily":false,"chose_seed":false,"campfire_upgraded":1,"win_rate":0.0,"timestamp":1609945488,"path_taken":["M","M","?","COS","?","R","?","R","T","M","?","M","E","$","R","BOSS","M","$","M","?","?","E","R","E","T","R","?","R","?","E"],"items_purchased_type":["Card","Relic","Relic","Card"],"build_version":"2020-12-22","purchased_purges":1,"victory":false,"max_hp_per_floor":[65,65,65,65,65,65,65,65,65,65,65,65,65,65,65,65,65,65,65,65,65,65,65,65,65,65,65,65,65,65,65,65],"card_choices":[{"not_picked":["BottledTime","Revamp"],"picked":"InstantArmor","floor":1},{"not_picked":["Sabotage","Alleviate"],"picked":"ShatteredReality","floor":2},{"not_picked":["Revamp","ForgedInTime"],"picked":"Rearm","floor":3},{"not_picked":["Snipe","Ricochet"],"picked":"Potential","floor":7},{"not_picked":["Sabotage","Starlight"],"picked":"FastForward","floor":10},{"not_picked":["Ricochet","Collapse"],"picked":"Manipulate","floor":12},{"not_picked":["Rearm","Advance"],"picked":"Potential","floor":13},{"not_picked":["TheCursedMod:ParallelWorld","Slimebound:WasteNot"],"picked":"animator:PinaCoLada","floor":16},{"not_picked":["hierophant:Embezzle+1","DoubleSpark"],"picked":"expansioncontent:AwakenDeath","floor":18},{"not_picked":["Barrage","hermit:Combo+1"],"picked":"Outmaneuver","floor":20},{"not_picked":["Starlight+1","Skim","animator:Albedo"],"picked":"SKIP","floor":23},{"not_picked":["HollowMod:CrystalDash","hexamod:CatchUp+1","TheCursedMod:SmokeScreen"],"picked":"SKIP","floor":25}],"player_experience":2198151,"relics_obtained":[{"floor":3,"key":"Replay:Bandana"},{"floor":9,"key":"Letter Opener"},{"floor":13,"key":"Blood Vial"},{"floor":23,"key":"ReplayFunnel"},{"floor":25,"key":"conspire:Flyswatter"},{"floor":26,"key":"Replay:Accelerometer"}],"event_choices":[],"is_beta":false,"boss_relics":[{"not_picked":["hubris:ScarierMask","conspire:RunicOctahedron"],"picked":"SlaversCollar"}],"items_purged_floors":[14],"is_endless":false,"potions_floor_spawned":[3,7,13,18,20,25],"killed_by":"theJungle:Cassacara","ascension_level":8}}