{"host":"Qube","time":1609974136,"event":{"mods":["AchievementEnabler","BaseMod","Colored Map","Colored Powertips","Minty Spire (QoL Compilation)","Quick Restart","Random Character Button","StSLib"],"gold_per_floor":[115,265,275,275,294,329,329,349,349,349,363,398,77,153,153,246,246,267,182,197,122,142,142,175,175,200,235,25,25,44,60,60,156,156,179,195,195,195],"floor_reached":37,"playtime":1319,"items_purged":["Defend_P","Defend_P"],"score":963,"play_id":"df677ac8-7642-4c64-bb5d-cb035d534ff6","local_time":"20210106150216","is_ascension_mode":true,"campfire_choices":[{"floor":7.0,"key":"REST"},{"data":"Blasphemy","floor":10.0,"key":"SMITH"},{"data":"BattleHymn","floor":15.0,"key":"SMITH"},{"data":"Protect","floor":23.0,"key":"SMITH"},{"floor":25.0,"key":"REST"},{"floor":32.0,"key":"REST"}],"circlet_count":0,"master_deck":["AscendersBane","Strike_P","Strike_P","Strike_P+1","Eruption+1","Vigilance","Blasphemy+1","BattleHymn+1","CutThroughFate","ThirdEye","Wallop","Scrawl","Conclude+1","LessonLearned","Meditate","Protect+1","ClearTheMind","Alpha+1","Protect","WindmillStrike+1","CarveReality","FlurryOfBlows","EmptyMind","MasterReality","ClearTheMind+1","FlurryOfBlows","FlurryOfBlows"],"relics":["PureWater","Golden Idol","Dream Catcher","Omamori","Pear","Orichalcum","The Courier","Empty Cage","Akabeko","InkBottle","Pen Nib","Prayer Wheel","Regal Pillow","SlaversCollar"],"acts_visited":["Exordium","TheCity","TheBeyond"],"potions_floor_usage":[36,36],"damage_taken":[{"damage":0.0,"enemies":"2 Louse","floor":1.0,"turns":2.0},{"damage":0.0,"enemies":"Jaw Worm","floor":3.0,"turns":1.0},{"damage":0.0,"enemies":"Small Slimes","floor":5.0,"turns":1.0},{"damage":13.0,"enemies":"3 Sentries","floor":6.0,"turns":3.0},{"damage":0.0,"enemies":"3 Louse","floor":8.0,"turns":4.0},{"damage":1.0,"enemies":"Looter","floor":11.0,"turns":3.0},{"damage":0.0,"enemies":"Gremlin Nob","floor":12.0,"turns":2.0},{"damage":0.0,"enemies":"Slime Boss","floor":16.0,"turns":3.0},{"damage":0.0,"enemies":"Spheric Guardian","floor":18.0,"turns":2.0},{"damage":4.0,"enemies":"2 Thieves","floor":20.0,"turns":2.0},{"damage":0.0,"enemies":"Snake Plant","floor":22.0,"turns":2.0},{"damage":31.0,"enemies":"Slavers","floor":24.0,"turns":4.0},{"damage":12.0,"enemies":"Book of Stabbing","floor":27.0,"turns":4.0},{"damage":0.0,"enemies":"Snecko","floor":30.0,"turns":2.0},{"damage":6.0,"enemies":"Cultist and Chosen","floor":31.0,"turns":3.0},{"damage":38.0,"enemies":"Champ","floor":33.0,"turns":7.0},{"damage":9,"enemies":"Orb Walker","floor":35,"turns":2},{"damage":48,"enemies":"3 Darklings","floor":36,"turns":3},{"damage":25,"enemies":"Transient","floor":37,"turns":4}],"seed_played":"-2519132219264283786","potions_obtained":[{"floor":1.0,"key":"DistilledChaos"},{"floor":3.0,"key":"Swift Potion"},{"floor":11.0,"key":"Fire Potion"},{"floor":12.0,"key":"Fire Potion"},{"floor":16.0,"key":"LiquidMemories"},{"floor":22.0,"key":"Dexterity Potion"},{"floor":24.0,"key":"BlessingOfTheForge"},{"floor":31.0,"key":"SteroidPotion"},{"floor":33.0,"key":"Swift Potion"},{"floor":35,"key":"Explosive Potion"}],"is_trial":false,"path_per_floor":["M","?","M","?","M","E","R","M","T","R","M","E","$","T","R","B",null,"M","?","M","?","M","R","E","R","T","E","$","?","M","M","R","B",null,"M","M","M"],"character_chosen":"WATCHER","items_purchased":["Conclude","Orichalcum","Regal Pillow"],"campfire_rested":3,"item_purchase_floors":[13,13,28],"current_hp_per_floor":[43,43,43,20,20,7,27,27,27,27,26,36,36,36,36,36,68,68,68,64,64,64,64,33,56,56,44,44,44,44,38,76,38,68,59,11,0,0],"gold":195,"neow_bonus":"THREE_RARE_CARDS","is_daily":false,"chose_seed":false,"campfire_upgraded":3,"win_rate":0.0,"timestamp":1609974136,"path_taken":["M","?","M","?","M","E","R","M","T","R","M","E","?","?","R","BOSS","M","?","M","?","M","R","E","R","T","E","$","?","M","M","R","BOSS","M","M","M"],"items_purchased_type":["Card","Relic","Relic"],"build_version":"2020-12-18","purchased_purges":2,"victory":false,"max_hp_per_floor":[68,68,68,68,68,68,68,68,68,68,68,78,78,78,78,78,78,78,78,78,78,78,78,78,78,78,78,78,78,78,78,78,78,78,78,78,78,78],"card_choices":[{"not_picked":["Omniscience","Vault"],"picked":"Blasphemy","floor":0.0},{"not_picked":["Crescendo","FearNoEvil"],"picked":"BattleHymn","floor":1.0},{"not_picked":["Wireheading","ReachHeaven"],"picked":"CutThroughFate","floor":3.0},{"not_picked":["CrushJoints","EmptyFist"],"picked":"JustLucky","floor":5.0},{"not_picked":["Blasphemy","Crescendo"],"picked":"ThirdEye","floor":6.0},{"not_picked":["CutThroughFate","FlurryOfBlows"],"picked":"Wallop","floor":7.0},{"not_picked":["ThirdEye","EmptyFist"],"picked":"Scrawl","floor":8.0},{"not_picked":["Pray","SandsOfTime","PathToVictory"],"picked":"SKIP","floor":11.0},{"not_picked":["Prostrate","Indignation","LikeWater"],"picked":"SKIP","floor":12.0},{"not_picked":["SpiritShield","DevaForm"],"picked":"LessonLearned","floor":16.0},{"not_picked":["Crescendo","Halt"],"picked":"Meditate","floor":18.0},{"not_picked":["Consecrate","FollowUp","EmptyFist"],"picked":"SKIP","floor":20.0},{"not_picked":["SandsOfTime","JustLucky"],"picked":"Protect","floor":22.0},{"not_picked":["BowlingBash","Sanctity"],"picked":"ClearTheMind","floor":24.0},{"not_picked":["Perseverance","ClearTheMind"],"picked":"Alpha","floor":25.0},{"not_picked":["Adaptation","Wireheading"],"picked":"Protect","floor":27.0},{"not_picked":["WreathOfFlame","FlyingSleeves","ReachHeaven+1"],"picked":"SKIP","floor":30.0},{"not_picked":["SignatureMove","SashWhip","JustLucky"],"picked":"SKIP","floor":30.0},{"not_picked":["CutThroughFate","EmptyBody"],"picked":"FlurryOfBlows","floor":31.0},{"not_picked":["BattleHymn","BowlingBash","ClearTheMind"],"picked":"SKIP","floor":31.0},{"not_picked":["Adaptation","WindmillStrike"],"picked":"EmptyMind","floor":32.0},{"not_picked":["Ragnarok","Alpha"],"picked":"MasterReality","floor":33.0},{"not_picked":["CrushJoints","EmptyFist"],"picked":"ClearTheMind+1","floor":35},{"not_picked":["PathToVictory+1","JustLucky","ReachHeaven"],"picked":"SKIP","floor":35},{"not_picked":["SashWhip","EmptyBody"],"picked":"FlurryOfBlows","floor":36},{"not_picked":["Crescendo","Prostrate"],"picked":"FlurryOfBlows","floor":36}],"player_experience":831123,"relics_obtained":[{"floor":6.0,"key":"Dream Catcher"},{"floor":9.0,"key":"Omamori"},{"floor":12.0,"key":"Pear"},{"floor":14.0,"key":"The Courier"},{"floor":24.0,"key":"InkBottle"},{"floor":26.0,"key":"Pen Nib"},{"floor":27.0,"key":"Prayer Wheel"}],"event_choices":[{"damage_healed":0.0,"max_hp_gain":0.0,"max_hp_loss":0.0,"gold_gain":150.0,"event_name":"Liars Game","player_choice":"AGREE","floor":2.0,"gold_loss":0.0,"damage_taken":0.0,"cards_obtained":["Doubt"]},{"damage_healed":0.0,"max_hp_gain":0.0,"max_hp_loss":0.0,"gold_gain":0.0,"event_name":"Golden Idol","player_choice":"Take Damage","floor":4.0,"gold_loss":0.0,"damage_taken":23.0,"relics_obtained":["Golden Idol"]},{"damage_healed":0.0,"max_hp_gain":0.0,"max_hp_loss":0.0,"gold_gain":0.0,"event_name":"Addict","player_choice":"Obtained Relic","floor":19.0,"gold_loss":85.0,"damage_taken":0.0,"relics_obtained":["Akabeko"]},{"cards_removed":["Strike_P"],"damage_healed":0.0,"max_hp_gain":0.0,"max_hp_loss":0.0,"gold_gain":0.0,"event_name":"Beggar","player_choice":"Gave Gold","floor":21.0,"gold_loss":75.0,"damage_taken":0.0},{"damage_healed":0.0,"max_hp_gain":0.0,"max_hp_loss":0.0,"gold_gain":0.0,"cards_transformed":["Defend_P","Defend_P"],"event_name":"Drug Dealer","player_choice":"Became Test Subject","floor":29.0,"gold_loss":0.0,"damage_taken":0.0,"cards_obtained":["WindmillStrike","CarveReality"]}],"is_beta":true,"boss_relics":[{"not_picked":["Cursed Key","VioletLotus"],"picked":"Empty Cage"},{"not_picked":["Velvet Choker","Snecko Eye"],"picked":"SlaversCollar"}],"items_purged_floors":[13,28],"is_endless":false,"potions_floor_spawned":[1,3,11,12,16,22,24,31,33,35],"killed_by":"Transient","ascension_level":19}}