{"host":"jq8d8epkoknfq6em","time":1609934889,"event":{"mods":["AchievementEnabler","BaseMod","Colored Map","Colored Powertips","Highlight Path","Minty Spire (QoL Compilation)","Quick Restart","StSLib"],"gold_per_floor":[112,125,125,53,73,73,84,118,118,135,170,170,170,181,181,278,278,291,291,291,70,84,84,100,100,100,118,118,133,150,170,170,274,274,289,308,308,308,308],"floor_reached":38,"playtime":6123,"items_purged":[],"score":668,"play_id":"27900981-6d27-433e-a35e-8c06a545e142","local_time":"20210106130809","is_ascension_mode":true,"campfire_choices":[{"data":"Whirlwind","floor":6,"key":"SMITH"},{"data":"1","floor":13,"key":"LIFT"},{"data":"2","floor":15,"key":"LIFT"},{"data":"3","floor":23,"key":"LIFT"},{"data":"Rupture","floor":25,"key":"SMITH"},{"data":"Heavy Blade","floor":28,"key":"SMITH"},{"floor":32,"key":"REST"}],"circlet_count":0,"master_deck":["AscendersBane","Defend_R","Defend_R","Defend_R","Defend_R","Bash+1","Second Wind","Battle Trance","Feel No Pain","Whirlwind+1","Ghostly Armor","Shockwave","Combust","Blood for Blood","Limit Break","Feel No Pain","Bite","Bite","Bite","Bite","Bite","Dual Wield","Rupture+1","Heavy Blade+1","Flame Barrier","Feed","True Grit+1","Flame Barrier+1","Writhe"],"relics":["Burning Blood","NeowsBlessing","Dream Catcher","Singing Bowl","Girya","Runic Cube","Nilry\u0027s Codex","Medical Kit","PreservedInsect","Velvet Choker"],"acts_visited":["Exordium","TheCity","TheBeyond"],"potions_floor_usage":[8,11,16,27,33,33,38],"damage_taken":[{"damage":0,"enemies":"Cultist","floor":1,"turns":1},{"damage":0,"enemies":"2 Louse","floor":2,"turns":2},{"damage":0,"enemies":"Jaw Worm","floor":5,"turns":1},{"damage":3,"enemies":"Exordium Wildlife","floor":7,"turns":3},{"damage":10,"enemies":"3 Sentries","floor":8,"turns":4},{"damage":19,"enemies":"Blue Slaver","floor":10,"turns":4},{"damage":2,"enemies":"Lagavulin","floor":11,"turns":7},{"damage":2,"enemies":"Large Slime","floor":14,"turns":4},{"damage":18,"enemies":"Slime Boss","floor":16,"turns":6},{"damage":9,"enemies":"Chosen","floor":18,"turns":3},{"damage":29,"enemies":"Spheric Guardian","floor":22,"turns":5},{"damage":14,"enemies":"Centurion and Healer","floor":24,"turns":7},{"damage":13,"enemies":"Snake Plant","floor":27,"turns":6},{"damage":7,"enemies":"Chosen and Byrds","floor":29,"turns":7},{"damage":17,"enemies":"Snecko","floor":30,"turns":4},{"damage":24,"enemies":"Snake Plant","floor":31,"turns":4},{"damage":55,"enemies":"Champ","floor":33,"turns":9},{"damage":34,"enemies":"3 Shapes","floor":35,"turns":5},{"damage":36,"enemies":"3 Darklings","floor":36,"turns":4},{"damage":49,"enemies":"Transient","floor":38,"turns":4}],"seed_played":"-606220411156223445","potions_obtained":[{"floor":2,"key":"AttackPotion"},{"floor":7,"key":"Swift Potion"},{"floor":10,"key":"CultistPotion"},{"floor":11,"key":"SneckoOil"},{"floor":14,"key":"Explosive Potion"},{"floor":24,"key":"ElixirPotion"},{"floor":29,"key":"Swift Potion"},{"floor":31,"key":"SkillPotion"},{"floor":33,"key":"GamblersBrew"}],"is_trial":false,"path_per_floor":["M","M","?","$","M","R","M","E","T","M","E","?","R","M","R","B",null,"M","?","?","$","M","R","M","R","T","M","R","M","M","M","R","B",null,"M","M","?","M"],"character_chosen":"IRONCLAD","items_purchased":["Feel No Pain","Medical Kit","Dual Wield"],"campfire_rested":1,"item_purchase_floors":[4,21,21],"current_hp_per_floor":[78,80,80,80,80,80,80,76,76,65,69,74,74,78,78,66,82,79,63,60,60,40,40,40,40,40,43,43,54,49,39,59,14,55,42,18,36,0,0],"gold":308,"neow_bonus":"THREE_ENEMY_KILL","is_daily":false,"chose_seed":false,"campfire_upgraded":3,"win_rate":0.0,"timestamp":1609934889,"path_taken":["M","?","?","?","M","R","M","E","T","?","E","?","R","M","R","BOSS","M","?","?","$","M","R","M","R","T","M","R","M","M","M","R","BOSS","M","M","?","M"],"items_purchased_type":["Card","Relic","Card"],"build_version":"2020-12-22","purchased_purges":0,"victory":false,"max_hp_per_floor":[80,80,80,80,80,80,80,80,80,82,82,87,87,87,87,87,87,87,87,60,60,62,62,62,62,62,62,62,64,66,68,68,68,68,71,71,71,71,71],"card_choices":[{"not_picked":["Armaments","Clash"],"picked":"Second Wind","floor":1},{"not_picked":["Wild Strike","Inflame"],"picked":"Battle Trance","floor":2},{"not_picked":["Headbutt","Hemokinesis"],"picked":"Whirlwind","floor":5},{"not_picked":["Searing Blow","True Grit"],"picked":"Ghostly Armor","floor":7},{"not_picked":["Second Wind","Body Slam"],"picked":"Shockwave","floor":8},{"not_picked":["Sword Boomerang","Intimidate","Entrench"],"picked":"Singing Bowl","floor":10},{"not_picked":["Dark Embrace","Corruption"],"picked":"Combust","floor":11},{"not_picked":["Inflame","Wild Strike"],"picked":"Blood for Blood","floor":14},{"not_picked":["Immolate","Corruption"],"picked":"Limit Break","floor":16},{"not_picked":["Havoc+1","Intimidate"],"picked":"Feel No Pain","floor":18},{"not_picked":["Flex","Warcry","Twin Strike+1"],"picked":"Singing Bowl","floor":22},{"not_picked":["Reckless Charge","Twin Strike+1"],"picked":"Rupture","floor":24},{"not_picked":["Clash","Body Slam"],"picked":"Heavy Blade","floor":27},{"not_picked":["Feel No Pain","Hemokinesis+1","Wild Strike"],"picked":"Singing Bowl","floor":29},{"not_picked":["Clothesline","Carnage","Pommel Strike"],"picked":"Singing Bowl","floor":30},{"not_picked":["Iron Wave","Sentinel","Rupture"],"picked":"Singing Bowl","floor":31},{"not_picked":["Clash","Havoc"],"picked":"Flame Barrier","floor":32},{"not_picked":["Exhume","Juggernaut"],"picked":"Feed","floor":33},{"not_picked":["Anger","Havoc+1"],"picked":"True Grit+1","floor":35},{"not_picked":["Flex+1","Juggernaut"],"picked":"Flame Barrier+1","floor":36}],"player_experience":954223,"relics_obtained":[{"floor":8,"key":"Dream Catcher"},{"floor":9,"key":"Singing Bowl"},{"floor":11,"key":"Girya"},{"floor":19,"key":"Nilry\u0027s Codex"},{"floor":26,"key":"PreservedInsect"}],"event_choices":[{"damage_healed":0,"gold_gain":0,"player_choice":"Upgraded","damage_taken":0,"max_hp_gain":0,"max_hp_loss":0,"event_name":"Upgrade Shrine","floor":3,"gold_loss":0,"cards_upgraded":["Bash"]},{"damage_healed":0,"gold_gain":0,"player_choice":"Donut","damage_taken":0,"max_hp_gain":5,"max_hp_loss":0,"event_name":"Big Fish","floor":12,"gold_loss":0},{"damage_healed":0,"gold_gain":0,"player_choice":"Obtained Book","damage_taken":16,"max_hp_gain":0,"max_hp_loss":0,"event_name":"Cursed Tome","floor":19,"gold_loss":0},{"damage_healed":0,"gold_gain":0,"player_choice":"Became a vampire","damage_taken":0,"max_hp_gain":0,"max_hp_loss":27,"event_name":"Vampires","floor":20,"gold_loss":0,"cards_obtained":["Bite","Bite","Bite","Bite","Bite"]},{"damage_healed":18,"gold_gain":0,"player_choice":"Writhe","damage_taken":0,"max_hp_gain":0,"max_hp_loss":0,"event_name":"Winding Halls","floor":37,"gold_loss":0,"cards_obtained":["Writhe"]}],"is_beta":false,"boss_relics":[{"not_picked":["Calling Bell","SlaversCollar"],"picked":"Runic Cube"},{"not_picked":["Coffee Dripper","Pandora\u0027s Box"],"picked":"Velvet Choker"}],"items_purged_floors":[],"is_endless":false,"potions_floor_spawned":[2,7,10,11,14,24,29,31,33],"killed_by":"Transient","ascension_level":11}}