{"host":"x7n7968bn9ekn290","time":1609951907,"event":{"mods":["AchievementEnabler","BaseMod","Colored Map","Googly Eyes","Highlight Path","Minty Spire (QoL Compilation)","Quick Restart","Rare Cards Sparkle","Relic Stats","slay the spire mod where everything is the same but ironclad has a cowboy hat"],"gold_per_floor":[118,132,132,147,161,161,190,201,247,247,267,267,333,333,333,435,435,448,448,448],"floor_reached":19,"playtime":729,"items_purged":[],"score":169,"play_id":"d31e842a-9c2f-4375-90e9-cf5c0a9ca7c2","local_time":"20210106085147","is_ascension_mode":false,"campfire_choices":[{"data":"Ball Lightning","floor":6,"key":"SMITH"},{"floor":10,"key":"REST"},{"floor":12,"key":"REST"},{"data":"Leap","floor":15,"key":"SMITH"}],"circlet_count":0,"master_deck":["Strike_B","Strike_B","Strike_B","Strike_B","Defend_B","Defend_B","Defend_B","Defend_B","Zap","Dualcast+1","Beam Cell","Ball Lightning+1","Darkness","Leap+1","Go for the Eyes","Defragment","Melter","Thunder Strike","Conserve Battery"],"relics":["Cracked Core","Unceasing Top","Bottled Lightning","Juzu Bracelet","Runic Pyramid"],"acts_visited":["Exordium","TheCity"],"potions_floor_usage":[7,16,19,19],"damage_taken":[{"damage":0,"enemies":"Small Slimes","floor":1,"turns":2},{"damage":0,"enemies":"2 Louse","floor":2,"turns":3},{"damage":0,"enemies":"Cultist","floor":4,"turns":2},{"damage":11,"enemies":"Exordium Wildlife","floor":5,"turns":3},{"damage":16,"enemies":"3 Sentries","floor":7,"turns":7},{"damage":15,"enemies":"Gremlin Gang","floor":8,"turns":4},{"damage":20,"enemies":"Lots of Slimes","floor":11,"turns":5},{"damage":23,"enemies":"The Guardian","floor":16,"turns":8},{"damage":21,"enemies":"Shell Parasite","floor":18,"turns":6},{"damage":65,"enemies":"Masked Bandits","floor":19,"turns":4}],"seed_played":"3723327242185075865","potions_obtained":[{"floor":1,"key":"SteroidPotion"},{"floor":2,"key":"Block Potion"},{"floor":5,"key":"FocusPotion"},{"floor":8,"key":"Strength Potion"}],"is_trial":false,"path_per_floor":["M","M","?","M","M","R","E","M","T","R","M","R","?","?","R","B",null,"M","?"],"character_chosen":"DEFECT","items_purchased":[],"campfire_rested":2,"item_purchase_floors":[],"current_hp_per_floor":[82,82,79,79,68,68,52,37,37,61,41,65,65,65,65,42,82,61,0,0],"gold":448,"neow_bonus":"TEN_PERCENT_HP_BONUS","is_daily":false,"chose_seed":false,"campfire_upgraded":2,"win_rate":0.0,"timestamp":1609951907,"path_taken":["M","M","?","M","M","R","E","M","T","R","M","R","?","?","R","BOSS","M","?"],"items_purchased_type":[],"build_version":"2020-12-22","purchased_purges":0,"victory":false,"max_hp_per_floor":[82,82,82,82,82,82,82,82,82,82,82,82,82,82,82,82,82,82,82,82],"relic_stats":{"counters":[10,44],"Juzu Bracelet":0,"obtain_stats":[{"Juzu Bracelet":9,"Bottled Lightning":7,"Cracked Core":0,"Unceasing Top":3,"Runic Pyramid":17},{"Juzu Bracelet":6,"Bottled Lightning":5,"Cracked Core":0,"Unceasing Top":2,"Runic Pyramid":8},{"Juzu Bracelet":21,"Bottled Lightning":17,"Cracked Core":0,"Unceasing Top":5,"Runic Pyramid":34}],"Unceasing Top":[1]},"card_choices":[{"not_picked":["Lockon","Genetic Algorithm"],"picked":"Beam Cell","floor":1},{"not_picked":["Gash","Barrage"],"picked":"Ball Lightning","floor":2},{"not_picked":["Compile Driver","Redo"],"picked":"Darkness","floor":4},{"not_picked":["Self Repair","Go for the Eyes"],"picked":"Leap","floor":5},{"not_picked":["Go for the Eyes","Multi-Cast","Storm"],"picked":"SKIP","floor":7},{"not_picked":["Multi-Cast","Storm"],"picked":"Go for the Eyes","floor":7},{"not_picked":["Gash","Redo"],"picked":"Defragment","floor":8},{"not_picked":["Hologram","Capacitor"],"picked":"Melter","floor":11},{"not_picked":["Amplify","Multi-Cast"],"picked":"Thunder Strike","floor":16},{"not_picked":["Barrage+1","Hello World"],"picked":"Conserve Battery","floor":18}],"player_experience":20018,"relics_obtained":[{"floor":7,"key":"Bottled Lightning"},{"floor":9,"key":"Juzu Bracelet"}],"event_choices":[{"damage_healed":0,"gold_gain":0,"player_choice":"Success","damage_taken":3,"relics_obtained":["Unceasing Top"],"max_hp_gain":0,"max_hp_loss":0,"event_name":"Scrap Ooze","floor":3,"gold_loss":0},{"damage_healed":0,"gold_gain":66,"player_choice":"Gained Gold","damage_taken":0,"max_hp_gain":0,"max_hp_loss":0,"event_name":"Golden Wing","floor":13,"gold_loss":0},{"damage_healed":0,"gold_gain":0,"player_choice":"Grow","damage_taken":0,"max_hp_gain":0,"max_hp_loss":0,"event_name":"Living Wall","floor":14,"gold_loss":0,"cards_upgraded":["Dualcast"]},{"damage_healed":0,"gold_gain":0,"player_choice":"Fought Bandits","damage_taken":0,"max_hp_gain":0,"max_hp_loss":0,"event_name":"Masked Bandits","floor":19,"gold_loss":0}],"is_beta":false,"boss_relics":[{"not_picked":["Busted Crown","Runic Dome"],"picked":"Runic Pyramid"}],"items_purged_floors":[],"is_endless":false,"potions_floor_spawned":[1,2,5,8,11],"killed_by":"Masked Bandits","ascension_level":0}}