{"host":"ih7ofq2zpufcoifs","time":1609925358,"event":{"mods":["BaseMod","Colored Map","Minty Spire (QoL Compilation)"],"gold_per_floor":[109,109,127,140,19,19,19,0,300,318,318,332,21,0,0,103,103,122,47,61,77,27,27,40,40,64,84,84,9,22,22,22,123,123,138,32,32,32,0,0,31,31,31,31,49,63,73,127,127,127,127,127,1,30,30],"floor_reached":56,"playtime":4389,"items_purged":["Strike_G"],"score":1140,"play_id":"30911eef-0155-483d-b784-63837a1187a2","local_time":"20210106192918","is_ascension_mode":false,"campfire_choices":[{"data":"Noxious Fumes","floor":6.0,"key":"SMITH"},{"data":"Caltrops","floor":11.0,"key":"SMITH"},{"data":"Footwork","floor":15.0,"key":"SMITH"},{"data":"Caltrops","floor":23.0,"key":"SMITH"},{"data":"After Image","floor":25.0,"key":"SMITH"},{"floor":32,"key":"REST"},{"data":"Crippling Poison","floor":40,"key":"SMITH"},{"floor":42,"key":"RECALL"},{"data":"Well Laid Plans","floor":44,"key":"SMITH"},{"data":"Leg Sweep","floor":49,"key":"SMITH"},{"data":"Backflip","floor":52,"key":"SMITH"}],"circlet_count":0,"master_deck":["Strike_G","Defend_G","Defend_G","Defend_G","Defend_G","Defend_G","Survivor","Neutralize","Caltrops+1","Cloak And Dagger","Calculated Gamble","Dodge and Roll","Noxious Fumes+1","PiercingWail","Caltrops+1","Footwork+1","PiercingWail","Night Terror","Acrobatics+1","Caltrops+1","Dodge and Roll","Footwork+1","After Image+1","Backflip+1","Crippling Poison+1","Leg Sweep+1","Well Laid Plans+1","Deadly Poison+1","Parasite","Crippling Poison+1","Noxious Fumes","Caltrops+1"],"relics":["Ring of the Snake","NeowsBlessing","Old Coin","TwistedFunnel","Snecko Eye","Juzu Bracelet","Nilry\u0027s Codex","HoveringKite","Red Mask","Pocketwatch","The Specimen","Mummified Hand"],"acts_visited":["Exordium","TheCity","TheBeyond","TheEnding"],"potions_floor_usage":[41,45,48,54,54],"damage_taken":[{"damage":0.0,"enemies":"Jaw Worm","floor":1.0,"turns":1.0},{"damage":1.0,"enemies":"Cultist","floor":3.0,"turns":2.0},{"damage":0.0,"enemies":"Small Slimes","floor":4.0,"turns":3.0},{"damage":1.0,"enemies":"Looter","floor":8.0,"turns":4.0},{"damage":10.0,"enemies":"Red Slaver","floor":10.0,"turns":7.0},{"damage":32.0,"enemies":"Gremlin Gang","floor":12.0,"turns":6.0},{"damage":0.0,"enemies":"Looter","floor":14.0,"turns":5.0},{"damage":14.0,"enemies":"The Guardian","floor":16.0,"turns":10.0},{"damage":6.0,"enemies":"Shell Parasite","floor":18.0,"turns":5.0},{"damage":6.0,"enemies":"2 Thieves","floor":19.0,"turns":5.0},{"damage":18.0,"enemies":"Chosen and Byrds","floor":20.0,"turns":10.0},{"damage":1.0,"enemies":"3 Cultists","floor":21.0,"turns":4.0},{"damage":0.0,"enemies":"Snake Plant","floor":24.0,"turns":4.0},{"damage":5.0,"enemies":"Centurion and Healer","floor":27.0,"turns":15.0},{"damage":7.0,"enemies":"Sentry and Sphere","floor":30.0,"turns":7.0},{"damage":28,"enemies":"Automaton","floor":33,"turns":16},{"damage":0,"enemies":"Orb Walker","floor":35,"turns":8},{"damage":10,"enemies":"Nemesis","floor":41,"turns":11},{"damage":4,"enemies":"3 Darklings","floor":45,"turns":4},{"damage":0,"enemies":"Writhing Mass","floor":46,"turns":4},{"damage":1,"enemies":"Maw","floor":47,"turns":9},{"damage":7,"enemies":"2 Orb Walkers","floor":48,"turns":5},{"damage":17,"enemies":"Donu and Deca","floor":50,"turns":8},{"damage":2,"enemies":"Shield and Spear","floor":54,"turns":5},{"damage":44,"enemies":"The Heart","floor":55,"turns":8}],"seed_played":"-7277156724857090476","potions_obtained":[{"floor":1.0,"key":"PowerPotion"},{"floor":12.0,"key":"ColorlessPotion"},{"floor":16.0,"key":"DistilledChaos"},{"floor":24.0,"key":"Ancient Potion"},{"floor":30.0,"key":"SteroidPotion"},{"floor":33,"key":"Regen Potion"},{"floor":41,"key":"SkillPotion"},{"floor":46,"key":"FearPotion"},{"floor":48,"key":"BlessingOfTheForge"}],"is_trial":false,"path_per_floor":["M","?","M","M","$","R","?","M","T","M","R","M","$","M","R","B",null,"M","M","M","M","?","R","M","R","T","M","?","?","M","?","R","B",null,"M","$","?","?","?","R","E","R","T","R","M","M","M","?","R","B",null,"R","$","E","B",null],"character_chosen":"THE_SILENT","items_purchased":["Noxious Fumes","PiercingWail","Footwork","TwistedFunnel","Leg Sweep","Well Laid Plans","Noxious Fumes","Poison Potion"],"campfire_rested":1,"item_purchase_floors":[5,5,13,13,36,36,53,53],"current_hp_per_floor":[70,70,69,69,69,69,69,68,68,58,58,26,26,26,26,12,70,64,58,40,39,39,39,39,39,39,34,34,34,27,11,32,4,70,70,70,70,66,66,66,56,56,56,56,61,61,60,53,53,36,66,66,66,64,20],"gold":30,"neow_bonus":"THREE_ENEMY_KILL","is_daily":false,"chose_seed":false,"campfire_upgraded":9,"win_rate":0.0,"timestamp":1609925358,"path_taken":["M","?","?","M","?","R","?","M","T","M","R","M","$","M","R","BOSS","M","M","M","M","?","R","M","R","T","M","?","?","M","?","R","BOSS","M","$","?","?","?","R","E","R","T","R","M","M","M","?","R","BOSS","R","$","E","BOSS"],"items_purchased_type":["Card","Card","Card","Relic","Card","Card","Card","Potion"],"build_version":"2020-12-22","purchased_purges":1,"victory":true,"max_hp_per_floor":[70,70,70,70,70,70,70,70,70,70,70,70,70,70,70,70,70,70,70,70,70,70,70,70,70,70,70,70,70,70,70,70,70,70,70,70,70,66,66,66,66,66,66,66,66,66,66,66,66,66,66,66,66,66,66],"card_choices":[{"not_picked":["Distraction","Backflip"],"picked":"Caltrops","floor":1.0},{"not_picked":["Tactician","Riddle With Holes"],"picked":"Calculated Gamble","floor":3.0},{"not_picked":["Infinite Blades","Outmaneuver"],"picked":"Dodge and Roll","floor":4.0},{"not_picked":["Blade Dance","Setup","Slice"],"picked":"SKIP","floor":8.0},{"not_picked":["Poisoned Stab","Dagger Spray"],"picked":"Caltrops","floor":10.0},{"not_picked":["Prepared","Cloak And Dagger","Dash"],"picked":"SKIP","floor":12.0},{"not_picked":["Distraction","Acrobatics"],"picked":"PiercingWail","floor":14.0},{"not_picked":["Venomology","Bullet Time"],"picked":"Night Terror","floor":16.0},{"not_picked":["Skewer+1","Flying Knee"],"picked":"Acrobatics+1","floor":18.0},{"not_picked":["Quick Slash","Outmaneuver"],"picked":"Caltrops+1","floor":19.0},{"not_picked":["Underhanded Strike","Bane"],"picked":"Dodge and Roll","floor":20.0},{"not_picked":["Accuracy","Backstab"],"picked":"Footwork+1","floor":21.0},{"not_picked":["Quick Slash","Deadly Poison"],"picked":"After Image","floor":24.0},{"not_picked":["Poisoned Stab+1","Eviscerate"],"picked":"Backflip","floor":27.0},{"not_picked":["Backflip","Backstab+1","Deflect"],"picked":"SKIP","floor":30.0},{"not_picked":["Slice","Dodge and Roll"],"picked":"Crippling Poison","floor":35},{"not_picked":["Caltrops+1","Flying Knee+1"],"picked":"Deadly Poison+1","floor":41},{"not_picked":["Heel Hook+1","Infinite Blades","Blade Dance"],"picked":"SKIP","floor":45},{"not_picked":["Accuracy+1","Acrobatics"],"picked":"Crippling Poison+1","floor":46},{"not_picked":["Poisoned Stab+1","Finisher+1","All Out Attack"],"picked":"SKIP","floor":47},{"not_picked":["Quick Slash+1","Deadly Poison+1"],"picked":"Caltrops+1","floor":54}],"player_experience":475606,"relics_obtained":[{"floor":9.0,"key":"Old Coin"},{"floor":26.0,"key":"Juzu Bracelet"},{"floor":31,"key":"Nilry\u0027s Codex"},{"floor":41,"key":"Pocketwatch"},{"floor":48,"key":"The Specimen"},{"floor":54,"key":"Mummified Hand"}],"event_choices":[{"damage_healed":0.0,"max_hp_gain":0.0,"max_hp_loss":0.0,"gold_gain":0.0,"cards_transformed":["Strike_G"],"event_name":"Transmorgrifier","player_choice":"Transformed","floor":2.0,"gold_loss":0.0,"damage_taken":0.0,"cards_obtained":["Cloak And Dagger"]},{"damage_healed":0.0,"max_hp_gain":0.0,"max_hp_loss":0.0,"gold_gain":0.0,"event_name":"Liars Game","player_choice":"Ignored","floor":7.0,"gold_loss":0.0,"damage_taken":0.0},{"damage_healed":0.0,"max_hp_gain":0.0,"max_hp_loss":0.0,"gold_gain":0.0,"event_name":"The Joust","player_choice":"Bet on Murderer","floor":22.0,"gold_loss":50.0,"damage_taken":0.0},{"cards_removed":["Strike_G"],"damage_healed":0.0,"max_hp_gain":0.0,"max_hp_loss":0.0,"gold_gain":0.0,"event_name":"Wheel of Change","player_choice":"Card Removal","floor":28.0,"gold_loss":0.0,"damage_taken":0.0},{"cards_removed":["Strike_G"],"damage_healed":0.0,"max_hp_gain":0.0,"max_hp_loss":0.0,"gold_gain":0.0,"event_name":"Beggar","player_choice":"Gave Gold","floor":29.0,"gold_loss":75.0,"damage_taken":0.0},{"damage_healed":0,"gold_gain":0,"player_choice":"Obtained Book","damage_taken":16,"max_hp_gain":0,"max_hp_loss":0,"event_name":"Cursed Tome","floor":31,"gold_loss":0},{"damage_healed":0,"gold_gain":0,"player_choice":"Ignored","damage_taken":0,"max_hp_gain":0,"max_hp_loss":0,"event_name":"NoteForYourself","floor":37,"gold_loss":0},{"damage_healed":0,"gold_gain":0,"player_choice":"Max HP","damage_taken":0,"max_hp_gain":0,"max_hp_loss":4,"event_name":"Winding Halls","floor":38,"gold_loss":0},{"damage_healed":0,"gold_gain":0,"player_choice":"Paid","damage_taken":0,"relics_obtained":["Red Mask"],"max_hp_gain":0,"max_hp_loss":0,"event_name":"Tomb of Lord Red Mask","floor":39,"gold_loss":32},{"damage_healed":0,"gold_gain":0,"player_choice":"Fight","damage_taken":0,"max_hp_gain":0,"max_hp_loss":0,"event_name":"Mysterious Sphere","floor":48,"gold_loss":0}],"is_beta":false,"boss_relics":[{"not_picked":["Philosopher\u0027s Stone","Cursed Key"],"picked":"Snecko Eye"},{"not_picked":["Calling Bell","Ring of the Serpent"],"picked":"HoveringKite"}],"items_purged_floors":[13],"is_endless":false,"potions_floor_spawned":[1,12,16,24,30,33,41,46,48],"ascension_level":0}}