{"host":"xx5zt3jtdyh8iun7","time":1609942207,"event":{"mods":["AchievementEnabler","Act Like it!","BaseMod","Gensokyo","Minty Spire (QoL Compilation)","StSLib"],"gold_per_floor":[112,128,2,2,15,59,59,59,104,104,139,161,170,197,197,308,389,411,420,447,4,40,76,76,76],"floor_reached":24,"playtime":2048,"items_purged":["Defend_G"],"score":266,"play_id":"091134fe-99d6-4414-9af1-918690c4fa5e","local_time":"20210106151007","is_ascension_mode":true,"campfire_choices":[{"data":"Outmaneuver","floor":7,"key":"SMITH"},{"floor":10,"key":"REST"},{"data":"Prepared","floor":15,"key":"SMITH"}],"circlet_count":0,"master_deck":["Survivor","Neutralize","Outmaneuver+1","Backflip","Prepared+1","Dagger Throw","Underhanded Strike","Flying Knee","Crippling Poison","Pain","Envenom","Deflect","Skewer","Bullet Time","Distraction","Tactician","Venomology","Blur","Bane","Heel Hook","Dagger Spray+1","Dash","Poisoned Stab","Gensokyo:BlemishedSteel","Gensokyo:RustyChest","Gensokyo:ScrapIron","Gensokyo:DepletedGenerator","Gensokyo:FourOfAKind","Gensokyo:FourOfAKind","Gensokyo:FourOfAKind","Gensokyo:FourOfAKind","Infinite Blades"],"relics":["Ring of the Snake","NeowsBlessing","CeramicFish","Gensokyo:OccultBall","Toy Ornithopter","Bottled Lightning","Gensokyo:LunaticRedEyes","Happy Flower","Pandora\u0027s Box","Medical Kit","HandDrill","Smiling Mask"],"acts_visited":["Gensokyo:Gensokyo","Gensokyo:Gensokyoer"],"potions_floor_usage":[6,11,11,14,16,23,23,24],"damage_taken":[{"damage":0,"enemies":"Gensokyo:Gryphon","floor":1,"turns":1},{"damage":0,"enemies":"Gensokyo:2_Kodama","floor":2,"turns":1},{"damage":0,"enemies":"Gensokyo:Python","floor":5,"turns":1},{"damage":25,"enemies":"Gensokyo:Aya","floor":6,"turns":7},{"damage":33,"enemies":"Gensokyo:Mamizou","floor":11,"turns":12},{"damage":3,"enemies":"Gensokyo:Gryphon_and_Rabbit","floor":12,"turns":5},{"damage":5,"enemies":"Gensokyo:Aya","floor":14,"turns":6},{"damage":29,"enemies":"Gensokyo:Yukari","floor":16,"turns":14},{"damage":13,"enemies":"Gensokyo:Chomper","floor":18,"turns":4},{"damage":8,"enemies":"Gensokyo:2_Gloops","floor":20,"turns":4},{"damage":34,"enemies":"Gensokyo:Reisen","floor":23,"turns":6},{"damage":25,"enemies":"Gensokyo:Monolith_and_Dog","floor":24,"turns":3}],"seed_played":"1599097007991945446","potions_obtained":[{"floor":5,"key":"DistilledChaos"},{"floor":6,"key":"FearPotion"},{"floor":12,"key":"Poison Potion"},{"floor":14,"key":"DuplicationPotion"}],"is_trial":false,"path_per_floor":["M","M","$","?","M","E","R","?","T","R","E","M","?","E","R","B",null,"M","?","M","COS","?","E","M"],"character_chosen":"THE_SILENT","items_purchased":["PowerPotion"],"campfire_rested":1,"item_purchase_floors":[3],"current_hp_per_floor":[70,70,70,70,70,45,45,45,45,66,42,39,39,39,39,15,70,57,57,49,49,49,20,0,0],"gold":76,"neow_bonus":"THREE_ENEMY_KILL","is_daily":false,"chose_seed":false,"campfire_upgraded":2,"win_rate":0.0,"timestamp":1609942207,"path_taken":["M","M","$","?","M","E","R","?","T","R","E","M","?","E","R","BOSS","M","?","M","COS","?","E","?"],"items_purchased_type":["Potion"],"build_version":"2020-12-22","purchased_purges":1,"victory":false,"max_hp_per_floor":[70,70,70,70,70,70,70,70,70,70,70,70,70,70,70,70,70,70,70,70,70,49,49,49,49],"card_choices":[{"not_picked":["Sucker Punch","Slice"],"picked":"Outmaneuver","floor":1},{"not_picked":["PiercingWail","Outmaneuver"],"picked":"Backflip","floor":2},{"not_picked":["Bane","PiercingWail"],"picked":"Prepared","floor":4},{"not_picked":["Predator","Expertise"],"picked":"Dagger Throw","floor":4},{"not_picked":["Quick Slash","Bane"],"picked":"Infinite Blades","floor":5},{"not_picked":["Flying Knee","Prepared"],"picked":"Underhanded Strike","floor":6},{"not_picked":["Finisher","Caltrops"],"picked":"Flying Knee","floor":11},{"not_picked":["Wraith Form v2","Caltrops"],"picked":"Crippling Poison","floor":12},{"not_picked":["Masterful Stab","Grand Finale","Slice"],"picked":"SKIP","floor":14},{"not_picked":["Venomology","Wraith Form v2"],"picked":"Envenom","floor":16},{"not_picked":["Acrobatics","Noxious Fumes"],"picked":"Dagger Spray+1","floor":18},{"not_picked":["Slice","Underhanded Strike"],"picked":"Poisoned Stab","floor":20},{"not_picked":["Expertise","Prepared"],"picked":"Infinite Blades","floor":23}],"player_experience":586122,"relics_obtained":[{"floor":6,"key":"CeramicFish"},{"floor":9,"key":"Toy Ornithopter"},{"floor":11,"key":"Bottled Lightning"},{"floor":14,"key":"Happy Flower"},{"floor":16,"key":"Gensokyo:OccultBall"},{"floor":23,"key":"Gensokyo:OccultBall"},{"floor":23,"key":"Smiling Mask"}],"event_choices":[],"is_beta":false,"boss_relics":[{"not_picked":["Runic Dome","Sozu"],"picked":"Pandora\u0027s Box"}],"items_purged_floors":[3],"is_endless":false,"potions_floor_spawned":[5,6,12,14],"killed_by":"Gensokyo:Monolith_and_Dog","ascension_level":1}}