{"host":"873t0y8ybyo38pfq","time":1609954121,"event":{"mods":["BaseMod","Bestiary","Colored Map","Colored Powertips","Highlight Path","Minty Spire (QoL Compilation)","Quick Restart","RNG Fix","Rare Cards Sparkle","Relic Stats","StSLib"],"gold_per_floor":[114,114,36,36,50,50,60,90,90,90,120,120,132,146,146,223,223,239,30,46,46,46,81,81,81,81,81,81],"floor_reached":27,"playtime":965,"items_purged":[],"score":478,"play_id":"6dc74293-bc08-453f-b910-1290479dbe81","local_time":"20210106122841","is_ascension_mode":true,"campfire_choices":[{"data":"Zap","floor":6.0,"key":"SMITH"},{"floor":10.0,"key":"REST"},{"data":"Loop","floor":15.0,"key":"SMITH"},{"floor":24,"key":"REST"},{"floor":25,"key":"REST"}],"circlet_count":0,"master_deck":["AscendersBane","Strike_B","Strike_B","Strike_B","Defend_B","Defend_B","Defend_B","Defend_B","Zap+1","Dualcast","Loop+1","Ball Lightning","Coolheaded","Hologram","Undo","Genetic Algorithm","Conserve Battery","Darkness","Echo Form","Redo","Capacitor","Core Surge","Turbo"],"relics":["Cracked Core","TungstenRod","StrikeDummy","Pocketwatch","Bag of Preparation","Sozu","ClockworkSouvenir","WingedGreaves","Ornamental Fan"],"acts_visited":["Exordium","TheCity"],"potions_floor_usage":[23,23],"damage_taken":[{"damage":2.0,"enemies":"Jaw Worm","floor":1.0,"turns":4.0},{"damage":0.0,"enemies":"Small Slimes","floor":5.0,"turns":2.0},{"damage":3.0,"enemies":"2 Louse","floor":7.0,"turns":3.0},{"damage":14.0,"enemies":"Lagavulin","floor":8.0,"turns":6.0},{"damage":14.0,"enemies":"3 Sentries","floor":11.0,"turns":8.0},{"damage":9.0,"enemies":"Blue Slaver","floor":13.0,"turns":3.0},{"damage":8.0,"enemies":"Exordium Wildlife","floor":14.0,"turns":4.0},{"damage":4.0,"enemies":"Hexaghost","floor":16.0,"turns":9.0},{"damage":3.0,"enemies":"Spheric Guardian","floor":18.0,"turns":5.0},{"damage":0.0,"enemies":"Chosen","floor":20.0,"turns":4.0},{"damage":45,"enemies":"Slavers","floor":23,"turns":6},{"damage":55,"enemies":"Book of Stabbing","floor":27,"turns":6}],"seed_played":"-7834526737210794291","potions_obtained":[{"floor":8.0,"key":"SteroidPotion"},{"floor":14.0,"key":"BlessingOfTheForge"},{"floor":16.0,"key":"SteroidPotion"}],"is_trial":false,"path_per_floor":["M","?","$","$","M","R","M","E","T","R","E","?","M","M","R","B",null,"M","$","M","?","?","E","R","R","T","E"],"character_chosen":"DEFECT","items_purchased":["Ball Lightning","Coolheaded","ClockworkSouvenir","Capacitor"],"campfire_rested":3,"item_purchase_floors":[3,3,19,19],"current_hp_per_floor":[44,38,38,38,38,38,35,21,21,42,28,51,42,34,34,30,61,58,58,58,58,58,13,34,55,55,0,0],"gold":81,"neow_bonus":"ONE_RARE_RELIC","is_daily":false,"chose_seed":false,"campfire_upgraded":2,"win_rate":0.0,"timestamp":1609954121,"path_taken":["M","?","?","$","?","R","M","E","T","R","E","?","M","M","R","BOSS","M","$","M","?","?","E","R","R","T","E"],"items_purchased_type":["Card","Card","Relic","Card"],"build_version":"2020-12-22","purchased_purges":0,"victory":false,"max_hp_per_floor":[71,71,71,71,71,71,71,71,71,71,71,71,71,71,71,71,71,71,71,71,71,71,71,71,71,71,71,71],"relic_stats":{"Sozu":1,"counters":[12,59],"Ornamental Fan":[4],"Bag of Preparation":[14],"obtain_stats":[{"Sozu":17,"Ornamental Fan":26,"WingedGreaves":23,"Bag of Preparation":11,"Cracked Core":0,"StrikeDummy":8,"TungstenRod":0,"Pocketwatch":9,"ClockworkSouvenir":19},{"Sozu":8,"Ornamental Fan":11,"WingedGreaves":11,"Bag of Preparation":5,"Cracked Core":0,"StrikeDummy":4,"TungstenRod":0,"Pocketwatch":4,"ClockworkSouvenir":9},{"Sozu":38,"Ornamental Fan":53,"WingedGreaves":53,"Bag of Preparation":22,"Cracked Core":0,"StrikeDummy":15,"TungstenRod":0,"Pocketwatch":15,"ClockworkSouvenir":43}],"TungstenRod":34,"Pocketwatch":[43]},"card_choices":[{"not_picked":["FTL","Turbo"],"picked":"Loop","floor":1.0},{"not_picked":["Beam Cell","Melter","Gash"],"picked":"SKIP","floor":5.0},{"not_picked":["Coolheaded","Tempest"],"picked":"Hologram","floor":7.0},{"not_picked":["Stack","Redo"],"picked":"Undo","floor":8.0},{"not_picked":["Hologram","Cold Snap"],"picked":"Genetic Algorithm","floor":11.0},{"not_picked":["Redo","Reinforced Body"],"picked":"Conserve Battery","floor":13.0},{"not_picked":["White Noise","Reinforced Body"],"picked":"Darkness","floor":14.0},{"not_picked":["All For One","Creative AI"],"picked":"Echo Form","floor":16.0},{"not_picked":["Consume","Gash"],"picked":"Redo","floor":18.0},{"not_picked":["Turbo","Leap"],"picked":"Core Surge","floor":20.0},{"not_picked":["Hologram","Go for the Eyes"],"picked":"Turbo","floor":23}],"player_experience":1527705,"relics_obtained":[{"floor":8.0,"key":"StrikeDummy"},{"floor":9.0,"key":"Pocketwatch"},{"floor":11.0,"key":"Bag of Preparation"},{"floor":23,"key":"WingedGreaves"},{"floor":26,"key":"Ornamental Fan"}],"event_choices":[{"cards_removed":["Strike_B"],"damage_healed":0.0,"max_hp_gain":0.0,"max_hp_loss":0.0,"gold_gain":0.0,"event_name":"Golden Wing","player_choice":"Card Removal","floor":2.0,"gold_loss":0.0,"damage_taken":7.0},{"damage_healed":23.0,"max_hp_gain":0.0,"max_hp_loss":0.0,"gold_gain":0.0,"event_name":"Big Fish","player_choice":"Banana","floor":12.0,"gold_loss":0.0,"damage_taken":0.0},{"damage_healed":0.0,"max_hp_gain":0.0,"max_hp_loss":0.0,"gold_gain":0.0,"event_name":"Forgotten Altar","player_choice":"Smashed Altar","floor":21.0,"gold_loss":0.0,"damage_taken":0.0,"cards_obtained":["Decay"]},{"cards_removed":["Decay"],"damage_healed":0,"gold_gain":0,"player_choice":"Elegance","damage_taken":0,"max_hp_gain":0,"max_hp_loss":0,"event_name":"Back to Basics","floor":22,"gold_loss":0}],"is_beta":false,"boss_relics":[{"not_picked":["Pandora\u0027s Box","Coffee Dripper"],"picked":"Sozu"}],"items_purged_floors":[],"is_endless":false,"potions_floor_spawned":[8,14,16,18],"killed_by":"Book of Stabbing","ascension_level":20}}