{"host":"gg","time":1609915300,"event":{"mods":["BaseMod","Colored Map","Googly Eyes","Minty Spire (QoL Compilation)","Permanent Neow","Relic Stats","The IronCluck"],"gold_per_floor":[113,188,207,221,1,30,49,68,68,68,68,68],"floor_reached":11,"playtime":442,"items_purged":[],"score":150,"play_id":"af072fa2-b5ba-4407-985d-c02f81b4112c","local_time":"20210105224140","is_ascension_mode":true,"campfire_choices":[{"floor":10.0,"key":"REST"}],"circlet_count":0,"master_deck":["AscendersBane","Strike_P","Strike_P","Strike_P","Strike_P","Defend_P","Defend_P","Defend_P","Defend_P","Eruption","Vigilance","JustLucky","FlurryOfBlows","JustLucky","Consecrate","Meditate","TalkToTheHand","Conclude"],"relics":["Fusion Hammer","Happy Flower","Ancient Tea Set"],"acts_visited":["Exordium"],"potions_floor_usage":[],"damage_taken":[{"damage":1.0,"enemies":"Small Slimes","floor":1.0,"turns":4.0},{"damage":0.0,"enemies":"2 Louse","floor":3.0,"turns":2.0},{"damage":0.0,"enemies":"Cultist","floor":4.0,"turns":2.0},{"damage":28.0,"enemies":"Gremlin Nob","floor":6.0,"turns":4.0},{"damage":0.0,"enemies":"2 Fungi Beasts","floor":7.0,"turns":3.0},{"damage":6.0,"enemies":"Looter","floor":8.0,"turns":3.0},{"damage":0,"enemies":"Lagavulin","floor":11,"turns":1}],"seed_played":"1017797684758241036","potions_obtained":[{"floor":1.0,"key":"Dexterity Potion"},{"floor":3.0,"key":"Ancient Potion"}],"is_trial":false,"path_per_floor":["M","?","M","M","$","E","M","M","T","R","E"],"character_chosen":"WATCHER","items_purchased":["Happy Flower","Consecrate"],"campfire_rested":1,"item_purchase_floors":[5,5],"current_hp_per_floor":[60,49,49,49,49,21,21,15,15,35,35,35],"gold":68,"neow_bonus":"BOSS_RELIC","is_daily":false,"chose_seed":false,"campfire_upgraded":0,"win_rate":0.0,"timestamp":1609915300,"path_taken":["M","?","M","M","$","E","M","M","T","R","E"],"items_purchased_type":["Relic","Card"],"build_version":"2020-12-18","purchased_purges":0,"victory":false,"max_hp_per_floor":[68,68,68,68,68,68,68,68,68,68,68,68],"relic_stats":{"Happy Flower":[3],"counters":[7,19],"obtain_stats":[{"Happy Flower":5,"Fusion Hammer":0,"PureWater":0,"Ancient Tea Set":6},{"Happy Flower":3,"Fusion Hammer":0,"PureWater":0,"Ancient Tea Set":4},{"Happy Flower":8,"Fusion Hammer":0,"PureWater":0,"Ancient Tea Set":12}]},"card_choices":[{"not_picked":["ForeignInfluence","PathToVictory"],"picked":"JustLucky","floor":1.0},{"not_picked":["SashWhip","Collect"],"picked":"FlurryOfBlows","floor":3.0},{"not_picked":["Prostrate","DeceiveReality"],"picked":"JustLucky","floor":4.0},{"not_picked":["ThirdEye","Nirvana"],"picked":"Meditate","floor":6.0},{"not_picked":["FlurryOfBlows","Crescendo"],"picked":"TalkToTheHand","floor":7.0},{"not_picked":["FlurryOfBlows","Evaluate"],"picked":"Conclude","floor":8.0}],"player_experience":1071020,"relics_obtained":[{"floor":6.0,"key":"Ancient Tea Set"}],"event_choices":[{"damage_healed":0.0,"max_hp_gain":0.0,"max_hp_loss":0.0,"gold_gain":75.0,"event_name":"World of Goop","player_choice":"Gather Gold","floor":2.0,"gold_loss":0.0,"damage_taken":11.0}],"is_beta":true,"boss_relics":[],"items_purged_floors":[],"is_endless":false,"potions_floor_spawned":[1,3],"killed_by":"Lagavulin","ascension_level":20}}