{"host":"seujf6kmfn3ctpoe","time":1609975598,"event":{"mods":["BaseMod","Colored Map","Downfall","Minty Spire (QoL Compilation)","Permanent Neow","Relic Sorter","Relic Stats","StSLib"],"gold_per_floor":[99,117,127,227,237,270,270,270,284,294,324,324,324,344,364,469,469,469,481,481,481,391,391,443,443,458,476,511,511,536,536,556,653,653,653,673,688,699,699,711,711,724,724,724,724,755,755,767,786,786],"floor_reached":51,"playtime":3410,"items_purged":["Slimebound:Defend_Slimebound"],"score":740,"play_id":"1582f685-3d1b-4d27-8997-df3853ba0dc9","local_time":"20210107002638","is_ascension_mode":true,"campfire_choices":[{"data":"Slimebound:Split","floor":1,"key":"SMITH"},{"data":"Slimebound:SlimeSlap","floor":8,"key":"SMITH"},{"data":"Slimebound:Equalize","floor":18,"key":"SMITH"},{"floor":23,"key":"DIG"},{"floor":25,"key":"DIG"},{"floor":29,"key":"DIG"},{"data":"Slimebound:GrowthPunch","floor":35,"key":"SMITH"},{"data":"Slimebound:SpikyOuterGoop","floor":45,"key":"SMITH"},{"floor":47,"key":"DIG"}],"circlet_count":0,"master_deck":["Slimebound:Defend_Slimebound","Slimebound:Defend_Slimebound","Slimebound:Defend_Slimebound","Slimebound:Split+1","Slimebound:CorrosiveSpit+1","Slimebound:PressTheAttack","Slimebound:SlimeSpikes","Slimebound:SlimeSlap+1","Slimebound:ItLooksTasty","Slimebound:FormOfPuddle","Slimebound:GrowthPunch+1","Slimebound:Equalize+1","Slimebound:RallyTheTroops","Slimebound:SplitMire","Slimebound:RejuvenatingLick+1","Slimebound:LeechEnergy+1","Slimebound:SpikyOuterGoop+1","Slimebound:LevelUp+1","Slimebound:SpikyOuterGoop+1","Slimebound:LeadByExample+1","Slimebound:LevelUp+1","Slimebound:SamplingLick+1"],"relics":["Slimebound:AbsorbEndCombat","Thread and Needle","Mummified Hand","Meat on the Bone","Shovel","Sozu","MutagenicStrength","Potion Belt","Smiling Mask","White Beast Statue","Pear","Letter Opener","Eternal Feather","Empty Cage","Toxic Egg 2","Frozen Egg 2","Nunchaku"],"acts_visited":["Exordium","TheCity","TheBeyond"],"potions_floor_usage":[16,50,50],"damage_taken":[{"damage":11,"enemies":"Jaw Worm","floor":2,"turns":4},{"damage":11,"enemies":"Cultist","floor":3,"turns":2},{"damage":8,"enemies":"2 Louse","floor":5,"turns":3},{"damage":24,"enemies":"Gremlin Nob","floor":6,"turns":4},{"damage":13,"enemies":"Large Slime","floor":9,"turns":5},{"damage":16,"enemies":"Lots of Slimes","floor":10,"turns":3},{"damage":21,"enemies":"3 Sentries","floor":11,"turns":6},{"damage":14,"enemies":"3 Louse","floor":14,"turns":3},{"damage":12,"enemies":"Exordium Thugs","floor":15,"turns":4},{"damage":32,"enemies":"downfall:Watcher","floor":16,"turns":8},{"damage":16,"enemies":"Shell Parasite","floor":19,"turns":5},{"damage":8,"enemies":"downfall:FleeingMerchant","floor":22,"turns":4},{"damage":22,"enemies":"Spheric Guardian","floor":26,"turns":4},{"damage":18,"enemies":"Snecko","floor":27,"turns":3},{"damage":30,"enemies":"Book of Stabbing","floor":28,"turns":5},{"damage":25,"enemies":"Slavers","floor":30,"turns":4},{"damage":12,"enemies":"Shelled Parasite and Fungi","floor":32,"turns":4},{"damage":68,"enemies":"downfall:Silent","floor":33,"turns":9},{"damage":20,"enemies":"3 Shapes","floor":36,"turns":5},{"damage":21,"enemies":"3 Darklings","floor":37,"turns":5},{"damage":12,"enemies":"4 Shapes","floor":38,"turns":6},{"damage":18,"enemies":"Sphere and 2 Shapes","floor":40,"turns":5},{"damage":12,"enemies":"3 Darklings","floor":42,"turns":4},{"damage":22,"enemies":"3 Darklings","floor":43,"turns":5},{"damage":13,"enemies":"Giant Head","floor":46,"turns":8},{"damage":23,"enemies":"Writhing Mass","floor":48,"turns":6},{"damage":19,"enemies":"Spire Growth","floor":49,"turns":4},{"damage":29,"enemies":"downfall:Defect","floor":50,"turns":7}],"seed_played":"-3542855968489726547","potions_obtained":[{"floor":3,"key":"PowerPotion"},{"floor":9,"key":"Regen Potion"},{"floor":14,"key":"Weak Potion"}],"is_trial":false,"path_per_floor":["R","M","M","?","M","E","T","R","M","M","E","?","?","M","M","B",null,"R","M","?","?","$","R","T","R","M","M","E","R","E","?","M","B",null,"R","M","M","M","?","M","T","M","?","?","R","E","R","M","M","B",null],"character_chosen":"SLIMEBOUND","items_purchased":[],"campfire_rested":0,"item_purchase_floors":[],"current_hp_per_floor":[54,53,53,53,54,40,40,40,41,39,44,44,44,44,46,45,54,54,54,54,54,54,54,54,54,51,51,58,58,64,64,64,49,64,64,64,64,64,64,64,64,64,64,64,64,64,64,55,64,64],"gold":786,"neow_bonus":"ONE_RARE_RELIC","is_daily":false,"chose_seed":false,"campfire_upgraded":5,"win_rate":0.0,"timestamp":1609975598,"path_taken":["R","M","M","?","?","E","T","R","M","M","E","?","?","?","M","BOSS","R","M","?","?","$","R","T","R","?","M","E","R","E","?","M","BOSS","R","M","M","M","?","M","T","?","?","?","R","E","R","?","M","BOSS"],"items_purchased_type":[],"build_version":"2020-12-22","purchased_purges":1,"victory":true,"max_hp_per_floor":[54,54,54,54,54,54,54,54,54,54,54,54,54,54,54,54,54,54,54,54,54,54,54,54,54,54,54,64,64,64,64,64,64,64,64,64,64,64,64,64,64,64,64,64,64,64,64,64,64,64],"relic_stats":{"Sozu":15,"Nunchaku":[2],"Shovel":4,"counters":[28,127],"Mummified Hand":[43],"Eternal Feather":0,"Letter Opener":[211],"Smiling Mask":0,"obtain_stats":[{"Potion Belt":23,"Pear":28,"Thread and Needle":0,"Eternal Feather":30,"Letter Opener":29,"Frozen Egg 2":46,"Smiling Mask":24,"Empty Cage":34,"White Beast Statue":25,"Sozu":17,"Nunchaku":47,"Shovel":11,"Mummified Hand":6,"MutagenicStrength":21,"Slimebound:AbsorbEndCombat":0,"Toxic Egg 2":41,"Meat on the Bone":7},{"Potion Belt":12,"Pear":15,"Thread and Needle":0,"Eternal Feather":16,"Letter Opener":15,"Frozen Egg 2":25,"Smiling Mask":12,"Empty Cage":18,"White Beast Statue":12,"Sozu":10,"Nunchaku":25,"Shovel":7,"Mummified Hand":4,"MutagenicStrength":11,"Slimebound:AbsorbEndCombat":0,"Toxic Egg 2":22,"Meat on the Bone":4},{"Potion Belt":48,"Pear":60,"Thread and Needle":0,"Eternal Feather":64,"Letter Opener":60,"Frozen Egg 2":112,"Smiling Mask":48,"Empty Cage":77,"White Beast Statue":48,"Sozu":39,"Nunchaku":112,"Shovel":24,"Mummified Hand":11,"MutagenicStrength":44,"Slimebound:AbsorbEndCombat":0,"Toxic Egg 2":95,"Meat on the Bone":11}],"Meat on the Bone":24},"card_choices":[{"not_picked":["Slimebound:Schlurp","Slimebound:Prepare"],"picked":"Slimebound:PressTheAttack","floor":2},{"not_picked":["Slimebound:GoopSpray","Slimebound:AcidTongue"],"picked":"Slimebound:SlimeSpikes","floor":3},{"not_picked":["Slimebound:SplitLeeching","Slimebound:FinishingTackle","Slimebound:HauntingLick"],"picked":"SKIP","floor":5},{"not_picked":["Slimebound:ForwardTackle","Slimebound:ItLooksTasty"],"picked":"Slimebound:SlimeSlap","floor":6},{"not_picked":["Slimebound:FinishingTackle","Slimebound:RollThrough","Slimebound:Dissolve"],"picked":"SKIP","floor":9},{"not_picked":["Slimebound:SplitAcid","Slimebound:SamplingLick"],"picked":"Slimebound:ItLooksTasty","floor":10},{"not_picked":["Slimebound:MassRepurpose","Slimebound:LeechingTouch","Slimebound:ComboTackle"],"picked":"SKIP","floor":11},{"not_picked":["Slimebound:SlimeTap","Slimebound:Repurpose"],"picked":"Slimebound:GrowthPunch","floor":14},{"not_picked":["Slimebound:GoopSpray","Slimebound:FinishingTackle"],"picked":"Slimebound:Equalize","floor":15},{"not_picked":["Slimebound:Overexert","Slimebound:SelfFormingGoo"],"picked":"Slimebound:RallyTheTroops","floor":16},{"not_picked":["Slimebound:ComboTackle","Slimebound:SplitLeeching","Slimebound:ViciousTackle"],"picked":"SKIP","floor":19},{"not_picked":["Slimebound:RollThrough","Slimebound:SamplingLick"],"picked":"Slimebound:SplitMire","floor":22},{"not_picked":["Slimebound:SplitLeeching+1","Slimebound:SplitMire+1","Slimebound:RallyTheTroops"],"picked":"SKIP","floor":26},{"not_picked":["Slimebound:SamplingLick","Slimebound:SplitBruiser"],"picked":"Slimebound:RejuvenatingLick+1","floor":27},{"not_picked":["Slimebound:Repurpose","Slimebound:Equalize"],"picked":"Slimebound:LeechEnergy+1","floor":28},{"not_picked":["Slimebound:LivingWall","Slimebound:FinishingTackle","Slimebound:ViciousTackle+1"],"picked":"SKIP","floor":30},{"not_picked":["Slimebound:SplitBruiser","Slimebound:Chomp"],"picked":"Slimebound:SpikyOuterGoop+1","floor":32},{"not_picked":["Slimebound:SamplingLick+1","Slimebound:GoopSpray+1"],"picked":"Slimebound:LevelUp+1","floor":36},{"not_picked":["Slimebound:TongueLash","Slimebound:FirmFortitude","Slimebound:SlimeTap"],"picked":"SKIP","floor":37},{"not_picked":["Slimebound:ComboTackle+1","Slimebound:GrowthPunch","Slimebound:RollThrough+1"],"picked":"SKIP","floor":38},{"not_picked":["Slimebound:LeechingTouch+1","Slimebound:ComboTackle+1","Slimebound:DisruptingSlam"],"picked":"SKIP","floor":40},{"not_picked":["Slimebound:HauntingLick+1","Slimebound:Schlurp+1"],"picked":"Slimebound:SpikyOuterGoop","floor":42},{"not_picked":["Slimebound:MassRepurpose+1","Slimebound:ItLooksTasty+1"],"picked":"Slimebound:LeadByExample+1","floor":43},{"not_picked":["Slimebound:SplitMire+1","Slimebound:ItLooksTasty+1","Slimebound:BestDefense+1"],"picked":"SKIP","floor":46},{"not_picked":["Slimebound:Chomp+1","Slimebound:ComboTackle","Slimebound:ProtectTheBoss+1"],"picked":"SKIP","floor":48},{"not_picked":["Slimebound:SlimeTap+1","Slimebound:Dissolve+1"],"picked":"Slimebound:SamplingLick+1","floor":49}],"player_experience":405567,"relics_obtained":[{"floor":6,"key":"Mummified Hand"},{"floor":7,"key":"Meat on the Bone"},{"floor":11,"key":"Shovel"},{"floor":23,"key":"Potion Belt"},{"floor":24,"key":"Smiling Mask"},{"floor":25,"key":"White Beast Statue"},{"floor":28,"key":"Pear"},{"floor":29,"key":"Letter Opener"},{"floor":30,"key":"Eternal Feather"},{"floor":41,"key":"Toxic Egg 2"},{"floor":46,"key":"Frozen Egg 2"},{"floor":47,"key":"Nunchaku"}],"event_choices":[{"damage_healed":0,"gold_gain":0,"player_choice":"Grow","damage_taken":0,"max_hp_gain":0,"max_hp_loss":0,"event_name":"Living Wall","floor":12,"gold_loss":0,"cards_upgraded":["Slimebound:CorrosiveSpit"]},{"damage_healed":0,"gold_gain":0,"cards_transformed":["Slimebound:Strike_Slimebound"],"player_choice":"Transformed","damage_taken":0,"max_hp_gain":0,"max_hp_loss":0,"event_name":"Transmorgrifier","floor":13,"gold_loss":0,"cards_obtained":["Slimebound:FormOfPuddle"]},{"damage_healed":0,"gold_gain":0,"player_choice":"Ignored","damage_taken":0,"max_hp_gain":0,"max_hp_loss":0,"event_name":"Ghosts","floor":20,"gold_loss":0},{"damage_healed":0,"gold_gain":0,"player_choice":"Inject Mutagens","damage_taken":0,"relics_obtained":["MutagenicStrength"],"max_hp_gain":0,"max_hp_loss":0,"event_name":"Drug Dealer","floor":21,"gold_loss":0},{"damage_healed":0,"gold_gain":0,"player_choice":"Ignored","damage_taken":0,"max_hp_gain":0,"max_hp_loss":0,"event_name":"Transmorgrifier","floor":39,"gold_loss":0},{"damage_healed":0,"gold_gain":0,"player_choice":"Copied","damage_taken":0,"max_hp_gain":0,"max_hp_loss":0,"event_name":"Duplicator","floor":44,"gold_loss":0,"cards_obtained":["Slimebound:LevelUp"]}],"is_beta":false,"boss_relics":[{"not_picked":["Runic Pyramid","Fusion Hammer"],"picked":"Sozu"},{"not_picked":["Snecko Eye","Slimebound:AbsorbEndCombatUpgraded"],"picked":"Empty Cage"}],"items_purged_floors":[22],"is_endless":false,"potions_floor_spawned":[3,9,14,26,27,28,30,32,33,36,37,38,40,42,43,46,48,49],"ascension_level":1}}