{"host":"56xwnffi6e9z5l58","time":1609944827,"event":{"mods":["Aspiration","BaseMod","Better Match","Better Note","Better Sensory Stone","BetterRewards","Colored Map","Colored Powertips","Conspire","GifTheSpireLib","Hermit","Highlight Path","Hubris","Infinite Spire","Key Reminder","Minty Spire (QoL Compilation)","Permanent Neow","Quick Restart","Rare Cards Sparkle","Replay The Spire","StSLib","Stuff the Spire","SuperFastMode","Unceasing Turn Reminder"],"gold_per_floor":[109,120,120,147,147,147,177,177,177,210,226,255,273,292,292,292,292],"floor_reached":16,"playtime":469,"items_purged":[],"score":198,"play_id":"eee29b4a-53d1-42b9-a6b6-3160d36be6d7","local_time":"20210106225347","is_ascension_mode":true,"campfire_choices":[{"data":"ReplayTheSpireMod:Dual Polarity","floor":6,"key":"SMITH"},{"data":"ReplayTheSpireMod:Calculation Training","floor":8,"key":"SMITH"},{"data":"Strike_B","floor":15,"key":"PURGE"}],"circlet_count":0,"master_deck":["AscendersBane","Strike_B","Strike_B","Defend_B","Defend_B","Defend_B","Defend_B","Zap","Dualcast","Buffer","Conserve Battery","ReplayTheSpireMod:Dual Polarity+1","Panic Button+1","ReplayTheSpireMod:Calculation Training+1","Static Discharge","Multi-Cast","Fusion","Streamline"],"relics":["Cracked Core","hubris:Towel","Regal Pillow","Ornamental Fan","hubris:MobiusCoin","Art of War","Gremlin Food"],"acts_visited":["Exordium"],"potions_floor_usage":[7,12,14],"damage_taken":[{"damage":0,"enemies":"Cultist","floor":1,"turns":4},{"damage":2,"enemies":"Jaw Worm","floor":2,"turns":5},{"damage":9,"enemies":"Gremlin Nob","floor":7,"turns":4},{"damage":15,"enemies":"Lagavulin","floor":10,"turns":5},{"damage":4,"enemies":"2 Louse","floor":11,"turns":4},{"damage":11,"enemies":"Gremlin Nob","floor":12,"turns":4},{"damage":11,"enemies":"2 Fungi Beasts","floor":13,"turns":4},{"damage":0,"enemies":"Large Slime","floor":14,"turns":6},{"damage":29,"enemies":"Fading Forest","floor":16,"turns":7}],"seed_played":"7260740267510911780","potions_obtained":[{"floor":1,"key":"Block Potion"},{"floor":2,"key":"Adrenaline Potion"},{"floor":7,"key":"SneckoOil"},{"floor":12,"key":"Explosive Potion"},{"floor":13,"key":"Fruit Juice"}],"is_trial":false,"path_per_floor":["M","M","?","T","?","R","E","R","T","E","M","E","M","M","R_BF","B"],"character_chosen":"DEFECT","items_purchased":[],"campfire_rested":0,"item_purchase_floors":[],"current_hp_per_floor":[68,66,66,66,66,66,57,57,57,42,38,27,16,21,21,0,0],"gold":292,"neow_bonus":"ONE_RANDOM_RARE_CARD","is_daily":false,"chose_seed":false,"campfire_upgraded":2,"win_rate":0.0,"timestamp":1609944827,"path_taken":["M","?","?","?","?","R","E","R","T","E","M","E","M","M","R_BF","BOSS"],"items_purchased_type":[],"build_version":"2020-12-22","purchased_purges":0,"victory":false,"max_hp_per_floor":[75,75,75,75,75,75,75,75,75,75,75,75,75,80,80,80,80],"card_choices":[{"not_picked":["Ball Lightning","Compile Driver"],"picked":"Conserve Battery","floor":1},{"not_picked":["Rebound","Hologram"],"picked":"ReplayTheSpireMod:Dual Polarity","floor":2},{"not_picked":["Compile Driver","Chill"],"picked":"ReplayTheSpireMod:Calculation Training","floor":7},{"not_picked":["Chaos","BasicCrystalCard"],"picked":"Static Discharge","floor":10},{"not_picked":["Redo","StuffTheSpire:LoadUp"],"picked":"Multi-Cast","floor":11},{"not_picked":["Beam Cell","Leap"],"picked":"Fusion","floor":12},{"not_picked":["Turbo","Reinforced Body","StuffTheSpire:Rend"],"picked":"SKIP","floor":13},{"not_picked":["Stack","Conserve Battery"],"picked":"Streamline","floor":14}],"player_experience":949559,"relics_obtained":[{"floor":4,"key":"Regal Pillow"},{"floor":7,"key":"Ornamental Fan"},{"floor":9,"key":"hubris:MobiusCoin"},{"floor":10,"key":"Art of War"},{"floor":12,"key":"Gremlin Food"}],"event_choices":[],"is_beta":false,"boss_relics":[],"items_purged_floors":[],"is_endless":false,"potions_floor_spawned":[1,2,7,12,13],"killed_by":"Fading Forest","ascension_level":13}}