{"host":"yiit85oc4oi3nqs8","time":1609946836,"event":{"mods":["AchievementEnabler","BaseMod","Better Third Choice","Block Reminder","DeckTracker","Highlight Path","Keyboard Shortcuts","Minty Spire (QoL Compilation)","MonsterHotkey","Quick Restart","Random Character Button","Relic Stats","StSLib"],"gold_per_floor":[117,117,134,134,77,95,95,95,113,124,140,140,140,173,173,173,173,173,226,241,272,272,282,282,282,282,299,299,299,299,375,375,391,402,420,420,432,484,484,496,496,496,421,245,245,245,271,271,295,295,345,364,254,254,264,264,264,282,282,282,282,359,359,369,369,244,180,193,20,20,20,74,74,74,107,125,125,153,153,202,236,256,309,327,327,327,1,1,1,1,1],"floor_reached":92,"playtime":3963,"items_purged":["Defend_B","Defend_B","Sweeping Beam+1","Defend_B+1"],"score":2478,"play_id":"ed64a817-5860-44d9-a3c7-41d67cd947d2","local_time":"20210107002716","is_ascension_mode":true,"campfire_choices":[{"floor":12.0,"key":"REST"},{"data":"Hologram","floor":13.0,"key":"SMITH"},{"data":"Zap","floor":15.0,"key":"SMITH"},{"data":"Dualcast","floor":17.0,"key":"SMITH"},{"floor":24.0,"key":"REST"},{"data":"Hologram","floor":26.0,"key":"SMITH"},{"data":"Glacier","floor":28.0,"key":"SMITH"},{"floor":29.0,"key":"REST"},{"data":"Sweeping Beam","floor":30.0,"key":"SMITH"},{"floor":41.0,"key":"REST"},{"data":"Seek","floor":42.0,"key":"SMITH"},{"data":"Defend_B","floor":46.0,"key":"SMITH"},{"floor":56.0,"key":"REST"},{"floor":57.0,"key":"REST"},{"data":"Gash","floor":59.0,"key":"SMITH"},{"floor":60.0,"key":"REST"},{"floor":61.0,"key":"RECALL"},{"data":"Seek","floor":73.0,"key":"SMITH"},{"floor":74.0,"key":"REST"},{"floor":77.0,"key":"REST"},{"floor":88.0,"key":"REST"}],"circlet_count":0,"master_deck":["AscendersBane","Zap+1","Dualcast+1","Glacier+1","Gash+1","Go for the Eyes+1","Hologram+1","Hologram+1","Beam Cell+1","Seek+1","Defragment+1","Gash+1","Seek+1","Loop+1","Echo Form+1"],"relics":["Cracked Core","Vajra","Boot","Pantograph","Shuriken","Tiny Chest","Frozen Egg 2","Empty Cage","Potion Belt","Toy Ornithopter","MealTicket","Bottled Lightning","Oddly Smooth Stone","Akabeko","Inserter","Ginger","Medical Kit","Sundial","Bag of Marbles","Ornamental Fan","Letter Opener","Kunai","Strawberry","InkBottle","Thread and Needle"],"acts_visited":["Exordium","TheCity","TheBeyond"],"potions_floor_usage":[],"damage_taken":[{"damage":7.0,"enemies":"Small Slimes","floor":1.0,"turns":2.0},{"damage":0.0,"enemies":"2 Louse","floor":3.0,"turns":3.0},{"damage":2.0,"enemies":"Jaw Worm","floor":6.0,"turns":5.0},{"damage":2.0,"enemies":"Exordium Thugs","floor":9.0,"turns":4.0},{"damage":1.0,"enemies":"2 Fungi Beasts","floor":10.0,"turns":3.0},{"damage":5.0,"enemies":"Gremlin Gang","floor":11.0,"turns":4.0},{"damage":17.0,"enemies":"Gremlin Nob","floor":14.0,"turns":4.0},{"damage":0.0,"enemies":"Blue Slaver","floor":20.0,"turns":3.0},{"damage":10.0,"enemies":"3 Sentries","floor":21.0,"turns":5.0},{"damage":1.0,"enemies":"Exordium Wildlife","floor":23.0,"turns":4.0},{"damage":0.0,"enemies":"Lots of Slimes","floor":27.0,"turns":3.0},{"damage":69.0,"enemies":"Slime Boss","floor":31.0,"turns":10.0},{"damage":13.0,"enemies":"Chosen","floor":33.0,"turns":6.0},{"damage":27.0,"enemies":"2 Thieves","floor":34.0,"turns":4.0},{"damage":10.0,"enemies":"Snecko","floor":35.0,"turns":14.0},{"damage":18.0,"enemies":"Sentry and Sphere","floor":37.0,"turns":6.0},{"damage":0.0,"enemies":"3 Cultists","floor":40.0,"turns":6.0},{"damage":18.0,"enemies":"Chosen and Byrds","floor":52.0,"turns":5.0},{"damage":4.0,"enemies":"Shelled Parasite and Fungi","floor":55.0,"turns":3.0},{"damage":5.0,"enemies":"Snake Plant","floor":58.0,"turns":3.0},{"damage":12.0,"enemies":"Automaton","floor":62.0,"turns":8.0},{"damage":23.0,"enemies":"3 Shapes","floor":64.0,"turns":3.0},{"damage":3.0,"enemies":"Orb Walker","floor":68.0,"turns":3.0},{"damage":3.0,"enemies":"Nemesis","floor":75.0,"turns":7.0},{"damage":0.0,"enemies":"3 Darklings","floor":76.0,"turns":4.0},{"damage":0.0,"enemies":"Giant Head","floor":78.0,"turns":6.0},{"damage":25.0,"enemies":"Reptomancer","floor":81.0,"turns":7.0},{"damage":0.0,"enemies":"Sphere and 2 Shapes","floor":82.0,"turns":4.0},{"damage":9.0,"enemies":"2 Orb Walkers","floor":83.0,"turns":5.0},{"damage":0.0,"enemies":"Transient","floor":84.0,"turns":6.0},{"damage":0.0,"enemies":"Awakened One","floor":90.0,"turns":7.0},{"damage":19,"enemies":"Time Eater","floor":91,"turns":8}],"seed_played":"5847076930887988556","potions_obtained":[{"floor":3.0,"key":"Strength Potion"},{"floor":6.0,"key":"SneckoOil"},{"floor":10.0,"key":"SteroidPotion"},{"floor":14.0,"key":"Block Potion"},{"floor":21.0,"key":"Weak Potion"},{"floor":31.0,"key":"ColorlessPotion"},{"floor":34.0,"key":"Regen Potion"},{"floor":37.0,"key":"Fire Potion"},{"floor":52.0,"key":"AttackPotion"},{"floor":55.0,"key":"Fire Potion"},{"floor":68.0,"key":"PowerPotion"},{"floor":81.0,"key":"Fruit Juice"},{"floor":83.0,"key":"SteroidPotion"},{"floor":84.0,"key":"ColorlessPotion"}],"is_trial":false,"path_per_floor":["M","?","M","?","$","M","$","?","M","M","M","R","R","E","R","T","R","T","T","M","E","?","M","R","?","R","M","R","R","R","B",null,"M","M","M","T","M","?","?","M","R","R","$","$","?","R","T","T","T","T","?","M","?","T","M","R","R","M","R","R","R","B",null,"M","$","$","?","M","$","?","T","?","R","R","E","M","R","E","T","T","E","M","?","M","?","$","$","R","R","B","B",null],"character_chosen":"DEFECT","items_purchased":["Gash","Defragment+1","Medical Kit","Echo Form+1"],"campfire_rested":10,"item_purchase_floors":[5,44,69,87],"current_hp_per_floor":[57,57,57,39,39,37,37,37,35,34,29,50,50,33,33,33,33,33,33,33,23,16,15,36,36,36,36,36,57,57,2,54,41,14,19,19,1,1,1,6,27,27,27,27,27,27,27,27,27,27,20,2,2,2,3,24,45,40,40,61,61,59,68,45,60,71,71,68,71,71,71,71,71,71,68,68,71,71,71,78,53,53,54,54,54,69,83,83,83,83,64],"gold":1,"neow_bonus":"THREE_CARDS","is_daily":false,"chose_seed":false,"campfire_upgraded":10,"win_rate":0.0,"timestamp":1609946836,"path_taken":["M","?","M","?","$","M","$","?","M","?","M","R","R","E","R","?","R","T","T","M","E","?","M","R","?","R","M","R","R","R","BOSS","M","?","M","?","M","?","?","?","R","R","$","$","?","R","?","T","T","T","?","?","?","?","M","R","R","M","R","R","R","BOSS","M","$","$","?","?","?","?","?","?","R","R","E","M","R","E","T","T","E","M","?","?","?","$","$","R","R","BOSS","BOSS"],"items_purchased_type":["Card","Card","Relic","Card"],"build_version":"2020-12-22","purchased_purges":4,"victory":true,"max_hp_per_floor":[71,71,71,71,71,71,71,71,71,71,71,71,71,71,71,71,71,71,71,71,71,71,71,71,71,71,71,71,71,71,71,71,71,71,71,71,71,71,71,71,71,71,71,71,71,71,71,71,71,71,71,71,71,71,71,71,71,71,71,71,71,71,71,71,71,71,71,71,71,71,71,71,71,71,71,71,71,71,71,78,78,78,83,83,83,83,83,83,83,83,83],"relic_stats":{"Inserter":[30],"counters":[32,165],"Ginger":[5],"Letter Opener":[119],"Boot":[64],"Medical Kit":[14],"Shuriken":[53],"Sundial":[14],"Ornamental Fan":[120],"Pantograph":24,"Tiny Chest":4,"MealTicket":58,"Kunai":[23],"obtain_stats":[{"Vajra":4,"Ginger":67,"Boot":14,"Empty Cage":32,"Sundial":71,"Pantograph":16,"Strawberry":80,"Tiny Chest":19,"MealTicket":47,"Kunai":79,"Cracked Core":0,"InkBottle":81,"Potion Belt":36,"Inserter":63,"Oddly Smooth Stone":50,"Thread and Needle":83,"Letter Opener":78,"Frozen Egg 2":21,"Medical Kit":69,"Akabeko":54,"Shuriken":18,"Ornamental Fan":75,"Bag of Marbles":72,"Bottled Lightning":48,"Toy Ornithopter":38},{"Vajra":2,"Ginger":22,"Boot":7,"Empty Cage":12,"Sundial":23,"Pantograph":7,"Strawberry":26,"Tiny Chest":7,"MealTicket":17,"Kunai":26,"Cracked Core":0,"InkBottle":27,"Potion Belt":15,"Inserter":21,"Oddly Smooth Stone":17,"Thread and Needle":29,"Letter Opener":26,"Frozen Egg 2":9,"Medical Kit":23,"Akabeko":18,"Shuriken":7,"Ornamental Fan":24,"Bag of Marbles":23,"Bottled Lightning":17,"Toy Ornithopter":16},{"Vajra":5,"Ginger":108,"Boot":25,"Empty Cage":50,"Sundial":111,"Pantograph":25,"Strawberry":128,"Tiny Chest":25,"MealTicket":86,"Kunai":128,"Cracked Core":0,"InkBottle":135,"Potion Belt":74,"Inserter":105,"Oddly Smooth Stone":86,"Thread and Needle":144,"Letter Opener":128,"Frozen Egg 2":33,"Medical Kit":111,"Akabeko":91,"Shuriken":25,"Ornamental Fan":118,"Bag of Marbles":111,"Bottled Lightning":86,"Toy Ornithopter":80}],"Toy Ornithopter":15,"InkBottle":[18]},"card_choices":[{"not_picked":["Static Discharge","Compile Driver"],"picked":"Sweeping Beam","floor":0.0},{"not_picked":["Hologram","Beam Cell"],"picked":"Glacier","floor":1.0},{"not_picked":["Compile Driver","Ball Lightning","Steam"],"picked":"SKIP","floor":3.0},{"not_picked":["Skim","Rebound","Storm"],"picked":"SKIP","floor":6.0},{"not_picked":["Stack","Sunder"],"picked":"Go for the Eyes","floor":9.0},{"not_picked":["Go for the Eyes","Redo","Turbo"],"picked":"SKIP","floor":10.0},{"not_picked":["Recycle","Core Surge"],"picked":"Hologram","floor":11.0},{"not_picked":["Turbo","Compile Driver","Skim"],"picked":"SKIP","floor":14.0},{"not_picked":["Scrape","White Noise"],"picked":"Hologram","floor":20.0},{"not_picked":["Coolheaded","Tempest","Conserve Battery"],"picked":"SKIP","floor":21.0},{"not_picked":["Stack","Beam Cell","Turbo"],"picked":"SKIP","floor":23.0},{"not_picked":["Aggregate","Leap","Ball Lightning"],"picked":"SKIP","floor":27.0},{"not_picked":["Darkness","Force Field","Genetic Algorithm"],"picked":"SKIP","floor":33.0},{"not_picked":["Leap","Coolheaded+1","Go for the Eyes"],"picked":"SKIP","floor":34.0},{"not_picked":["Steam","Cold Snap","Leap"],"picked":"SKIP","floor":35.0},{"not_picked":["Leap","Compile Driver"],"picked":"Beam Cell+1","floor":37.0},{"not_picked":["Sweeping Beam","Chaos"],"picked":"Seek","floor":40.0},{"not_picked":["Consume+1","Force Field","Storm+1"],"picked":"SKIP","floor":52.0},{"not_picked":["Streamline","Go for the Eyes+1","Darkness"],"picked":"SKIP","floor":55.0},{"not_picked":["Go for the Eyes","Rebound"],"picked":"Gash","floor":58.0},{"not_picked":["Amplify","Meteor Strike"],"picked":"Seek","floor":62.0},{"not_picked":["Conserve Battery+1","Ball Lightning","Sweeping Beam+1"],"picked":"SKIP","floor":64.0},{"not_picked":["Cold Snap","Hello World+1"],"picked":"Loop+1","floor":68.0},{"not_picked":["Beam Cell","Auto Shields","Streamline+1"],"picked":"SKIP","floor":75.0},{"not_picked":["Reprogram+1","Hologram","Go for the Eyes"],"picked":"SKIP","floor":76.0},{"not_picked":["Cold Snap","Chaos+1","Electrodynamics+1"],"picked":"SKIP","floor":78.0},{"not_picked":["Skim+1","Compile Driver","Aggregate"],"picked":"SKIP","floor":81.0},{"not_picked":["Melter","Redo+1","Sweeping Beam"],"picked":"SKIP","floor":82.0},{"not_picked":["Recycle+1","Rebound+1","Redo"],"picked":"SKIP","floor":84.0}],"player_experience":493384,"relics_obtained":[{"floor":14.0,"key":"Boot"},{"floor":16.0,"key":"Pantograph"},{"floor":18.0,"key":"Shuriken"},{"floor":19.0,"key":"Tiny Chest"},{"floor":21.0,"key":"Frozen Egg 2"},{"floor":36.0,"key":"Potion Belt"},{"floor":38.0,"key":"Toy Ornithopter"},{"floor":47.0,"key":"MealTicket"},{"floor":48.0,"key":"Bottled Lightning"},{"floor":50.0,"key":"Oddly Smooth Stone"},{"floor":54.0,"key":"Akabeko"},{"floor":71.0,"key":"Sundial"},{"floor":72.0,"key":"Bag of Marbles"},{"floor":75.0,"key":"Ornamental Fan"},{"floor":78.0,"key":"Letter Opener"},{"floor":79.0,"key":"Kunai"},{"floor":80.0,"key":"Strawberry"},{"floor":81.0,"key":"InkBottle"},{"floor":83.0,"key":"Thread and Needle"}],"event_choices":[{"cards_removed":["Strike_B"],"damage_healed":0.0,"max_hp_gain":0.0,"max_hp_loss":0.0,"gold_gain":0.0,"event_name":"Living Wall","player_choice":"Forget","floor":2.0,"gold_loss":0.0,"damage_taken":0.0},{"damage_healed":0.0,"max_hp_gain":0.0,"max_hp_loss":0.0,"gold_gain":0.0,"event_name":"betterThird:BetterScrap","player_choice":"Relic ","floor":4.0,"gold_loss":0.0,"damage_taken":18.0,"cards_obtained":["Whirlwind"]},{"damage_healed":0.0,"max_hp_gain":0.0,"max_hp_loss":0.0,"gold_gain":0.0,"event_name":"betterThird:BetterSerpent","player_choice":"Ignored","floor":8.0,"gold_loss":0.0,"damage_taken":95.0},{"cards_removed":["Strike_B"],"damage_healed":0.0,"max_hp_gain":0.0,"max_hp_loss":0.0,"gold_gain":0.0,"event_name":"Golden Wing","player_choice":"Card Removal","floor":22.0,"gold_loss":0.0,"damage_taken":7.0},{"damage_healed":0.0,"max_hp_gain":0.0,"max_hp_loss":0.0,"gold_gain":0.0,"event_name":"Upgrade Shrine","player_choice":"Upgraded","floor":25.0,"gold_loss":0.0,"damage_taken":0.0,"cards_upgraded":["Go for the Eyes"]},{"damage_healed":0.0,"max_hp_gain":0.0,"max_hp_loss":0.0,"gold_gain":0.0,"event_name":"N\u0027loth","player_choice":"Ignored","floor":39.0,"gold_loss":0.0,"damage_taken":0.0},{"damage_healed":0.0,"max_hp_gain":0.0,"max_hp_loss":0.0,"gold_gain":0.0,"event_name":"Cursed Tome","player_choice":"Ignored","floor":45.0,"gold_loss":0.0,"damage_taken":0.0},{"damage_healed":0.0,"max_hp_gain":0.0,"max_hp_loss":0.0,"gold_gain":50.0,"event_name":"FaceTrader","player_choice":"Touch","floor":51.0,"gold_loss":0.0,"damage_taken":7.0},{"cards_removed":["Defend_B"],"damage_healed":0.0,"max_hp_gain":0.0,"max_hp_loss":0.0,"gold_gain":0.0,"event_name":"Designer","player_choice":"Upgrade and Remove","floor":53.0,"gold_loss":110.0,"damage_taken":0.0,"cards_upgraded":["Gash"]},{"damage_healed":0.0,"max_hp_gain":0.0,"max_hp_loss":0.0,"gold_gain":0.0,"event_name":"WeMeetAgain","player_choice":"Paid Gold","floor":67.0,"gold_loss":64.0,"damage_taken":0.0,"relics_obtained":["Ginger"]},{"damage_healed":0.0,"max_hp_gain":0.0,"max_hp_loss":0.0,"gold_gain":0.0,"event_name":"Mysterious Sphere","player_choice":"Fight","floor":83.0,"gold_loss":0.0,"damage_taken":0.0}],"is_beta":false,"boss_relics":[{"not_picked":["Black Star","Pandora\u0027s Box"],"picked":"Empty Cage"},{"not_picked":["Cursed Key","Fusion Hammer"],"picked":"Inserter"}],"items_purged_floors":[43,44,66,87],"is_endless":false,"potions_floor_spawned":[3,6,10,14,21,31,34,37,52,55,68,81,83,84],"ascension_level":20}}