{"host":"c3lc60y5x60jlt1y","time":1609912596,"event":{"mods":["AchievementEnabler","BaseMod","Bestiary","Colored Map","Minty Spire (QoL Compilation)","Quick Restart","StSLib","ojb\u0027s Info Mod"],"gold_per_floor":[118,11,11,86,106,138,138,87,112,126,156,156,5,5,5,79,79,96,96,67,79,99,99,99],"floor_reached":23,"playtime":895,"items_purged":["Defend_G"],"score":444,"play_id":"f9252a9a-0148-4f37-95e4-98939d17ed09","local_time":"20210106075636","is_ascension_mode":true,"campfire_choices":[{"data":"Dash","floor":7,"key":"SMITH"},{"data":"Phantasmal Killer","floor":15,"key":"SMITH"}],"circlet_count":0,"master_deck":["AscendersBane","Strike_G","Strike_G","Strike_G","Strike_G","Strike_G","Defend_G","Defend_G","Defend_G","Defend_G","Survivor","Neutralize","Dagger Spray","Poisoned Stab","Sucker Punch","Blade Dance","Dash+1","Phantasmal Killer+1","Infinite Blades","Backstab","Envenom","Cloak And Dagger","Writhe","Cloak And Dagger","Dash+1","Backstab"],"relics":["Ring of the Snake","NeowsBlessing","MealTicket","White Beast Statue","Boot","Gremlin Horn","Prayer Wheel","WristBlade","Frozen Egg 2"],"acts_visited":["Exordium","TheCity"],"potions_floor_usage":[11,16,16,21,22,23],"damage_taken":[{"damage":0,"enemies":"Cultist","floor":1,"turns":1},{"damage":0,"enemies":"2 Louse","floor":5,"turns":1},{"damage":0,"enemies":"Lagavulin","floor":6,"turns":1},{"damage":7,"enemies":"Small Slimes","floor":10,"turns":3},{"damage":8,"enemies":"Gremlin Nob","floor":11,"turns":3},{"damage":33,"enemies":"The Guardian","floor":16,"turns":13},{"damage":9,"enemies":"2 Thieves","floor":18,"turns":3},{"damage":0,"enemies":"Chosen","floor":21,"turns":3},{"damage":28,"enemies":"Snecko","floor":22,"turns":6},{"damage":39,"enemies":"Book of Stabbing","floor":23,"turns":4}],"seed_played":"5462573380107446693","potions_obtained":[{"floor":1,"key":"DuplicationPotion"},{"floor":10,"key":"SteroidPotion"},{"floor":11,"key":"FearPotion"},{"floor":16,"key":"SpeedPotion"},{"floor":18,"key":"Fire Potion"},{"floor":21,"key":"Fruit Juice"},{"floor":22,"key":"ColorlessPotion"}],"is_trial":false,"path_per_floor":["M","$","$","?","M","E","R","?","T","M","E","?","$","?","R","B",null,"M","?","$","M","M","E"],"character_chosen":"THE_SILENT","items_purchased":["Poisoned Stab","Sucker Punch","Backstab","Cloak And Dagger"],"campfire_rested":0,"item_purchase_floors":[2,2,13,20],"current_hp_per_floor":[59,59,59,48,48,48,48,48,48,41,33,33,48,37,37,4,51,42,42,57,57,34,0,0],"gold":99,"neow_bonus":"THREE_ENEMY_KILL","is_daily":false,"chose_seed":false,"campfire_upgraded":2,"win_rate":0.0,"timestamp":1609912596,"path_taken":["M","?","$","?","M","E","R","?","T","?","E","?","$","?","R","BOSS","M","?","$","M","M","E"],"items_purchased_type":["Card","Card","Card","Card"],"build_version":"2020-12-22","purchased_purges":1,"victory":false,"max_hp_per_floor":[66,66,66,66,66,66,66,66,66,66,66,66,66,66,66,66,66,66,66,66,66,71,71,71],"card_choices":[{"not_picked":["Riddle With Holes","Prepared"],"picked":"Dagger Spray","floor":1},{"not_picked":["Sucker Punch","Calculated Gamble"],"picked":"Blade Dance","floor":5},{"not_picked":["Escape Plan","Quick Slash"],"picked":"Dash","floor":6},{"not_picked":["Blade Dance","Footwork"],"picked":"Phantasmal Killer","floor":10},{"not_picked":["Prepared","Sucker Punch"],"picked":"Infinite Blades","floor":11},{"not_picked":["Doppelganger","Venomology"],"picked":"Envenom","floor":16},{"not_picked":["Slice","PiercingWail"],"picked":"Cloak And Dagger","floor":18},{"not_picked":["Reflex","Slice","Dagger Spray"],"picked":"SKIP","floor":18},{"not_picked":["Poisoned Stab+1","Prepared"],"picked":"Dash+1","floor":21},{"not_picked":["Sucker Punch","Flying Knee"],"picked":"Backstab","floor":21},{"not_picked":["Slice","Dagger Throw","Skewer"],"picked":"SKIP","floor":22},{"not_picked":["Cloak And Dagger","Acrobatics","Deadly Poison"],"picked":"SKIP","floor":22}],"player_experience":7522848,"relics_obtained":[{"floor":6,"key":"MealTicket"},{"floor":9,"key":"Boot"},{"floor":11,"key":"Gremlin Horn"}],"event_choices":[{"damage_healed":0,"gold_gain":75,"player_choice":"Gather Gold","damage_taken":11,"max_hp_gain":0,"max_hp_loss":0,"event_name":"World of Goop","floor":4,"gold_loss":0},{"damage_healed":0,"gold_gain":0,"player_choice":"Paid Gold","damage_taken":0,"relics_obtained":["White Beast Statue"],"max_hp_gain":0,"max_hp_loss":0,"event_name":"WeMeetAgain","floor":8,"gold_loss":51},{"damage_healed":0,"gold_gain":0,"player_choice":"Ignored","damage_taken":0,"max_hp_gain":0,"max_hp_loss":0,"event_name":"Liars Game","floor":12,"gold_loss":0},{"damage_healed":0,"gold_gain":0,"player_choice":"Success","damage_taken":11,"relics_obtained":["Prayer Wheel"],"max_hp_gain":0,"max_hp_loss":0,"event_name":"Scrap Ooze","floor":14,"gold_loss":0},{"damage_healed":0,"gold_gain":0,"player_choice":"Opened","damage_taken":0,"relics_obtained":["Frozen Egg 2"],"max_hp_gain":0,"max_hp_loss":0,"event_name":"The Mausoleum","floor":19,"gold_loss":0,"cards_obtained":["Writhe"]}],"is_beta":false,"boss_relics":[{"not_picked":["Calling Bell","Runic Pyramid"],"picked":"WristBlade"}],"items_purged_floors":[13],"is_endless":false,"potions_floor_spawned":[1,10,11,16,18,21,22],"killed_by":"Book of Stabbing","ascension_level":20}}