{"host":"Qube","time":1609959793,"event":{"mods":["AchievementEnabler","BaseMod","Colored Map","Colored Powertips","Minty Spire (QoL Compilation)","Quick Restart","Random Character Button","StSLib"],"gold_per_floor":[119,134,151,164,164,164,197,197,197,217,251,271,271,288,288,366,366,380,26,43,43,56,56,88,88,114,114,144,194,194,219,219,293,293,312,8,8,8,308,308,308,337,337,13,13,25,25,60,60,60],"floor_reached":51,"playtime":1860,"items_purged":["Strike_R","Defend_R"],"score":1552,"play_id":"5664c95f-be88-47c6-811b-7f913cad8c8e","local_time":"20210106110313","is_ascension_mode":true,"campfire_choices":[{"data":"Bash","floor":6.0,"key":"SMITH"},{"floor":8.0,"key":"REST"},{"data":"Flame Barrier","floor":13.0,"key":"SMITH"},{"data":"Clothesline","floor":15.0,"key":"SMITH"},{"data":"Strike_R","floor":23.0,"key":"PURGE"},{"floor":25.0,"key":"REST"},{"floor":27.0,"key":"REST"},{"data":"Shockwave","floor":32.0,"key":"SMITH"},{"data":"Writhe","floor":40.0,"key":"PURGE"},{"data":"Juggernaut","floor":45.0,"key":"SMITH"},{"data":"Uppercut","floor":47.0,"key":"SMITH"},{"data":"Defend_R","floor":49.0,"key":"PURGE"}],"circlet_count":0,"master_deck":["AscendersBane","Defend_R+1","Defend_R+1","Bash+1","Heavy Blade","Flame Barrier+1","Barricade","Heavy Blade","Heavy Blade","Uppercut+1","Heavy Blade","Corruption","Shockwave+1","Juggernaut+1","Heavy Blade+1","Mayhem","Flame Barrier","Mayhem","Dark Embrace","Entrench"],"relics":["Snecko Eye","Letter Opener","Darkstone Periapt","War Paint","Calling Bell","Akabeko","Mercury Hourglass","Charon\u0027s Ashes","Peace Pipe","Incense Burner","Red Skull","WingedGreaves","Sundial","Philosopher\u0027s Stone","Old Coin","Smiling Mask","Bag of Marbles","Bottled Lightning"],"acts_visited":["Exordium","TheCity","TheBeyond"],"potions_floor_usage":[50,50],"damage_taken":[{"damage":2.0,"enemies":"Jaw Worm","floor":1.0,"turns":2.0},{"damage":0.0,"enemies":"Small Slimes","floor":2.0,"turns":2.0},{"damage":1.0,"enemies":"2 Louse","floor":3.0,"turns":3.0},{"damage":0.0,"enemies":"Exordium Wildlife","floor":4.0,"turns":3.0},{"damage":8.0,"enemies":"Lagavulin","floor":7.0,"turns":5.0},{"damage":8.0,"enemies":"Blue Slaver","floor":10.0,"turns":3.0},{"damage":5.0,"enemies":"Gremlin Nob","floor":11.0,"turns":3.0},{"damage":20.0,"enemies":"Lots of Slimes","floor":12.0,"turns":4.0},{"damage":0.0,"enemies":"Exordium Wildlife","floor":14.0,"turns":3.0},{"damage":0.0,"enemies":"Slime Boss","floor":16.0,"turns":7.0},{"damage":6.0,"enemies":"Spheric Guardian","floor":18.0,"turns":3.0},{"damage":0.0,"enemies":"3 Byrds","floor":20.0,"turns":4.0},{"damage":17.0,"enemies":"Shelled Parasite and Fungi","floor":22.0,"turns":7.0},{"damage":21.0,"enemies":"Gremlin Leader","floor":24.0,"turns":4.0},{"damage":14.0,"enemies":"Slavers","floor":28.0,"turns":4.0},{"damage":13.0,"enemies":"Book of Stabbing","floor":31.0,"turns":4.0},{"damage":0.0,"enemies":"Automaton","floor":33.0,"turns":6.0},{"damage":6.0,"enemies":"3 Shapes","floor":35.0,"turns":3.0},{"damage":3.0,"enemies":"Nemesis","floor":42.0,"turns":5.0},{"damage":0.0,"enemies":"Orb Walker","floor":46.0,"turns":2.0},{"damage":0.0,"enemies":"Reptomancer","floor":48.0,"turns":3.0},{"damage":24,"enemies":"Donu and Deca","floor":50,"turns":9}],"seed_played":"-8889239758120946896","potions_obtained":[{"floor":2.0,"key":"Block Potion"},{"floor":3.0,"key":"LiquidBronze"},{"floor":10.0,"key":"ColorlessPotion"},{"floor":14.0,"key":"Energy Potion"},{"floor":16.0,"key":"Strength Potion"},{"floor":20.0,"key":"FearPotion"},{"floor":24.0,"key":"GamblersBrew"},{"floor":28.0,"key":"BlessingOfTheForge"},{"floor":31.0,"key":"Strength Potion"},{"floor":35.0,"key":"Fire Potion"},{"floor":46.0,"key":"ElixirPotion"},{"floor":48.0,"key":"Energy Potion"}],"is_trial":false,"path_per_floor":["M","M","M","M","?","R","E","R","T","M","E","M","R","M","R","B",null,"M","$","M","?","M","R","E","R","T","R","E","?","?","E","R","B",null,"M","$","?","?","T","R","?","E","T","$","R","M","R","E","R","B",null],"character_chosen":"IRONCLAD","items_purchased":["Peace Pipe","Block Potion","Mayhem","Flame Barrier","Mayhem","Dark Embrace"],"campfire_rested":3,"item_purchase_floors":[19,19,36,36,44,44],"current_hp_per_floor":[66,66,65,65,58,58,50,72,72,64,59,39,39,39,39,39,66,60,60,60,60,43,43,22,44,44,66,52,52,52,39,39,39,66,60,60,81,81,81,81,81,78,78,78,78,78,78,78,78,54],"gold":60,"neow_bonus":"BOSS_RELIC","is_daily":false,"chose_seed":false,"campfire_upgraded":6,"win_rate":0.0,"timestamp":1609959793,"path_taken":["M","M","M","M","?","R","E","R","T","M","E","M","R","M","R","BOSS","M","$","M","?","M","R","E","R","T","R","E","?","?","E","R","BOSS","M","$","?","?","?","R","?","E","T","$","R","?","R","E","R","BOSS"],"items_purchased_type":["Relic","Potion","Card","Card","Card","Card"],"build_version":"2020-12-18","purchased_purges":2,"victory":true,"max_hp_per_floor":[75,75,75,75,75,75,75,75,75,75,75,75,75,75,75,75,75,75,75,75,75,75,75,75,75,75,75,75,75,75,75,75,75,75,75,75,81,81,81,81,81,81,81,81,81,81,81,81,81,81],"card_choices":[{"not_picked":["Twin Strike","Wild Strike","Power Through"],"picked":"SKIP","floor":1.0},{"not_picked":["True Grit","Armaments","Bloodletting"],"picked":"SKIP","floor":2.0},{"not_picked":["Flex","Havoc","Clash"],"picked":"SKIP","floor":3.0},{"not_picked":["Infernal Blade","Cleave","Brutality"],"picked":"SKIP","floor":4.0},{"not_picked":["Hemokinesis","Feel No Pain","Armaments"],"picked":"SKIP","floor":7.0},{"not_picked":["Armaments","Clash"],"picked":"Heavy Blade","floor":10.0},{"not_picked":["Impervious","Flex"],"picked":"Flame Barrier","floor":11.0},{"not_picked":["Shrug It Off","Burning Pact"],"picked":"Clothesline","floor":12.0},{"not_picked":["Body Slam","Sword Boomerang","Wild Strike"],"picked":"SKIP","floor":14.0},{"not_picked":["Offering","Impervious"],"picked":"Barricade","floor":16.0},{"not_picked":["Headbutt","Rupture"],"picked":"Heavy Blade","floor":18.0},{"not_picked":["Power Through","Rupture","Headbutt"],"picked":"SKIP","floor":20.0},{"not_picked":["Thunderclap","Anger"],"picked":"Heavy Blade","floor":22.0},{"not_picked":["Twin Strike","Perfected Strike","Ghostly Armor"],"picked":"SKIP","floor":24.0},{"not_picked":["Iron Wave","Clash","Armaments"],"picked":"SKIP","floor":28.0},{"not_picked":["Thunderclap","Intimidate"],"picked":"Shockwave","floor":31.0},{"not_picked":["Offering","Feed"],"picked":"Juggernaut","floor":33.0},{"not_picked":["Iron Wave","Headbutt"],"picked":"Heavy Blade+1","floor":35.0},{"not_picked":["Shrug It Off","Body Slam","Pommel Strike"],"picked":"SKIP","floor":42.0},{"not_picked":["Dropkick","Rage","Bloodletting+1"],"picked":"SKIP","floor":46.0},{"not_picked":["True Grit","Headbutt"],"picked":"Entrench","floor":48.0}],"player_experience":817985,"relics_obtained":[{"floor":7.0,"key":"Letter Opener"},{"floor":9.0,"key":"Darkstone Periapt"},{"floor":11.0,"key":"War Paint"},{"floor":17.0,"key":"Akabeko"},{"floor":17.0,"key":"Mercury Hourglass"},{"floor":17.0,"key":"Charon\u0027s Ashes"},{"floor":24.0,"key":"Incense Burner"},{"floor":26.0,"key":"Red Skull"},{"floor":28.0,"key":"WingedGreaves"},{"floor":31.0,"key":"Sundial"},{"floor":39.0,"key":"Old Coin"},{"floor":42.0,"key":"Smiling Mask"},{"floor":43.0,"key":"Bag of Marbles"},{"floor":48.0,"key":"Bottled Lightning"}],"event_choices":[{"cards_removed":["Strike_R"],"damage_healed":0.0,"max_hp_gain":0.0,"max_hp_loss":0.0,"gold_gain":0.0,"event_name":"Golden Wing","player_choice":"Card Removal","floor":5.0,"gold_loss":0.0,"damage_taken":7.0},{"damage_healed":0.0,"max_hp_gain":0.0,"max_hp_loss":0.0,"gold_gain":0.0,"cards_transformed":["Strike_R","Strike_R"],"event_name":"Drug Dealer","player_choice":"Became Test Subject","floor":21.0,"gold_loss":0.0,"damage_taken":0.0,"cards_obtained":["Heavy Blade","Uppercut"]},{"damage_healed":0.0,"max_hp_gain":0.0,"max_hp_loss":0.0,"gold_gain":50.0,"event_name":"Nest","player_choice":"Stole From Cult","floor":29.0,"gold_loss":0.0,"damage_taken":0.0},{"damage_healed":0.0,"max_hp_gain":0.0,"max_hp_loss":0.0,"gold_gain":0.0,"event_name":"The Library","player_choice":"Read","floor":30.0,"gold_loss":0.0,"damage_taken":0.0,"cards_obtained":["Corruption"]},{"damage_healed":15.0,"max_hp_gain":0.0,"max_hp_loss":0.0,"gold_gain":0.0,"event_name":"Winding Halls","player_choice":"Writhe","floor":37.0,"gold_loss":0.0,"damage_taken":0.0,"cards_obtained":["Writhe"]},{"cards_removed":["Clothesline"],"damage_healed":0.0,"max_hp_gain":0.0,"max_hp_loss":0.0,"gold_gain":0.0,"event_name":"Falling","player_choice":"Removed Attack","floor":38.0,"gold_loss":0.0,"damage_taken":0.0},{"damage_healed":0.0,"max_hp_gain":0.0,"max_hp_loss":0.0,"gold_gain":0.0,"event_name":"Tomb of Lord Red Mask","player_choice":"Ignored","floor":41.0,"gold_loss":0.0,"damage_taken":0.0}],"is_beta":true,"boss_relics":[{"not_picked":["Ectoplasm","SacredBark"],"picked":"Calling Bell"},{"not_picked":["Tiny House","SlaversCollar"],"picked":"Philosopher\u0027s Stone"}],"items_purged_floors":[36,44],"is_endless":false,"potions_floor_spawned":[2,3,10,14,16,20,24,28,31,35,46,48],"ascension_level":15}}