{"host":"4ozijidc6e3a2l57","time":1609908140,"event":{"mods":["AchievementEnabler","BaseMod","Colored Map","Colored Powertips","DeckTracker","Friendly Minions","Minty Spire (QoL Compilation)","Quick Restart","StSLib","Synergy Search"],"gold_per_floor":[118,138,156,176,176,211,211,238,262,287,287,251,278,453,453,558,558,544,562,578,594,447,476,476,491,491,524,544,560,560,587,587,683,733,748,767,117,127,127,154,154,154,154],"floor_reached":42,"playtime":1916,"items_purged":[],"score":594,"play_id":"8022df4e-6a9a-4211-9c3d-0223cf72203a","local_time":"20210105204220","is_ascension_mode":true,"campfire_choices":[{"data":"Cleave","floor":7.0,"key":"SMITH"},{"data":"Iron Wave","floor":11.0,"key":"SMITH"},{"data":"Bludgeon","floor":15.0,"key":"SMITH"},{"data":"Corruption","floor":24,"key":"SMITH"},{"floor":32,"key":"REST"},{"floor":41,"key":"REST"}],"circlet_count":0,"master_deck":["Strike_R","Strike_R","Strike_R","Strike_R","Defend_R","Defend_R","Defend_R","Defend_R","Bash","Seeing Red","Inflame","Anger","Iron Wave+1","Body Slam+1","Cleave+1","Rampage","Bludgeon+1","Uppercut","Armaments","Doubt","Corruption+1","Power Through","Clothesline","Sword Boomerang+1","Body Slam","Sentinel","Metallicize","Double Tap","Clothesline+1","Infernal Blade+1","Twin Strike","Anger+1","Searing Blow","Demon Form","Immolate","Spot Weakness+1","Sword Boomerang+1","Sword Boomerang","Evolve","Reckless Charge","Armaments+1","Dark Embrace","Wild Strike+1","Iron Wave"],"relics":["Black Blood","Bottled Lightning","MealTicket","Vajra","Happy Flower","Dream Catcher","Anchor","Pear","Art of War","MutagenicStrength","Potion Belt","Tiny House","Red Skull","Toxic Egg 2","Strawberry"],"acts_visited":["TheCity","TheBeyond"],"potions_floor_usage":[21,33,42],"damage_taken":[{"damage":14.0,"enemies":"Small Slimes","floor":1.0,"turns":5.0},{"damage":10.0,"enemies":"Jaw Worm","floor":2.0,"turns":4.0},{"damage":6.0,"enemies":"Cultist","floor":3.0,"turns":3.0},{"damage":5.0,"enemies":"3 Louse","floor":4.0,"turns":3.0},{"damage":20.0,"enemies":"Gremlin Nob","floor":6.0,"turns":4.0},{"damage":9.0,"enemies":"3 Sentries","floor":8.0,"turns":4.0},{"damage":16.0,"enemies":"Gremlin Nob","floor":10.0,"turns":4.0},{"damage":19.0,"enemies":"Lagavulin","floor":13.0,"turns":4.0},{"damage":26.0,"enemies":"Slime Boss","floor":16.0,"turns":6.0},{"damage":24.0,"enemies":"2 Thieves","floor":18.0,"turns":4.0},{"damage":3,"enemies":"Spheric Guardian","floor":19,"turns":3},{"damage":25,"enemies":"Cultist and Chosen","floor":20,"turns":7},{"damage":22,"enemies":"Snake Plant","floor":21,"turns":4},{"damage":17,"enemies":"Book of Stabbing","floor":23,"turns":4},{"damage":3,"enemies":"Snecko","floor":25,"turns":4},{"damage":48,"enemies":"Slavers","floor":27,"turns":5},{"damage":21,"enemies":"Chosen and Byrds","floor":28,"turns":6},{"damage":2,"enemies":"Snake Plant","floor":29,"turns":4},{"damage":43,"enemies":"Book of Stabbing","floor":31,"turns":6},{"damage":41,"enemies":"Champ","floor":33,"turns":7},{"damage":51,"enemies":"3 Darklings","floor":35,"turns":7},{"damage":5,"enemies":"Orb Walker","floor":36,"turns":4},{"damage":26,"enemies":"Sphere and 2 Shapes","floor":38,"turns":5},{"damage":46,"enemies":"Nemesis","floor":40,"turns":7},{"damage":131,"enemies":"Giant Head","floor":42,"turns":9}],"seed_played":"2494338891331733963","potions_obtained":[{"floor":1.0,"key":"PowerPotion"},{"floor":2.0,"key":"BloodPotion"},{"floor":4.0,"key":"Explosive Potion"},{"floor":16.0,"key":"DuplicationPotion"},{"floor":18.0,"key":"FearPotion"},{"floor":21,"key":"SmokeBomb"},{"floor":34,"key":"Ancient Potion"},{"floor":40,"key":"Explosive Potion"}],"is_trial":false,"path_per_floor":["M","M","M","M","?","E","R","E","T","E","R","$","E","?","R","B",null,"M","M","M","M","$","E","R","M","T","E","M","M","?","E","R","B",null,"M","M","$","M","?","E","R","E"],"character_chosen":"IRONCLAD","items_purchased":["Uppercut","Sentinel","Metallicize","Red Skull","Evolve","Toxic Egg 2","Reckless Charge","Armaments+1","FairyPotion"],"campfire_rested":2,"item_purchase_floors":[12,22,22,37,37,37,37,37,37],"current_hp_per_floor":[72,68,68,69,69,55,55,52,52,42,42,57,44,44,44,24,80,68,77,64,70,80,75,75,80,90,54,45,55,55,24,51,22,95,56,63,78,64,64,37,67,0,0],"gold":154,"neow_bonus":"TRANSFORM_CARD","is_daily":false,"chose_seed":false,"campfire_upgraded":4,"win_rate":0.0,"timestamp":1609908140,"path_taken":["M","M","M","M","?","E","R","E","T","E","R","$","E","?","R","BOSS","M","M","M","M","$","E","R","M","T","E","M","M","?","E","R","BOSS","M","M","$","M","?","E","R","E"],"items_purchased_type":["Card","Card","Card","Relic","Card","Relic","Card","Card","Potion"],"build_version":"2020-12-22","purchased_purges":0,"victory":false,"max_hp_per_floor":[80,80,80,80,80,80,80,80,80,80,80,80,80,80,80,80,80,80,80,80,80,80,80,80,80,90,90,90,90,90,90,90,90,95,95,95,95,95,95,102,102,102,102],"card_choices":[{"not_picked":["Wild Strike","Clothesline"],"picked":"Inflame","floor":1.0},{"not_picked":["Sever Soul","Ghostly Armor"],"picked":"Anger","floor":2.0},{"not_picked":["Clash","Dropkick"],"picked":"Iron Wave","floor":3.0},{"not_picked":["Clothesline","Iron Wave"],"picked":"Body Slam","floor":4.0},{"not_picked":["Twin Strike","True Grit"],"picked":"Cleave","floor":6.0},{"not_picked":["Brutality","Burning Pact"],"picked":"Rampage","floor":8.0},{"not_picked":["Second Wind","Searing Blow"],"picked":"Bludgeon","floor":10.0},{"not_picked":["Body Slam","Sentinel"],"picked":"Armaments","floor":13.0},{"not_picked":["Fiend Fire","Feed"],"picked":"Corruption","floor":16.0},{"not_picked":["Flex+1","Sentinel"],"picked":"Power Through","floor":18.0},{"not_picked":["Burning Pact","Warcry"],"picked":"Clothesline","floor":19},{"not_picked":["Disarm","Inflame"],"picked":"Sword Boomerang+1","floor":20},{"not_picked":["Heavy Blade","Intimidate"],"picked":"Body Slam","floor":21},{"not_picked":["Pommel Strike","Perfected Strike"],"picked":"Double Tap","floor":23},{"not_picked":["Second Wind+1","Perfected Strike+1"],"picked":"Clothesline+1","floor":25},{"not_picked":["Carnage","Perfected Strike"],"picked":"Infernal Blade+1","floor":27},{"not_picked":["Warcry","True Grit"],"picked":"Twin Strike","floor":28},{"not_picked":["Havoc+1","Carnage"],"picked":"Anger","floor":29},{"not_picked":["Twin Strike","Bloodletting"],"picked":"Searing Blow","floor":31},{"not_picked":["Battle Trance","Clash"],"picked":"Demon Form","floor":32},{"not_picked":["Impervious","Berserk"],"picked":"Immolate","floor":33},{"not_picked":["True Grit","Inflame+1"],"picked":"Spot Weakness+1","floor":34},{"not_picked":["Infernal Blade+1","Clothesline"],"picked":"Sword Boomerang+1","floor":35},{"not_picked":["Reckless Charge","Twin Strike"],"picked":"Sword Boomerang","floor":36},{"not_picked":["Combust+1","Pommel Strike"],"picked":"Dark Embrace","floor":38},{"not_picked":["Clothesline","True Grit+1"],"picked":"Wild Strike+1","floor":40},{"not_picked":["Sword Boomerang","Armaments+1"],"picked":"Iron Wave","floor":41}],"player_experience":228510,"relics_obtained":[{"floor":6.0,"key":"Bottled Lightning"},{"floor":8.0,"key":"MealTicket"},{"floor":9.0,"key":"Vajra"},{"floor":10.0,"key":"Happy Flower"},{"floor":13.0,"key":"Dream Catcher"},{"floor":23,"key":"Anchor"},{"floor":26,"key":"Pear"},{"floor":27,"key":"Art of War"},{"floor":31,"key":"Potion Belt"},{"floor":40,"key":"Strawberry"}],"event_choices":[{"damage_healed":0.0,"max_hp_gain":0.0,"max_hp_loss":0.0,"gold_gain":0.0,"event_name":"Living Wall","player_choice":"Grow","floor":5.0,"gold_loss":0.0,"damage_taken":0.0,"cards_upgraded":["Body Slam"]},{"damage_healed":0.0,"max_hp_gain":0.0,"max_hp_loss":0.0,"gold_gain":175.0,"event_name":"Liars Game","player_choice":"AGREE","floor":14.0,"gold_loss":0.0,"damage_taken":0.0,"cards_obtained":["Doubt"]},{"damage_healed":0,"gold_gain":0,"player_choice":"Inject Mutagens","damage_taken":0,"relics_obtained":["MutagenicStrength"],"max_hp_gain":0,"max_hp_loss":0,"event_name":"Drug Dealer","floor":30,"gold_loss":0},{"damage_healed":0,"gold_gain":0,"player_choice":"Ignored","damage_taken":0,"max_hp_gain":0,"max_hp_loss":0,"event_name":"Purifier","floor":39,"gold_loss":0}],"is_beta":false,"boss_relics":[{"not_picked":["Pandora\u0027s Box","Fusion Hammer"],"picked":"Black Blood"},{"not_picked":["Runic Cube","Sozu"],"picked":"Tiny House"}],"items_purged_floors":[],"is_endless":false,"potions_floor_spawned":[1,2,4,16,18,21,23,27,28,40],"killed_by":"Giant Head","ascension_level":1}}