{"host":"i0boqj7z83tzxoi1","time":1609939274,"event":{"mods":["BaseMod","Minty Spire (QoL Compilation)","Replay The Spire","StSLib","The Construct"],"gold_per_floor":[117,192,210,210,230,230,257,194,217,227,237,237,254,266,266,362,362,377,377,390,404,258,258],"floor_reached":22,"playtime":1132,"items_purged":["Sickly"],"score":207,"play_id":"446d8b94-e5f9-4215-bb90-4a3b0c2bc2bf","local_time":"20210106212114","is_ascension_mode":true,"campfire_choices":[{"data":"Enlightenment","floor":6.0,"key":"SMITH"},{"floor":12.0,"key":"REST"},{"floor":15,"key":"REST"}],"circlet_count":0,"master_deck":["Strike_P","Strike_P","Strike_P","Strike_P","Defend_P","Defend_P","Defend_P","Defend_P","Eruption","Vigilance","Enlightenment+1","LikeWater","Pot Of Greed","Pot Of Greed","FearNoEvil","Doubt","EmptyFist","DevaForm","EmptyFist","MentalFortress","Clumsy","Replay:Hysterical Blindness","CrushJoints+1","SashWhip+1","Pot Of Greed","Prostrate+1","TalkToTheHand+1"],"relics":["PureWater","Shovel","Grinning Jar","Akabeko","ReplayTheSpireMod:CursedCoin","Bronze Scales","Replay:Ancient Bell","PreservedInsect","Molten Egg 2","Lizard Tail"],"acts_visited":["Exordium","TheCity"],"potions_floor_usage":[16,16],"damage_taken":[{"damage":0.0,"enemies":"Jaw Worm","floor":1.0,"turns":4.0},{"damage":0.0,"enemies":"Cultist","floor":3.0,"turns":4.0},{"damage":16.0,"enemies":"3 Sentries","floor":7.0,"turns":14.0},{"damage":8.0,"enemies":"Small Slimes","floor":10.0,"turns":4.0},{"damage":9.0,"enemies":"Red Slaver","floor":11.0,"turns":3.0},{"damage":6.0,"enemies":"2 Fungi Beasts","floor":13.0,"turns":4.0},{"damage":18,"enemies":"Exordium Thugs","floor":14,"turns":4},{"damage":16,"enemies":"The Guardian","floor":16,"turns":11},{"damage":109,"enemies":"Chosen","floor":18,"turns":8},{"damage":28,"enemies":"Shell Parasite","floor":20,"turns":9},{"damage":44,"enemies":"Snake Plant","floor":21,"turns":5}],"seed_played":"9113181729863266082","potions_obtained":[{"floor":1.0,"key":"Toxic Potion"},{"floor":3.0,"key":"Block Potion"},{"floor":7.0,"key":"EntropicBrew"},{"floor":20,"key":"Cursed Concoction"},{"floor":21,"key":"Cursed Concoction"}],"is_trial":false,"path_per_floor":["M","?","M","$","?","R","E","$","T","M","M","R","M","M","R","B",null,"M","?","M","M","$"],"character_chosen":"WATCHER","items_purchased":["FearNoEvil","Akabeko","ReplayTheSpireMod:CursedCoin","TalkToTheHand+1"],"campfire_rested":2,"item_purchase_floors":[8,8,8,22],"current_hp_per_floor":[72,65,65,65,65,65,49,49,49,41,32,53,47,29,50,34,72,1,82,54,10,10,10],"gold":258,"neow_bonus":"RANDOM_COLORLESS","is_daily":false,"chose_seed":false,"campfire_upgraded":1,"win_rate":0.0,"timestamp":1609939274,"path_taken":["M","?","?","?","?","R","E","$","T","M","M","R","?","M","R","BOSS","M","?","?","M","$"],"items_purchased_type":["Card","Relic","Relic","Card"],"build_version":"2020-12-22","purchased_purges":1,"victory":false,"max_hp_per_floor":[72,72,72,72,72,72,72,72,72,72,72,72,72,72,72,72,72,72,82,82,82,82,82],"card_choices":[{"not_picked":["Purity","Replay:Parry"],"picked":"Enlightenment","floor":0.0},{"not_picked":["Meditate","Consecrate"],"picked":"LikeWater","floor":1.0},{"not_picked":["Crescendo","Conclude","Prostrate"],"picked":"SKIP","floor":3.0},{"not_picked":["Worship","CutThroughFate","Prostrate"],"picked":"SKIP","floor":7.0},{"not_picked":["FlyingSleeves","Replay:ManipulateFuture"],"picked":"EmptyFist","floor":10.0},{"not_picked":["JustLucky","Tantrum"],"picked":"DevaForm","floor":11.0},{"not_picked":["Replay:Cycle","Replay:AtTheReady"],"picked":"EmptyFist","floor":13.0},{"not_picked":["PathToVictory","EmptyFist"],"picked":"MentalFortress","floor":14},{"not_picked":["Ragnarok","LessonLearned"],"picked":"Devotion","floor":16},{"not_picked":["ReplayTheSpireMod:IOU","Spreading Infection"],"picked":"Sickly","floor":17},{"not_picked":["Languid","Overencumbered"],"picked":"Clumsy","floor":17},{"not_picked":["ReplayTheSpireMod:Splinters","Parasite"],"picked":"Replay:Hysterical Blindness","floor":17},{"not_picked":["Fasting2+1","Replay:Vibes"],"picked":"CrushJoints+1","floor":18},{"not_picked":["BattleHymn","Fasting2"],"picked":"SashWhip+1","floor":20},{"not_picked":["DevaForm","Wireheading"],"picked":"Prostrate+1","floor":21}],"player_experience":144831,"relics_obtained":[{"floor":5.0,"key":"Shovel"},{"floor":7.0,"key":"Grinning Jar"},{"floor":9.0,"key":"Bronze Scales"}],"event_choices":[{"damage_healed":0.0,"max_hp_gain":0.0,"max_hp_loss":0.0,"gold_gain":75.0,"event_name":"FaceTrader","player_choice":"Touch","floor":2.0,"gold_loss":0.0,"damage_taken":7.0},{"cards_removed":["Devotion"],"damage_healed":71,"gold_gain":0,"player_choice":"Offered Rare","damage_taken":0,"max_hp_gain":10,"max_hp_loss":0,"event_name":"Bonfire Elementals","floor":19,"gold_loss":0}],"is_beta":false,"boss_relics":[{"not_picked":["Runic Pyramid","Fusion Hammer"],"picked":"Replay:Ancient Bell"},{"not_picked":["Strawberry","Centennial Puzzle"],"picked":"PreservedInsect"},{"not_picked":["Onion Ring","Sundial"],"picked":"Molten Egg 2"},{"not_picked":["Girya","Pocketwatch"],"picked":"Lizard Tail"}],"items_purged_floors":[22],"is_endless":false,"potions_floor_spawned":[1,3,7,20,21],"ascension_level":2}}