{"host":"fevvm7bbzuh4s1jc","time":1609902289,"event":{"mods":["BaseMod","Highlight Path","Minty Spire (QoL Compilation)","Relic Stats"],"gold_per_floor":[118,118,138,151,171,171,206,222,245,272,284,284,319,334,334,334,334],"floor_reached":16,"playtime":553,"items_purged":[],"score":273,"play_id":"fa387097-5f65-4bfb-855f-80bc9c1899f6","local_time":"20210105220449","is_ascension_mode":true,"campfire_choices":[{"data":"Bash","floor":6.0,"key":"SMITH"},{"data":"Combust","floor":15,"key":"SMITH"}],"circlet_count":0,"master_deck":["AscendersBane","Strike_R","Strike_R","Strike_R","Strike_R","Strike_R","Defend_R","Defend_R","Defend_R","Defend_R","Bash+1","Twin Strike","Cleave+1","Clothesline","Spot Weakness","Uppercut","Feel No Pain","Shrug It Off","Combust+1"],"relics":["Burning Blood","Ancient Tea Set","FaceOfCleric","Mango","Potion Belt","Tiny Chest","Boot"],"acts_visited":["Exordium"],"potions_floor_usage":[],"damage_taken":[{"damage":6.0,"enemies":"Jaw Worm","floor":1.0,"turns":5.0},{"damage":1.0,"enemies":"Cultist","floor":3.0,"turns":3.0},{"damage":0.0,"enemies":"Small Slimes","floor":4.0,"turns":4.0},{"damage":8.0,"enemies":"Gremlin Gang","floor":5.0,"turns":5.0},{"damage":25.0,"enemies":"3 Sentries","floor":7.0,"turns":5.0},{"damage":20.0,"enemies":"3 Louse","floor":8.0,"turns":3.0},{"damage":24.0,"enemies":"Gremlin Nob","floor":10.0,"turns":4.0},{"damage":9.0,"enemies":"Looter","floor":11.0,"turns":3.0},{"damage":4.0,"enemies":"3 Sentries","floor":13.0,"turns":7.0},{"damage":16.0,"enemies":"Lots of Slimes","floor":14.0,"turns":3.0},{"damage":42,"enemies":"Slime Boss","floor":16,"turns":7}],"seed_played":"66760581903331590","potions_obtained":[{"floor":1.0,"key":"LiquidBronze"},{"floor":5.0,"key":"SkillPotion"},{"floor":11.0,"key":"HeartOfIron"},{"floor":14.0,"key":"Weak Potion"}],"is_trial":false,"path_per_floor":["M","?","M","M","M","R","E","M","T","E","M","?","E","M","R","B"],"character_chosen":"IRONCLAD","items_purchased":[],"campfire_rested":0,"item_purchase_floors":[],"current_hp_per_floor":[68,68,74,77,76,76,72,59,59,42,40,40,43,34,34,0,0],"gold":334,"neow_bonus":"RANDOM_COMMON_RELIC","is_daily":false,"chose_seed":false,"campfire_upgraded":2,"win_rate":0.0,"timestamp":1609902289,"path_taken":["M","?","M","?","M","R","E","?","T","E","M","?","E","M","R","BOSS"],"items_purchased_type":[],"build_version":"2020-12-22","purchased_purges":0,"victory":false,"max_hp_per_floor":[75,75,76,77,78,78,93,94,94,95,96,96,97,98,98,98,98],"relic_stats":{"FaceOfCleric":9,"counters":[11,49],"Tiny Chest":0,"Boot":[4],"obtain_stats":[{"Potion Belt":9,"FaceOfCleric":2,"Mango":7,"Tiny Chest":10,"Ancient Tea Set":0,"Boot":13,"Burning Blood":0},{"Potion Belt":6,"FaceOfCleric":1,"Mango":5,"Tiny Chest":7,"Ancient Tea Set":0,"Boot":9,"Burning Blood":0},{"Potion Belt":25,"FaceOfCleric":5,"Mango":22,"Tiny Chest":29,"Ancient Tea Set":0,"Boot":39,"Burning Blood":0}],"Burning Blood":56},"card_choices":[{"not_picked":["Searing Blow","Flame Barrier"],"picked":"Twin Strike","floor":1.0},{"not_picked":["Warcry","Headbutt"],"picked":"Cleave","floor":3.0},{"not_picked":["Bloodletting","Sever Soul"],"picked":"Clothesline","floor":4.0},{"not_picked":["Pommel Strike","Cleave"],"picked":"Spot Weakness","floor":5.0},{"not_picked":["Seeing Red","Rupture"],"picked":"Uppercut","floor":7.0},{"not_picked":["Havoc","Warcry","Twin Strike"],"picked":"SKIP","floor":8.0},{"not_picked":["Clash","Wild Strike"],"picked":"Feel No Pain","floor":10.0},{"not_picked":["Pommel Strike","Pummel"],"picked":"Shrug It Off","floor":11.0},{"not_picked":["Wild Strike","Rage"],"picked":"Combust","floor":13.0},{"not_picked":["Body Slam","Cleave","Clothesline"],"picked":"SKIP","floor":14.0}],"player_experience":2660591,"relics_obtained":[{"floor":7.0,"key":"Mango"},{"floor":9.0,"key":"Potion Belt"},{"floor":10.0,"key":"Tiny Chest"},{"floor":13.0,"key":"Boot"}],"event_choices":[{"damage_healed":0.0,"max_hp_gain":0.0,"max_hp_loss":0.0,"gold_gain":0.0,"event_name":"FaceTrader","player_choice":"Trade","floor":2.0,"gold_loss":0.0,"damage_taken":0.0,"relics_obtained":["FaceOfCleric"]},{"damage_healed":0.0,"max_hp_gain":0.0,"max_hp_loss":0.0,"gold_gain":0.0,"event_name":"Accursed Blacksmith","player_choice":"Forge","floor":12.0,"gold_loss":0.0,"damage_taken":0.0,"cards_upgraded":["Cleave"]}],"is_beta":false,"boss_relics":[],"items_purged_floors":[],"is_endless":false,"potions_floor_spawned":[1,5,11,14],"killed_by":"Slime Boss","ascension_level":20}}