{"host":"v0dnu0zs4qo0v13s","time":1609901061,"event":{"mods":["BaseMod","Colored Map","Colored Powertips","Minty Spire (QoL Compilation)","Relic Stats","StSLib","SuperFastMode","everything is the same but u backflip on backflip"],"gold_per_floor":[114,94,112,112,127,127,161,161,161,171,185,185,185,200,200,298,298,309,10,30,46,61,61,61,61,61,61,78,78,78,78,78,178,178,198,212,41,55,74,102,0,25,25,25,25,25,25,39,39,39],"floor_reached":51,"playtime":5249,"items_purged":["Defend_P","Eruption+1"],"score":1057,"play_id":"0a4cd690-df2a-4029-ab92-bfd9eb98a180","local_time":"20210105214421","is_ascension_mode":true,"campfire_choices":[{"floor":6.0,"key":"REST"},{"floor":8.0,"key":"RECALL"},{"floor":12.0,"key":"REST"},{"floor":15.0,"key":"REST"},{"floor":23.0,"key":"REST"},{"floor":25.0,"key":"REST"},{"floor":32.0,"key":"REST"},{"floor":44.0,"key":"REST"},{"floor":49,"key":"REST"}],"circlet_count":0,"master_deck":["AscendersBane","Vigilance+1","InnerPeace+1","ClearTheMind+1","FlurryOfBlows+1","LessonLearned","Protect+1","MentalFortress","SpiritShield","Omniscience+1","Swivel+1","Omniscience","MentalFortress","Omniscience","WaveOfTheHand","Halt","Perseverance","Evaluate","Tantrum","WindmillStrike+1","WheelKick","BattleHymn+1","Finesse","SandsOfTime+1"],"relics":["Fusion Hammer","Ornamental Fan","Bird Faced Urn","Toy Ornithopter","Snecko Eye","Frozen Egg 2","Nloth\u0027s Gift","Pandora\u0027s Box","Eternal Feather","Red Mask","Omamori","TeardropLocket"],"acts_visited":["Exordium","TheCity","TheBeyond"],"potions_floor_usage":[50],"damage_taken":[{"damage":0.0,"enemies":"Jaw Worm","floor":1.0,"turns":4.0},{"damage":0.0,"enemies":"Cultist","floor":3.0,"turns":2.0},{"damage":5.0,"enemies":"Small Slimes","floor":5.0,"turns":4.0},{"damage":9.0,"enemies":"Lagavulin","floor":7.0,"turns":6.0},{"damage":2.0,"enemies":"3 Louse","floor":10.0,"turns":3.0},{"damage":13.0,"enemies":"Gremlin Gang","floor":11.0,"turns":7.0},{"damage":2.0,"enemies":"2 Fungi Beasts","floor":14.0,"turns":3.0},{"damage":53.0,"enemies":"Hexaghost","floor":16.0,"turns":10.0},{"damage":3.0,"enemies":"Chosen","floor":18.0,"turns":3.0},{"damage":0.0,"enemies":"Shell Parasite","floor":20.0,"turns":9.0},{"damage":0.0,"enemies":"Snecko","floor":21.0,"turns":5.0},{"damage":0.0,"enemies":"Sentry and Sphere","floor":22.0,"turns":5.0},{"damage":0.0,"enemies":"Snake Plant","floor":28.0,"turns":5.0},{"damage":54.0,"enemies":"Automaton","floor":33.0,"turns":14.0},{"damage":0.0,"enemies":"Orb Walker","floor":35.0,"turns":4.0},{"damage":59.0,"enemies":"3 Darklings","floor":36.0,"turns":34.0},{"damage":20.0,"enemies":"Spire Growth","floor":38.0,"turns":10.0},{"damage":8.0,"enemies":"Jaw Worm Horde","floor":39.0,"turns":5.0},{"damage":27.0,"enemies":"Nemesis","floor":40.0,"turns":9.0},{"damage":0.0,"enemies":"Reptomancer","floor":42.0,"turns":13.0},{"damage":29,"enemies":"3 Darklings","floor":48,"turns":8},{"damage":35,"enemies":"Awakened One","floor":50,"turns":12}],"seed_played":"3413158929051577134","potions_obtained":[{"floor":2.0,"key":"Regen Potion"},{"floor":3.0,"key":"Fire Potion"},{"floor":11.0,"key":"LiquidBronze"},{"floor":16.0,"key":"DistilledChaos"},{"floor":21.0,"key":"Strength Potion"},{"floor":22.0,"key":"AttackPotion"},{"floor":33.0,"key":"Block Potion"},{"floor":36.0,"key":"Fruit Juice"},{"floor":40.0,"key":"BottledMiracle"},{"floor":48,"key":"Weak Potion"}],"is_trial":false,"path_per_floor":["M","?","M","?","M","R","E","R","T","M","M","R","?","M","R","B",null,"M","$","M","M","M","R","?","R","T","?","M","$","?","?","R","B",null,"M","M","$","M","M","E","?","E","T","R","?","?","?","M","R","B",null],"character_chosen":"WATCHER","items_purchased":["DollysMirror","MentalFortress","WheelKick"],"campfire_rested":8,"item_purchase_floors":[19,19,37],"current_hp_per_floor":[65,65,65,47,42,63,66,66,66,69,56,72,72,70,72,21,59,58,58,71,72,72,72,59,77,77,77,77,77,77,77,77,25,64,72,36,36,24,20,1,1,12,12,48,48,48,48,29,65,45],"gold":39,"neow_bonus":"BOSS_RELIC","is_daily":false,"chose_seed":false,"campfire_upgraded":0,"win_rate":0.0,"timestamp":1609901061,"path_taken":["M","?","?","?","M","R","E","R","T","M","M","R","?","M","R","BOSS","M","$","M","?","M","R","?","R","T","?","M","$","?","?","R","BOSS","M","?","$","M","M","E","?","E","T","R","?","?","?","M","R","BOSS"],"items_purchased_type":["Relic","Card","Card"],"build_version":"2020-12-22","purchased_purges":2,"victory":true,"max_hp_per_floor":[72,72,72,72,72,72,72,72,72,72,72,72,72,72,72,72,72,72,72,72,72,72,72,77,77,77,77,77,77,77,77,77,77,77,77,82,82,82,82,82,82,82,82,82,82,82,82,82,82,82],"relic_stats":{"counters":[22,175],"Ornamental Fan":[260],"Bird Faced Urn":[77],"Snecko Eye":[232,247,242,244],"Pandora\u0027s Box":["WaveOfTheHand","Halt","Perseverance","Evaluate","Tantrum"],"Eternal Feather":24,"Nloth\u0027s Gift":0,"obtain_stats":[{"Eternal Feather":40,"Omamori":42,"TeardropLocket":43,"Frozen Egg 2":26,"Ornamental Fan":4,"DollysMirror":19,"Bird Faced Urn":7,"Snecko Eye":17,"Pandora\u0027s Box":34,"Fusion Hammer":0,"Nloth\u0027s Gift":31,"Red Mask":41,"PureWater":0,"Toy Ornithopter":9},{"Eternal Feather":19,"Omamori":20,"TeardropLocket":20,"Frozen Egg 2":12,"Ornamental Fan":2,"DollysMirror":9,"Bird Faced Urn":4,"Snecko Eye":8,"Pandora\u0027s Box":14,"Fusion Hammer":0,"Nloth\u0027s Gift":13,"Red Mask":19,"PureWater":0,"Toy Ornithopter":4},{"Eternal Feather":142,"Omamori":155,"TeardropLocket":155,"Frozen Egg 2":61,"Ornamental Fan":6,"DollysMirror":42,"Bird Faced Urn":16,"Snecko Eye":39,"Pandora\u0027s Box":80,"Fusion Hammer":0,"Nloth\u0027s Gift":66,"Red Mask":142,"PureWater":0,"Toy Ornithopter":16}],"Toy Ornithopter":30},"card_choices":[{"not_picked":["CutThroughFate","Study"],"picked":"InnerPeace","floor":1.0},{"not_picked":["ReachHeaven","WreathOfFlame"],"picked":"ClearTheMind","floor":3.0},{"not_picked":["Halt","CrushJoints"],"picked":"FlurryOfBlows","floor":5.0},{"not_picked":["Vengeance","FlurryOfBlows"],"picked":"LessonLearned","floor":7.0},{"not_picked":["Prostrate","FlurryOfBlows"],"picked":"Protect","floor":10.0},{"not_picked":["FollowUp","Halt"],"picked":"MentalFortress","floor":11.0},{"not_picked":["Prostrate","Consecrate"],"picked":"SpiritShield","floor":14.0},{"not_picked":["Ragnarok","LessonLearned"],"picked":"Omniscience","floor":16.0},{"not_picked":["Weave","Worship"],"picked":"Swivel+1","floor":18.0},{"not_picked":["Pray","Prostrate","FearNoEvil"],"picked":"SKIP","floor":20.0},{"not_picked":["CutThroughFate","Study+1"],"picked":"Tantrum","floor":21.0},{"not_picked":["Evaluate+1","FollowUp","Blasphemy"],"picked":"SKIP","floor":22.0},{"not_picked":["FearNoEvil","Consecrate","FollowUp+1"],"picked":"SKIP","floor":28.0},{"not_picked":["ConjureBlade","Ragnarok"],"picked":"Omniscience","floor":33.0},{"not_picked":["Prostrate","ThirdEye+1","EmptyBody"],"picked":"SKIP","floor":35.0},{"not_picked":["CrushJoints","WreathOfFlame+1"],"picked":"WindmillStrike+1","floor":36.0},{"not_picked":["EmptyBody+1","Consecrate","DeceiveReality+1"],"picked":"SKIP","floor":38.0},{"not_picked":["SashWhip+1","FearNoEvil+1","WheelKick+1"],"picked":"SKIP","floor":39.0},{"not_picked":["WreathOfFlame","Judgement","Swivel+1"],"picked":"SKIP","floor":40.0},{"not_picked":["Crescendo","WindmillStrike"],"picked":"BattleHymn+1","floor":42.0},{"not_picked":["Secret Technique","Deep Breath"],"picked":"Finesse","floor":45.0},{"not_picked":["Sanctity","Vengeance"],"picked":"SandsOfTime+1","floor":48}],"player_experience":679975,"relics_obtained":[{"floor":7.0,"key":"Bird Faced Urn"},{"floor":9.0,"key":"Toy Ornithopter"},{"floor":26.0,"key":"Frozen Egg 2"},{"floor":40.0,"key":"Eternal Feather"},{"floor":42.0,"key":"Omamori"},{"floor":43.0,"key":"TeardropLocket"}],"event_choices":[{"damage_healed":0.0,"max_hp_gain":0.0,"max_hp_loss":0.0,"gold_gain":0.0,"event_name":"The Woman in Blue","player_choice":"Bought 1 Potion","floor":2.0,"gold_loss":0.0,"damage_taken":0.0},{"damage_healed":0.0,"max_hp_gain":0.0,"max_hp_loss":0.0,"gold_gain":0.0,"event_name":"Scrap Ooze","player_choice":"Success","floor":4.0,"gold_loss":0.0,"damage_taken":18.0,"relics_obtained":["Ornamental Fan"]},{"cards_removed":["Defend_P"],"damage_healed":0.0,"max_hp_gain":0.0,"max_hp_loss":0.0,"gold_gain":0.0,"event_name":"Bonfire Elementals","player_choice":"Offered Basic","floor":13.0,"gold_loss":0.0,"damage_taken":0.0},{"damage_healed":0.0,"max_hp_gain":5.0,"max_hp_loss":0.0,"gold_gain":0.0,"event_name":"Forgotten Altar","player_choice":"Shed Blood","floor":24.0,"gold_loss":0.0,"damage_taken":18.0},{"damage_healed":0.0,"max_hp_gain":0.0,"max_hp_loss":0.0,"gold_gain":0.0,"event_name":"Ghosts","player_choice":"Ignored","floor":27.0,"gold_loss":0.0,"damage_taken":0.0},{"cards_removed":["Defend_P"],"damage_healed":0.0,"max_hp_gain":0.0,"max_hp_loss":0.0,"gold_gain":0.0,"event_name":"Back to Basics","player_choice":"Elegance","floor":30.0,"gold_loss":0.0,"damage_taken":0.0},{"damage_healed":0.0,"max_hp_gain":0.0,"max_hp_loss":0.0,"gold_gain":0.0,"event_name":"N\u0027loth","player_choice":"Traded Relic","floor":31.0,"relics_lost":["DollysMirror"],"gold_loss":0.0,"damage_taken":0.0,"relics_obtained":["Nloth\u0027s Gift"]},{"damage_healed":0.0,"max_hp_gain":0.0,"max_hp_loss":0.0,"gold_gain":0.0,"event_name":"Tomb of Lord Red Mask","player_choice":"Paid","floor":41.0,"gold_loss":102.0,"damage_taken":0.0,"relics_obtained":["Red Mask"]},{"damage_healed":0.0,"max_hp_gain":0.0,"max_hp_loss":0.0,"gold_gain":0.0,"event_name":"SensoryStone","player_choice":"Memory 1","floor":45.0,"gold_loss":0.0,"damage_taken":0.0},{"damage_healed":0.0,"max_hp_gain":0.0,"max_hp_loss":0.0,"gold_gain":0.0,"event_name":"Mysterious Sphere","player_choice":"Ignored","floor":46.0,"gold_loss":0.0,"damage_taken":0.0},{"cards_removed":["Tantrum"],"damage_healed":0.0,"max_hp_gain":0.0,"max_hp_loss":0.0,"gold_gain":0.0,"event_name":"Falling","player_choice":"Removed Attack","floor":47.0,"gold_loss":0.0,"damage_taken":0.0}],"is_beta":false,"boss_relics":[{"not_picked":["Runic Dome","SlaversCollar"],"picked":"Snecko Eye"},{"not_picked":["Busted Crown","SacredBark"],"picked":"Pandora\u0027s Box"}],"items_purged_floors":[19,37],"is_endless":false,"potions_floor_spawned":[3,11,16,21,22,33,36,40,48],"ascension_level":11}}