{"host":"iml8x8es9od4zowg","time":1609926711,"event":{"mods":["2.2 Compatiblity","Arknights The Spire","Astrologer","BaseMod","Marisa£¨Ùöéë¡¡Øª×âÞÞ£©","Minty Spire (QoL Compilation)","StSLib","Td1madao Mod","The Jungle","¡¼?Úª?ø«¡½REMEMod"],"gold_per_floor":[113,128,144,156,156,188,188,215,215,231,231,231,25,43,43,145,145,161,161,161,161],"floor_reached":20,"playtime":1348,"items_purged":["ats:Strike V"],"score":184,"play_id":"76ac2336-5716-4839-9153-75592f30c19e","local_time":"20210106185151","is_ascension_mode":false,"campfire_choices":[{"floor":12,"key":"REST"},{"data":"ats:Neurotoxin","floor":15,"key":"SMITH"}],"circlet_count":0,"master_deck":["ats:Strike C","ats:Strike G+1","ats:Strike S","ats:Armor Crushing Shot","ats:Defend","ats:Defend","ats:Defend","ats:Defend","ats:Emotion Absorption","ats:Sunburst","ats:Assault Order+1","ats:Leaping Hammer","ats:Soul Absorption","ats:Roar Of Ursus","ats:Blood Oath","ats:Neurotoxin+1","ats:Poison Spread","ats:Calcification","Necronomicurse"],"relics":["ats:Sanity","REME_ComplimentaryCards","NeowsBlessing","ats:Originium","Nunchaku","REME_HourglassOfDeath","REME_LimitBreaker","Pantograph","REME_LowDesire","Vajra","Potion Belt","Necronomicon"],"acts_visited":["Exordium","TheCity"],"potions_floor_usage":[8,16],"damage_taken":[{"damage":0,"enemies":"Cultist","floor":1,"turns":1},{"damage":0,"enemies":"Jaw Worm","floor":2,"turns":1},{"damage":0,"enemies":"2 Louse","floor":3,"turns":1},{"damage":17,"enemies":"Blue Slaver","floor":4,"turns":5},{"damage":57,"enemies":"Lagavulin","floor":6,"turns":11},{"damage":10,"enemies":"3 Sentries","floor":8,"turns":5},{"damage":13,"enemies":"Large Slime","floor":10,"turns":5},{"damage":0,"enemies":"3 Louse","floor":14,"turns":2},{"damage":24,"enemies":"Hexaghost","floor":16,"turns":9},{"damage":30,"enemies":"2 Thieves","floor":18,"turns":4},{"damage":36,"enemies":"Spheric Guardian","floor":20,"turns":5}],"seed_played":"-8528270263845492775","potions_obtained":[{"floor":2,"key":"FairyPotion"},{"floor":6,"key":"EssenceOfSteel"},{"floor":8,"key":"BlessingOfTheForge"}],"is_trial":false,"path_per_floor":["M","M","M","M","?","E","?","E","T","M","?","R","$","M","R","B",null,"M","?","M"],"character_chosen":"DOCTOR_CLASS","items_purchased":["ats:Neurotoxin","ats:Poison Spread","Block Potion"],"campfire_rested":1,"item_purchase_floors":[13,13,13],"current_hp_per_floor":[72,72,72,55,72,15,15,5,5,17,3,24,24,24,24,31,72,43,27,0,0],"gold":161,"neow_bonus":"THREE_ENEMY_KILL","is_daily":false,"chose_seed":false,"campfire_upgraded":1,"win_rate":0.0,"timestamp":1609926711,"path_taken":["M","?","M","M","?","E","?","E","T","M","?","R","$","M","R","BOSS","M","?","M"],"items_purchased_type":["Card","Card","Potion"],"build_version":"2020-12-22","purchased_purges":1,"victory":false,"max_hp_per_floor":[72,72,72,72,72,72,72,72,72,72,72,72,72,72,72,72,72,72,72,72,72],"card_choices":[{"not_picked":["ats:Consecutive Shot Auto","ats:Apocalypse"],"picked":"ats:Assault Order","floor":1},{"not_picked":["ats:Shell Defense","ats:Powerful Strike"],"picked":"ats:Leaping Hammer","floor":2},{"not_picked":["ats:Thorns","ats:Poison Spread"],"picked":"ats:Soul Absorption","floor":3},{"not_picked":["ats:Hammer On","ats:Curse Doll","ats:Cat Scratch"],"picked":"SKIP","floor":4},{"not_picked":["ats:Apocalypse","ats:Consecutive Shot Auto"],"picked":"ats:Roar Of Ursus","floor":6},{"not_picked":["ats:Childhood Dance","ats:Consecutive Shot Auto","ats:Powerful Strike"],"picked":"SKIP","floor":8},{"not_picked":["ats:Leaping Hammer","ats:Hook Shot"],"picked":"ats:Blood Oath","floor":10},{"not_picked":["ats:Curse Doll","ats:Revitalization","ats:Cat Scratch"],"picked":"SKIP","floor":14},{"not_picked":["ats:Fractured Body","ats:Wolf Pack"],"picked":"ats:Calcification","floor":16},{"not_picked":["ats:Curse Doll","ats:Thorns","ats:Composite Medical Shells","Chrysalis"],"picked":"SKIP","floor":18}],"player_experience":526461,"relics_obtained":[{"floor":6,"key":"ats:Originium"},{"floor":6,"key":"Nunchaku"},{"floor":8,"key":"ats:Originium"},{"floor":8,"key":"REME_LimitBreaker"},{"floor":9,"key":"Pantograph"},{"floor":17,"key":"Vajra"},{"floor":17,"key":"Potion Belt"},{"floor":19,"key":"Necronomicon"}],"event_choices":[{"damage_healed":24,"gold_gain":0,"player_choice":"Banana","damage_taken":0,"max_hp_gain":0,"max_hp_loss":0,"event_name":"Big Fish","floor":5,"gold_loss":0},{"damage_healed":0,"gold_gain":0,"player_choice":"Searched \u00272\u0027 times","damage_taken":0,"relics_obtained":["REME_HourglassOfDeath"],"max_hp_gain":0,"max_hp_loss":0,"event_name":"Dead Adventurer","floor":7,"gold_loss":0},{"damage_healed":0,"gold_gain":0,"player_choice":"Entered Light","damage_taken":14,"max_hp_gain":0,"max_hp_loss":0,"event_name":"Shining Light","floor":11,"gold_loss":0,"cards_upgraded":["ats:Strike G","ats:Assault Order"]},{"damage_healed":0,"gold_gain":0,"player_choice":"Obtained Book","damage_taken":16,"max_hp_gain":0,"max_hp_loss":0,"event_name":"Cursed Tome","floor":19,"gold_loss":0}],"is_beta":false,"boss_relics":[{"not_picked":["Snecko Eye","ats:Sanity Plus"],"picked":"REME_LowDesire"}],"items_purged_floors":[13],"is_endless":false,"potions_floor_spawned":[2,6,8],"killed_by":"Spheric Guardian","ascension_level":0}}