{"host":"1a3cjta80tad0aqj","time":1609894731,"event":{"mods":["2.2 Compatiblity","AchievementEnabler","BaseMod","Colored Map","DeckTracker","KOR Keyword Fix","Keyboard Shortcuts","Minty Spire (QoL Compilation)","Permanent Neow","Quick Restart","Random Character Button","StSLib","SuperFastMode","everything is the same but u backflip on backflip"],"gold_per_floor":[111,130,130,144,160,160,176,176,257,133,165,165,165,184,184,286,286,298,223,223,240,252,286,286,153,221,48,67,85,85,103,103,199,199,215,215,215,233,333,360,360,16,16,26,41,53,53,67,67,67,67],"floor_reached":50,"playtime":2819,"items_purged":["Defend_B","Rebound","Recycle","Go for the Eyes"],"score":546,"play_id":"e736ce76-e4eb-4bb4-975f-298b2e5acf14","local_time":"20210106095851","is_ascension_mode":false,"campfire_choices":[{"data":"Zap","floor":6.0,"key":"SMITH"},{"data":"Melter","floor":8.0,"key":"SMITH"},{"floor":13.0,"key":"REST"},{"data":"Dualcast","floor":15.0,"key":"SMITH"},{"floor":24.0,"key":"REST"},{"floor":30.0,"key":"REST"},{"data":"BootSequence","floor":32.0,"key":"SMITH"},{"floor":41.0,"key":"REST"},{"floor":47.0,"key":"REST"},{"floor":49.0,"key":"REST"}],"circlet_count":0,"master_deck":["Defend_B","Defend_B","Zap+1","Dualcast+1","Turbo","Melter+1","FTL+1","Beam Cell+1","Hyperbeam+1","Sweeping Beam+1","Steam","Rebound+1","Chill","Lockon+1","BootSequence+1","Multi-Cast","Leap","Flash of Steel+1","Go for the Eyes+1","FTL+1","Core Surge+1","Auto Shields","Conserve Battery+1"],"relics":["Cracked Core","NeowsBlessing","Molten Egg 2","Du-Vu Doll","Empty Cage","Akabeko","Ornamental Fan","Fusion Hammer","Happy Flower","Meat on the Bone"],"acts_visited":["Exordium","TheCity","TheBeyond"],"potions_floor_usage":[50,50],"damage_taken":[{"damage":0.0,"enemies":"Jaw Worm","floor":1.0,"turns":1.0},{"damage":0.0,"enemies":"Cultist","floor":2.0,"turns":1.0},{"damage":0.0,"enemies":"Small Slimes","floor":4.0,"turns":1.0},{"damage":1.0,"enemies":"Exordium Wildlife","floor":5.0,"turns":3.0},{"damage":8.0,"enemies":"3 Louse","floor":7.0,"turns":3.0},{"damage":31.0,"enemies":"3 Sentries","floor":11.0,"turns":5.0},{"damage":9.0,"enemies":"2 Fungi Beasts","floor":14.0,"turns":3.0},{"damage":0.0,"enemies":"Slime Boss","floor":16.0,"turns":3.0},{"damage":14.0,"enemies":"Shell Parasite","floor":18.0,"turns":3.0},{"damage":0.0,"enemies":"Spheric Guardian","floor":21.0,"turns":2.0},{"damage":0.0,"enemies":"Chosen and Byrds","floor":22.0,"turns":3.0},{"damage":26.0,"enemies":"Slavers","floor":23.0,"turns":3.0},{"damage":21.0,"enemies":"Shelled Parasite and Fungi","floor":28.0,"turns":3.0},{"damage":0.0,"enemies":"Sentry and Sphere","floor":29.0,"turns":2.0},{"damage":5.0,"enemies":"Centurion and Healer","floor":31.0,"turns":3.0},{"damage":23.0,"enemies":"Collector","floor":33.0,"turns":8.0},{"damage":8.0,"enemies":"Orb Walker","floor":35.0,"turns":3.0},{"damage":5.0,"enemies":"3 Darklings","floor":38.0,"turns":4.0},{"damage":35.0,"enemies":"Reptomancer","floor":40.0,"turns":6.0},{"damage":14.0,"enemies":"Sphere and 2 Shapes","floor":44.0,"turns":3.0},{"damage":15.0,"enemies":"Jaw Worm Horde","floor":45.0,"turns":3.0},{"damage":3.0,"enemies":"4 Shapes","floor":46.0,"turns":3.0},{"damage":1.0,"enemies":"Transient","floor":48.0,"turns":5.0},{"damage":92,"enemies":"Donu and Deca","floor":50,"turns":8}],"seed_played":"-6701911509680141150","potions_obtained":[{"floor":2.0,"key":"PotionOfCapacity"},{"floor":4.0,"key":"DuplicationPotion"},{"floor":11.0,"key":"CultistPotion"},{"floor":18.0,"key":"Weak Potion"},{"floor":23.0,"key":"Energy Potion"},{"floor":29.0,"key":"SpeedPotion"},{"floor":33.0,"key":"FearPotion"}],"is_trial":false,"path_per_floor":["M","M","?","M","M","R","M","R","T","$","E","?","R","M","R","B",null,"M","?","?","M","M","E","R","$","T","$","M","M","R","M","R","B",null,"M","?","?","M","?","E","R","$","T","M","M","M","R","M","R","B"],"character_chosen":"DEFECT","items_purchased":["Explosive Potion","Lockon+1","Block Potion","SteroidPotion","Core Surge+1"],"campfire_rested":6,"item_purchase_floors":[10,25,27,42,42],"current_hp_per_floor":[75,75,75,75,74,74,66,66,66,66,35,35,57,48,48,48,75,61,61,61,61,61,35,57,57,57,57,36,36,58,53,53,30,75,67,67,67,62,62,27,48,48,48,46,43,40,61,60,71,0,0],"gold":67,"neow_bonus":"THREE_ENEMY_KILL","is_daily":false,"chose_seed":false,"campfire_upgraded":4,"win_rate":0.0,"timestamp":1609894731,"path_taken":["M","M","?","M","M","R","M","R","T","$","E","?","R","?","R","BOSS","M","?","?","M","M","E","R","$","T","?","M","M","R","M","R","BOSS","M","?","?","M","?","E","R","$","T","M","M","M","R","M","R","BOSS"],"items_purchased_type":["Potion","Card","Potion","Potion","Card"],"build_version":"2020-12-22","purchased_purges":4,"victory":false,"max_hp_per_floor":[75,75,75,75,75,75,75,75,75,75,75,75,75,75,75,75,75,75,75,75,75,75,75,75,75,75,75,75,75,75,75,75,75,75,75,75,71,71,71,71,71,71,71,71,71,71,71,71,71,71,71],"card_choices":[{"not_picked":["Conserve Battery","Leap"],"picked":"Rebound","floor":1.0},{"not_picked":["Barrage","Go for the Eyes"],"picked":"Turbo","floor":2.0},{"not_picked":["Go for the Eyes","Chaos"],"picked":"Recycle","floor":4.0},{"not_picked":["Force Field","Rebound"],"picked":"Go for the Eyes","floor":5.0},{"not_picked":["Scrape","Steam Power","Recycle"],"picked":"SKIP","floor":7.0},{"not_picked":["Hello World","Reinforced Body"],"picked":"FTL+1","floor":11.0},{"not_picked":["Conserve Battery","Steam Power"],"picked":"Beam Cell+1","floor":14.0},{"not_picked":["Electrodynamics","Reboot"],"picked":"Hyperbeam+1","floor":16.0},{"not_picked":["Glacier+1","Coolheaded+1"],"picked":"Sweeping Beam+1","floor":18.0},{"not_picked":["Redo","Scrape+1"],"picked":"Steam","floor":21.0},{"not_picked":["Sunder+1","Redo+1"],"picked":"Rebound+1","floor":22.0},{"not_picked":["Recycle+1","Glacier"],"picked":"Chill","floor":23.0},{"not_picked":["Static Discharge+1","White Noise","Steam"],"picked":"SKIP","floor":28.0},{"not_picked":["Reprogram","Fusion+1","Gash+1"],"picked":"SKIP","floor":29.0},{"not_picked":["Sweeping Beam+1","Machine Learning"],"picked":"BootSequence","floor":31.0},{"not_picked":["Fission","Thunder Strike+1"],"picked":"Multi-Cast","floor":33.0},{"not_picked":["Self Repair","Defragment+1"],"picked":"Leap","floor":35.0},{"not_picked":["Bandage Up","Magnetism"],"picked":"Flash of Steel+1","floor":36.0},{"not_picked":["Sweeping Beam+1","Barrage+1"],"picked":"Go for the Eyes+1","floor":38.0},{"not_picked":["Heatsinks+1","Undo+1"],"picked":"FTL+1","floor":40.0},{"not_picked":["Barrage+1","Steam","Leap"],"picked":"SKIP","floor":44.0},{"not_picked":["Genetic Algorithm+1","Double Energy+1","Doom and Gloom+1"],"picked":"SKIP","floor":45.0},{"not_picked":["Rebound+1","Sweeping Beam+1"],"picked":"Auto Shields","floor":46.0},{"not_picked":["Loop","Stack+1"],"picked":"Conserve Battery+1","floor":48.0}],"player_experience":150531,"relics_obtained":[{"floor":9.0,"key":"Molten Egg 2"},{"floor":11.0,"key":"Du-Vu Doll"},{"floor":23.0,"key":"Akabeko"},{"floor":26.0,"key":"Ornamental Fan"},{"floor":40.0,"key":"Happy Flower"},{"floor":43.0,"key":"Meat on the Bone"}],"event_choices":[{"damage_healed":0.0,"max_hp_gain":0.0,"max_hp_loss":0.0,"gold_gain":0.0,"cards_transformed":["Defend_B"],"event_name":"Living Wall","player_choice":"Change","floor":3.0,"gold_loss":0.0,"damage_taken":0.0,"cards_obtained":["Melter"]},{"damage_healed":0.0,"max_hp_gain":0.0,"max_hp_loss":0.0,"gold_gain":0.0,"event_name":"The Woman in Blue","player_choice":"Bought 0 Potions","floor":12.0,"gold_loss":0.0,"damage_taken":0.0},{"cards_removed":["Strike_B"],"damage_healed":0.0,"max_hp_gain":0.0,"max_hp_loss":0.0,"gold_gain":0.0,"event_name":"Beggar","player_choice":"Gave Gold","floor":19.0,"gold_loss":75.0,"damage_taken":0.0},{"cards_removed":["Strike_B"],"damage_healed":0.0,"max_hp_gain":0.0,"max_hp_loss":0.0,"gold_gain":0.0,"event_name":"Back to Basics","player_choice":"Elegance","floor":20.0,"gold_loss":0.0,"damage_taken":0.0},{"damage_healed":0.0,"max_hp_gain":0.0,"max_hp_loss":0.0,"gold_gain":0.0,"event_name":"SensoryStone","player_choice":"Memory 1","floor":36.0,"gold_loss":0.0,"damage_taken":0.0},{"damage_healed":0.0,"max_hp_gain":0.0,"max_hp_loss":4.0,"gold_gain":0.0,"event_name":"Winding Halls","player_choice":"Max HP","floor":37.0,"gold_loss":0.0,"damage_taken":0.0},{"damage_healed":0.0,"max_hp_gain":0.0,"max_hp_loss":0.0,"gold_gain":100.0,"event_name":"Golden Shrine","player_choice":"Pray","floor":39.0,"gold_loss":0.0,"damage_taken":0.0}],"is_beta":false,"boss_relics":[{"not_picked":["Inserter","Pandora\u0027s Box"],"picked":"Empty Cage"},{"not_picked":["SlaversCollar","Runic Dome"],"picked":"Fusion Hammer"}],"items_purged_floors":[10,25,27,42],"is_endless":false,"potions_floor_spawned":[2,4,11,18,23,29,33,35,38,46],"killed_by":"Donu and Deca","ascension_level":0}}