{"host":"z6we5vlunze04bxn","time":1609905506,"event":{"mods":["BaseMod","Colored Map","Colored Powertips","DeckTracker","Minty Spire (QoL Compilation)","SuperFastMode","UnlockEverythingMod","everything is the same but u backflip on backflip"],"gold_per_floor":[115,130,130,55,65,65,92,92,162,6,20,38,38,48,48,48,48],"floor_reached":16,"playtime":538,"items_purged":["Strike_G"],"score":204,"play_id":"7508dfb5-88af-4277-8763-130ab930ad49","local_time":"20210106115826","is_ascension_mode":true,"campfire_choices":[{"data":"Neutralize","floor":6,"key":"SMITH"},{"data":"Deadly Poison","floor":8,"key":"SMITH"},{"data":"Noxious Fumes","floor":15,"key":"SMITH"}],"circlet_count":0,"master_deck":["AscendersBane","Strike_G","Strike_G","Strike_G+1","Defend_G","Defend_G","Defend_G","Defend_G","Defend_G","Survivor+1","Neutralize+1","Masterful Stab","Deadly Poison+1","PiercingWail","Noxious Fumes+1","Escape Plan","Acrobatics","Backflip"],"relics":["Ring of the Snake","Bag of Marbles","Kunai"],"acts_visited":["Exordium"],"potions_floor_usage":[7,7,16],"damage_taken":[{"damage":0,"enemies":"Jaw Worm","floor":1,"turns":5},{"damage":0,"enemies":"2 Louse","floor":2,"turns":2},{"damage":1,"enemies":"Cultist","floor":5,"turns":3},{"damage":32,"enemies":"Lagavulin","floor":7,"turns":6},{"damage":0,"enemies":"2 Fungi Beasts","floor":11,"turns":4},{"damage":5,"enemies":"Red Slaver","floor":12,"turns":5},{"damage":0,"enemies":"3 Louse","floor":14,"turns":4},{"damage":21,"enemies":"Slime Boss","floor":16,"turns":7}],"seed_played":"4460084323447179645","potions_obtained":[{"floor":1,"key":"Regen Potion"},{"floor":2,"key":"FearPotion"},{"floor":11,"key":"SpeedPotion"},{"floor":14,"key":"Dexterity Potion"}],"is_trial":false,"path_per_floor":["M","M","?","?","M","R","E","R","T","$","M","M","$","M","R","B"],"character_chosen":"THE_SILENT","items_purchased":["Noxious Fumes"],"campfire_rested":0,"item_purchase_floors":[10],"current_hp_per_floor":[65,65,43,43,42,42,25,25,25,25,25,20,20,20,20,0,0],"gold":48,"neow_bonus":"TEN_PERCENT_HP_BONUS","is_daily":false,"chose_seed":false,"campfire_upgraded":3,"win_rate":0.0,"timestamp":1609905506,"path_taken":["M","M","?","?","M","R","E","R","T","?","M","M","$","M","R","BOSS"],"items_purchased_type":["Card"],"build_version":"2020-12-22","purchased_purges":1,"victory":false,"max_hp_per_floor":[72,72,72,72,72,72,72,72,72,72,72,72,72,72,72,72,72],"card_choices":[{"not_picked":["Poisoned Stab","Slice"],"picked":"Masterful Stab","floor":1},{"not_picked":["Deadly Poison","Infinite Blades","Prepared"],"picked":"SKIP","floor":2},{"not_picked":["Infinite Blades","Prepared"],"picked":"Deadly Poison","floor":2},{"not_picked":["Poisoned Stab","Infinite Blades","Terror"],"picked":"SKIP","floor":5},{"not_picked":["Phantasmal Killer","Sucker Punch"],"picked":"PiercingWail","floor":7},{"not_picked":["Cloak And Dagger","Underhanded Strike"],"picked":"Escape Plan","floor":11},{"not_picked":["Backstab","Backflip"],"picked":"Acrobatics","floor":12},{"not_picked":["Eviscerate","Bane"],"picked":"Backflip","floor":14}],"player_experience":256276,"relics_obtained":[{"floor":7,"key":"Bag of Marbles"},{"floor":9,"key":"Kunai"}],"event_choices":[{"damage_healed":0,"gold_gain":0,"player_choice":"Entered Light","damage_taken":22,"max_hp_gain":0,"max_hp_loss":0,"event_name":"Shining Light","floor":3,"gold_loss":0,"cards_upgraded":["Survivor","Strike_G"]},{"cards_removed":["Strike_G"],"damage_healed":0,"gold_gain":0,"player_choice":"Card Removal","damage_taken":0,"max_hp_gain":0,"max_hp_loss":0,"event_name":"The Cleric","floor":4,"gold_loss":75}],"is_beta":false,"boss_relics":[],"items_purged_floors":[10],"is_endless":false,"potions_floor_spawned":[1,2,11,14],"killed_by":"Slime Boss","ascension_level":20}}