{"host":"7qmclr78zvlntuh5","time":1609949056,"event":{"mods":["BaseMod","Downfall","Minty Spire (QoL Compilation)","StSLib"],"gold_per_floor":[99,274,274,274,124,154,181,199,299,52,52,68,123,143,192,295,295,295,316,328,35,35,72,72,72,72,99,154,156,56,104,127,127],"floor_reached":32,"playtime":2243,"items_purged":["sneckomod:Strike","sneckomod:Strike","sneckomod:Strike"],"score":316,"play_id":"58151193-0685-4d00-bdfc-736fd0a33797","local_time":"20210106110416","is_ascension_mode":true,"campfire_choices":[{"data":"sneckomod:TailWhip","floor":1.0,"key":"SMITH"},{"data":"sneckomod:MasterEye","floor":18,"key":"SMITH"},{"floor":25,"key":"RECALL"},{"floor":30,"key":"REST"}],"circlet_count":0,"master_deck":["sneckomod:Defend","sneckomod:Defend","sneckomod:Defend","sneckomod:TailWhip+1","sneckomod:SnekBite","sneckomod:Unknown","sneckomod:SerpentIdol","sneckomod:MasterEye","sneckomod:CheapStock","sneckomod:UnknownWeak","sneckomod:UnknownUncommonPower","sneckomod:MasterEye+1","sneckomod:GlitteringGambit","sneckomod:DangerNoodle","sneckomod:SerpentMind","bronze:DigitalCarnage","sneckomod:CheapStock+1","sneckomod:SoulRoll","sneckomod:UnknownClassTHE_BRONZE_AUTOMATON+1","champ:Devastate","downfall:Bewildered","sneckomod:UnknownClassTHE_BRONZE_AUTOMATON","sneckomod:UnknownCommonAttack+1","LessonLearned"],"relics":["sneckomod:SuperSneckoSoul","downfall:HeartsMalice","Gremlin Horn","Tiny Chest","Membership Card","PreservedInsect","OrangePellets","Lantern","Guardian:PocketSentry","sneckomod:BabySnecko","Smiling Mask","Juzu Bracelet","downfall:HeartBlessingGreen"],"acts_visited":["Exordium","TheCity"],"potions_floor_usage":[28],"damage_taken":[{"damage":0.0,"enemies":"Cultist","floor":4.0,"turns":1.0},{"damage":0.0,"enemies":"downfall:FleeingMerchant","floor":5.0,"turns":1.0},{"damage":0.0,"enemies":"Gremlin Nob","floor":6.0,"turns":1.0},{"damage":11.0,"enemies":"Jaw Worm","floor":8.0,"turns":3.0},{"damage":5.0,"enemies":"downfall:FleeingMerchant","floor":10.0,"turns":4.0},{"damage":0.0,"enemies":"Small Slimes","floor":12.0,"turns":2.0},{"damage":17.0,"enemies":"Red Slaver","floor":14.0,"turns":4.0},{"damage":0.0,"enemies":"Exordium Wildlife","floor":15.0,"turns":1.0},{"damage":44.0,"enemies":"ArchetypeAct1Statuses","floor":16.0,"turns":7.0},{"damage":20,"enemies":"Spheric Guardian","floor":19,"turns":4},{"damage":50,"enemies":"3 Byrds","floor":20,"turns":6},{"damage":0,"enemies":"downfall:FleeingMerchant","floor":21,"turns":4},{"damage":9,"enemies":"Centurion and Healer","floor":23,"turns":5},{"damage":25,"enemies":"Book of Stabbing","floor":28,"turns":4},{"damage":10,"enemies":"Snake Plant","floor":29,"turns":3},{"damage":22,"enemies":"Gremlin Leader","floor":31,"turns":4},{"damage":18,"enemies":"Sentry and Sphere","floor":32,"turns":3}],"seed_played":"3969730668578706665","potions_obtained":[{"floor":6.0,"key":"SteroidPotion"},{"floor":8.0,"key":"Explosive Potion"},{"floor":12.0,"key":"Explosive Potion"},{"floor":15.0,"key":"FearPotion"},{"floor":16.0,"key":"bronze:BurnAndBuffPotion"},{"floor":20,"key":"ColorlessPotion"},{"floor":29,"key":"Ancient Potion"}],"is_trial":false,"path_per_floor":["R","?","?","M","$","E","T","M","?","$","?","M","T","M","M","B",null,"R","M","M","$","?","M","T","R","?","T","E","M","R","E","M"],"character_chosen":"THE_SNECKO","items_purchased":["sneckomod:CheapStock","Membership Card","sneckomod:MasterEye","OrangePellets","Lantern","Guardian:PocketSentry"],"campfire_rested":1,"item_purchase_floors":[5,10,10,21,21,21],"current_hp_per_floor":[90,90,90,90,90,91,91,81,81,77,77,77,77,79,79,35,93,93,73,23,23,54,45,45,45,45,45,20,10,37,15,0,0],"gold":127,"neow_bonus":"THREE_ENEMY_KILL","is_daily":false,"chose_seed":false,"campfire_upgraded":2,"win_rate":0.0,"timestamp":1609949056,"path_taken":["R","?","?","M","$","E","T","M","?","$","?","?","?","?","M","BOSS","R","M","M","$","?","M","T","R","?","?","E","M","R","E","M"],"items_purchased_type":["Card","Relic","Card","Relic","Relic","Relic"],"build_version":"2020-12-22","purchased_purges":3,"victory":false,"max_hp_per_floor":[90,90,90,90,90,91,91,92,92,93,93,93,93,93,93,93,93,93,93,93,93,93,93,93,93,93,93,93,93,93,93,93,93],"card_choices":[{"not_picked":["sneckomod:PureSnecko","sneckomod:Rotation"],"picked":"sneckomod:SerpentIdol","floor":4.0},{"not_picked":["sneckomod:UnknownWeak","sneckomod:WideSting"],"picked":"sneckomod:MasterEye","floor":5.0},{"not_picked":["sneckomod:UnknownWeak","sneckomod:TrashToTreasure"],"picked":"sneckomod:UnknownRareAttack","floor":6.0},{"not_picked":["sneckomod:UnknownCommonAttack","sneckomod:QuickMove"],"picked":"sneckomod:UnknownWeak","floor":8.0},{"not_picked":["sneckomod:RainOfDice","sneckomod:SoulDraw"],"picked":"sneckomod:UnknownUncommonPower","floor":10.0},{"not_picked":["sneckomod:WideSting","sneckomod:SoulCleanse"],"picked":"sneckomod:GlitteringGambit","floor":12.0},{"not_picked":["sneckomod:DiceBlock","sneckomod:Unknown1Cost","sneckomod:IronFang"],"picked":"SKIP","floor":14.0},{"not_picked":["sneckomod:DiceBlock","sneckomod:UnknownVulnerable"],"picked":"sneckomod:DangerNoodle","floor":15.0},{"not_picked":["sneckomod:SoulExchange","sneckomod:UnknownRareAttack"],"picked":"sneckomod:SerpentMind","floor":16.0},{"not_picked":["sneckomod:UnknownBlock","sneckomod:Nope"],"picked":"sneckomod:CheapStock+1","floor":19},{"not_picked":["sneckomod:DefensiveFlair","sneckomod:QuickBite"],"picked":"sneckomod:UnknownClassTHE_CHAMP_GRAY","floor":20},{"not_picked":["sneckomod:SerpentMind","sneckomod:DiceBlock"],"picked":"sneckomod:SoulRoll","floor":21},{"not_picked":["sneckomod:QuickBite","sneckomod:UnknownCommonAttack"],"picked":"sneckomod:UnknownClassTHE_BRONZE_AUTOMATON+1","floor":23},{"not_picked":["sneckomod:RainOfDice+1","sneckomod:DiceBlock"],"picked":"sneckomod:UnknownClassTHE_BRONZE_AUTOMATON","floor":28},{"not_picked":["sneckomod:WideSting","sneckomod:DiceCrush"],"picked":"sneckomod:UnknownCommonAttack+1","floor":29},{"not_picked":["sneckomod:DiceBlock","sneckomod:UnknownCommonAttack","sneckomod:TrashToTreasure"],"picked":"SKIP","floor":31}],"player_experience":218578,"relics_obtained":[{"floor":6.0,"key":"Gremlin Horn"},{"floor":7.0,"key":"Tiny Chest"},{"floor":13.0,"key":"PreservedInsect"},{"floor":27,"key":"Smiling Mask"},{"floor":28,"key":"Juzu Bracelet"}],"event_choices":[{"cards_removed":["Doubt"],"damage_healed":0.0,"max_hp_gain":0.0,"max_hp_loss":0.0,"gold_gain":0.0,"event_name":"The Cleric","player_choice":"Card Removal","floor":3.0,"gold_loss":0.0,"damage_taken":0.0},{"damage_healed":31,"gold_gain":0,"player_choice":"Heal","damage_taken":0,"max_hp_gain":0,"max_hp_loss":0,"event_name":"The Library","floor":22,"gold_loss":0}],"is_beta":false,"boss_relics":[{"not_picked":["Calling Bell","Fusion Hammer"],"picked":"sneckomod:SuperSneckoSoul"}],"items_purged_floors":[5,10,21],"is_endless":false,"potions_floor_spawned":[6,8,12,15,16,20,29,31],"killed_by":"Sentry and Sphere","ascension_level":1}}