{"host":"aibqmozag2xz7y1n","time":1609944674,"event":{"mods":["AchievementEnabler","BaseMod","Colored Map","Colored Powertips","Marisa????????","Minty Spire (QoL Compilation)","Rare Cards Sparkle","StSLib","The Servant 0.9.4"],"gold_per_floor":[114,134,154,154,164,164,164,164,164,75,75,99,99,113,113,217,217,227,227,227,244,132,132,158,158,184,184,202,202,165,179,179,282,282,299,309,309,323,248,248,283,283,283,283,301,49,49,49,49,49,49],"floor_reached":50,"playtime":2152,"items_purged":["Dualcast+1","Blind+1"],"score":501,"play_id":"f3476c6b-ffb8-42f2-9f7d-fe9c6dce5e2e","local_time":"20210106155114","is_ascension_mode":false,"campfire_choices":[{"data":"Zap","floor":6,"key":"SMITH"},{"data":"Static Discharge","floor":11,"key":"SMITH"},{"data":"Dualcast","floor":13,"key":"SMITH"},{"data":"Conserve Battery","floor":15,"key":"SMITH"},{"floor":27,"key":"REST"},{"floor":29,"key":"REST"},{"floor":32,"key":"REST"},{"floor":40,"key":"REST"},{"floor":44,"key":"REST"},{"floor":47,"key":"REST"},{"floor":49,"key":"REST"}],"circlet_count":0,"master_deck":["Strike_B+1","Strike_B+1","Strike_B+1","Defend_B+1","Defend_B+1","Defend_B+1","Defend_B+1","Zap+1","Dualcast+1","Static Discharge+1","Conserve Battery+1","Ball Lightning","Stack","Reinforced Body+1","Redo+1","Genetic Algorithm+1","Ball Lightning","Conserve Battery+1","Biased Cognition","Leap+1","Hologram+1","BootSequence+1","Capacitor","Barrage+1","Defragment","Steam+1","Steam+1","Thunder Strike"],"relics":["Cracked Core","Toxic Egg 2","White Beast Statue","Bottled Tornado","Odd Mushroom","SacredBark","Nilry\u0027s Codex","Pen Nib","Art of War","Nuclear Battery","Mercury Hourglass","Bottled Lightning","Strange Spoon"],"acts_visited":["Exordium","TheCity","TheBeyond"],"potions_floor_usage":[16,16,24,28,31,33,38,38,41,45,50,50],"damage_taken":[{"damage":1,"enemies":"Jaw Worm","floor":1,"turns":3},{"damage":0,"enemies":"Cultist","floor":2,"turns":3},{"damage":7,"enemies":"Small Slimes","floor":3,"turns":3},{"damage":12,"enemies":"2 Fungi Beasts","floor":5,"turns":3},{"damage":3,"enemies":"The Mushroom Lair","floor":12,"turns":6},{"damage":0,"enemies":"Exordium Wildlife","floor":14,"turns":4},{"damage":4,"enemies":"The Guardian","floor":16,"turns":11},{"damage":14,"enemies":"Spheric Guardian","floor":18,"turns":4},{"damage":6,"enemies":"Shell Parasite","floor":21,"turns":6},{"damage":24,"enemies":"Book of Stabbing","floor":24,"turns":6},{"damage":5,"enemies":"Snecko","floor":28,"turns":5},{"damage":7,"enemies":"3 Cultists","floor":31,"turns":6},{"damage":33,"enemies":"Automaton","floor":33,"turns":9},{"damage":5,"enemies":"Orb Walker","floor":35,"turns":3},{"damage":16,"enemies":"3 Shapes","floor":36,"turns":4},{"damage":8,"enemies":"Transient","floor":38,"turns":5},{"damage":52,"enemies":"Nemesis","floor":41,"turns":7},{"damage":2,"enemies":"Jaw Worm Horde","floor":45,"turns":3},{"damage":76,"enemies":"Donu and Deca","floor":50,"turns":7}],"seed_played":"-3940384718089997709","potions_obtained":[{"floor":1,"key":"FocusPotion"},{"floor":12,"key":"LiquidMemories"},{"floor":14,"key":"Swift Potion"},{"floor":16,"key":"DistilledChaos"},{"floor":18,"key":"Swift Potion"},{"floor":21,"key":"Swift Potion"},{"floor":24,"key":"Block Potion"},{"floor":28,"key":"Fire Potion"},{"floor":31,"key":"PotionOfCapacity"},{"floor":33,"key":"AttackPotion"},{"floor":35,"key":"Weak Potion"},{"floor":38,"key":"LiquidBronze"},{"floor":41,"key":"Fire Potion"},{"floor":45,"key":"Weak Potion"}],"is_trial":false,"path_per_floor":["M","M","M","?","M","R","?","?","T","$","R","?","R","M","R","B",null,"M","?","?","M","$","?","E","?","T","R","M","R","$","M","R","B",null,"M","M","?","M","$","R","E","?","T","R","M","$","R","?","R","B"],"character_chosen":"DEFECT","items_purchased":["Redo+1","Genetic Algorithm+1","BootSequence+1","Capacitor","Defragment","Strange Spoon"],"campfire_rested":7,"item_purchase_floors":[10,10,22,22,30,46],"current_hp_per_floor":[74,74,67,67,55,55,55,52,52,52,52,49,49,49,49,45,75,61,45,45,39,39,39,15,15,15,37,32,54,54,47,69,36,75,70,54,54,46,46,68,16,16,16,38,36,36,58,58,75,0,0],"gold":49,"neow_bonus":"THREE_CARDS","is_daily":false,"chose_seed":false,"campfire_upgraded":4,"win_rate":0.0,"timestamp":1609944674,"path_taken":["M","M","M","?","?","R","?","?","T","$","R","?","R","?","R","BOSS","M","?","?","?","$","?","E","?","T","R","M","R","?","M","R","BOSS","M","M","?","?","$","R","E","?","T","R","?","$","R","?","R","BOSS"],"items_purchased_type":["Card","Card","Card","Card","Card","Relic"],"build_version":"2020-12-22","purchased_purges":2,"victory":false,"max_hp_per_floor":[75,75,75,75,75,75,75,75,75,75,75,75,75,75,75,75,75,75,75,75,75,75,75,75,75,75,75,75,75,75,75,75,75,75,75,75,75,75,75,75,75,75,75,75,75,75,75,75,75,75,75],"card_choices":[{"not_picked":["Ball Lightning","Redo"],"picked":"Static Discharge","floor":0},{"not_picked":["Undo","Streamline"],"picked":"Conserve Battery","floor":1},{"not_picked":["Rip and Tear","Storm"],"picked":"Ball Lightning","floor":2},{"not_picked":["Ball Lightning","Coolheaded"],"picked":"Stack","floor":3},{"not_picked":["Loop","Beam Cell"],"picked":"Reinforced Body+1","floor":5},{"not_picked":["Compile Driver","Rebound"],"picked":"Ball Lightning","floor":12},{"not_picked":["Scrape","Fusion+1"],"picked":"Conserve Battery+1","floor":14},{"not_picked":["Meteor Strike","Echo Form"],"picked":"Biased Cognition","floor":16},{"not_picked":["Go for the Eyes+1","Cold Snap+1"],"picked":"Leap+1","floor":18},{"not_picked":["Chill+1","Turbo+1"],"picked":"Hologram+1","floor":21},{"not_picked":["Rebound","Echo Form","Redo+1"],"picked":"SKIP","floor":24},{"not_picked":["Beam Cell+1","Hologram+1"],"picked":"Barrage+1","floor":28},{"not_picked":["Hologram+1","BootSequence+1","Rebound"],"picked":"SKIP","floor":31},{"not_picked":["Echo Form","Fission+1"],"picked":"Machine Learning","floor":33},{"not_picked":["Cold Snap","Go for the Eyes","Darkness+1"],"picked":"SKIP","floor":35},{"not_picked":["Sweeping Beam+1","Beam Cell"],"picked":"Steam+1","floor":36},{"not_picked":["Leap+1","Rebound+1","Loop+1"],"picked":"SKIP","floor":38},{"not_picked":["Reprogram+1","Coolheaded+1","Echo Form"],"picked":"SKIP","floor":41},{"not_picked":["Compile Driver","Gash+1","Cold Snap"],"picked":"SKIP","floor":45}],"player_experience":216045,"relics_obtained":[{"floor":9,"key":"Bottled Tornado"},{"floor":12,"key":"Odd Mushroom"},{"floor":19,"key":"Nilry\u0027s Codex"},{"floor":24,"key":"Pen Nib"},{"floor":26,"key":"Art of War"},{"floor":41,"key":"Mercury Hourglass"},{"floor":43,"key":"Bottled Lightning"}],"event_choices":[{"damage_healed":0,"gold_gain":0,"player_choice":"Gave Potion","damage_taken":0,"relics_obtained":["Toxic Egg 2"],"max_hp_gain":0,"max_hp_loss":0,"event_name":"WeMeetAgain","floor":4,"gold_loss":0},{"damage_healed":0,"gold_gain":0,"player_choice":"Ignored","damage_taken":0,"max_hp_gain":0,"max_hp_loss":0,"event_name":"Golden Wing","floor":7,"gold_loss":0},{"damage_healed":0,"gold_gain":0,"player_choice":"Success","damage_taken":3,"relics_obtained":["White Beast Statue"],"max_hp_gain":0,"max_hp_loss":0,"event_name":"Scrap Ooze","floor":8,"gold_loss":0},{"damage_healed":0,"gold_gain":0,"player_choice":"Fought Mushrooms","damage_taken":0,"max_hp_gain":0,"max_hp_loss":0,"event_name":"Mushrooms","floor":12,"gold_loss":0},{"damage_healed":0,"gold_gain":0,"player_choice":"Obtained Book","damage_taken":16,"max_hp_gain":0,"max_hp_loss":0,"event_name":"Cursed Tome","floor":19,"gold_loss":0},{"cards_removed":["Strike_B"],"damage_healed":0,"gold_gain":0,"player_choice":"Took Card","damage_taken":0,"max_hp_gain":0,"max_hp_loss":0,"event_name":"NoteForYourself","floor":20,"gold_loss":0,"cards_obtained":["Dualcast"]},{"damage_healed":0,"gold_gain":0,"player_choice":"Simplicity","damage_taken":0,"max_hp_gain":0,"max_hp_loss":0,"event_name":"Back to Basics","floor":23,"gold_loss":0,"cards_upgraded":["Strike_B","Strike_B","Strike_B","Defend_B","Defend_B","Defend_B","Defend_B"]},{"damage_healed":0,"gold_gain":0,"player_choice":"Ignored","damage_taken":0,"max_hp_gain":0,"max_hp_loss":0,"event_name":"Ghosts","floor":25,"gold_loss":0},{"damage_healed":0,"gold_gain":0,"player_choice":"Ignored","damage_taken":0,"max_hp_gain":0,"max_hp_loss":0,"event_name":"SecretPortal","floor":37,"gold_loss":0},{"damage_healed":0,"gold_gain":0,"player_choice":"3 cards matched","damage_taken":0,"max_hp_gain":0,"max_hp_loss":0,"event_name":"Match and Keep!","floor":42,"gold_loss":0,"cards_obtained":["Blind","Steam","Thunder Strike"]},{"cards_removed":["Machine Learning"],"damage_healed":0,"gold_gain":0,"player_choice":"Removed Power","damage_taken":0,"max_hp_gain":0,"max_hp_loss":0,"event_name":"Falling","floor":48,"gold_loss":0}],"is_beta":false,"boss_relics":[{"not_picked":["Coffee Dripper","Sozu"],"picked":"SacredBark"},{"not_picked":["Tiny House","Empty Cage"],"picked":"Nuclear Battery"}],"items_purged_floors":[39,46],"is_endless":false,"potions_floor_spawned":[1,12,14,16,18,21,24,28,31,33,35,36,38,41,45],"killed_by":"Donu and Deca","ascension_level":0}}