{"host":"bydnmyvf669xu6ab","time":1609911440,"event":{"mods":["Aspiration","BaseMod","Better Note","BetterRewards","Colored Map","Colored Powertips","Minty Spire (QoL Compilation)","Rare Cards Sparkle","Relic Stats","Shop Mod","StSLib","SuperFastMode","Virulent Crown"],"gold_per_floor":[113,113,130,171,210,265,265,293,319,319,356,401,66,99,99,198,198,208,221,221,256,294,294,351,351,378,409,427,427,467,467,467,565,565,585,602,143,182,28,61,78,109,109,109,10,10,55,66,66,66,66,66,40,70,70],"floor_reached":56,"playtime":4480,"items_purged":[],"score":1579,"play_id":"6b409a14-947d-490c-a78d-f5877410a844","local_time":"20210105213720","is_ascension_mode":true,"campfire_choices":[{"floor":7,"key":"REST"},{"floor":10,"key":"RECALL"},{"data":"Metallicize","floor":15,"key":"SMITH"},{"data":"Metallicize","floor":23,"key":"SMITH"},{"data":"Entrench","floor":25,"key":"SMITH"},{"data":"Double Tap","floor":29,"key":"SMITH"},{"data":"Evolve","floor":32,"key":"SMITH"},{"data":"Armaments","floor":46,"key":"SMITH"},{"data":"Armaments","floor":49,"key":"SMITH"},{"data":"Metallicize","floor":52,"key":"SMITH"}],"circlet_count":0,"master_deck":["Strike_R","Strike_R","Strike_R","Strike_R","Strike_R","Defend_R","Defend_R","Defend_R","Bash","Spot Weakness+1","HandOfGreed+1","Flex","Perfected Strike+1","Perfected Strike+1","Pommel Strike+1","Inflame","Reaper+1","Shrug It Off","Metallicize+1","Whirlwind+1","Metallicize+1","Clothesline+1","Double Tap+1","True Grit+1","Battle Trance","Metallicize+1","Entrench+1","Rage+1","Evolve+1","Juggernaut","Body Slam+1","Rampage+1","Iron Wave+1","Headbutt+1","Juggernaut","Entrench+1","Fire Breathing","Armaments+1","Metallicize+1","Heavy Blade+1","Armaments+1","Body Slam+1","Metallicize"],"relics":["Burning Blood","ClockworkSouvenir","Self Forming Clay","Molten Egg 2","Sundial","CaptainsWheel","Bag of Preparation","Odd Mushroom","aspiration:HummingbirdHeart","Question Card","Philosopher\u0027s Stone","Champion Belt","Vajra","Busted Crown","Bird Faced Urn","Orrery","Lantern","Omamori","Shuriken","Eternal Feather","Oddly Smooth Stone"],"acts_visited":["Exordium","TheCity","TheBeyond","TheEnding"],"potions_floor_usage":[33,33,40,42,55,55,55],"damage_taken":[{"damage":11,"enemies":"Jaw Worm","floor":1,"turns":2},{"damage":0,"enemies":"Cultist","floor":3,"turns":2},{"damage":0,"enemies":"Small Slimes","floor":4,"turns":2},{"damage":2,"enemies":"Blue Slaver","floor":5,"turns":2},{"damage":33,"enemies":"Lagavulin","floor":6,"turns":4},{"damage":22,"enemies":"3 Sentries","floor":8,"turns":6},{"damage":0,"enemies":"Exordium Wildlife","floor":11,"turns":2},{"damage":18,"enemies":"The Mushroom Lair","floor":12,"turns":3},{"damage":1,"enemies":"Gremlin Nob","floor":14,"turns":3},{"damage":20,"enemies":"Slime Boss","floor":16,"turns":7},{"damage":0,"enemies":"Spheric Guardian","floor":18,"turns":3},{"damage":1,"enemies":"Shell Parasite","floor":19,"turns":2},{"damage":5,"enemies":"Cultist and Chosen","floor":21,"turns":6},{"damage":0,"enemies":"Snake Plant","floor":22,"turns":2},{"damage":8,"enemies":"Book of Stabbing","floor":24,"turns":5},{"damage":3,"enemies":"Gremlin Leader","floor":27,"turns":7},{"damage":0,"enemies":"3 Cultists","floor":28,"turns":4},{"damage":6,"enemies":"Centurion and Healer","floor":30,"turns":4},{"damage":54,"enemies":"Automaton","floor":33,"turns":11},{"damage":0,"enemies":"3 Darklings","floor":35,"turns":5},{"damage":0,"enemies":"3 Shapes","floor":36,"turns":2},{"damage":8,"enemies":"Writhing Mass","floor":38,"turns":3},{"damage":19,"enemies":"Nemesis","floor":40,"turns":5},{"damage":0,"enemies":"Spire Growth","floor":41,"turns":3},{"damage":17,"enemies":"Reptomancer","floor":42,"turns":6},{"damage":0,"enemies":"Jaw Worm Horde","floor":47,"turns":2},{"damage":1,"enemies":"4 Shapes","floor":48,"turns":3},{"damage":38,"enemies":"Donu and Deca","floor":50,"turns":7},{"damage":41,"enemies":"Shield and Spear","floor":54,"turns":6},{"damage":53,"enemies":"The Heart","floor":55,"turns":11}],"seed_played":"7685874999557281346","potions_obtained":[{"floor":1,"key":"ElixirPotion"},{"floor":3,"key":"GamblersBrew"},{"floor":11,"key":"Swift Potion"},{"floor":12,"key":"HeartOfIron"},{"floor":33,"key":"GamblersBrew"},{"floor":36,"key":"PowerPotion"},{"floor":41,"key":"Energy Potion"},{"floor":48,"key":"BloodPotion"}],"is_trial":false,"path_per_floor":["M","?","M","M","M","E","R","E","T","R","M","?","$","E","R","B",null,"M","M","$","M","M","R","E","R","T","E","M","R","M","?","R","B",null,"M","M","$","M","$","E","M","E","T","?","$","R","M","M","R","B",null,"R","$","E","B",null],"character_chosen":"IRONCLAD","items_purchased":["ClockworkSouvenir","Self Forming Clay","Spot Weakness","Molten Egg 2","HandOfGreed+1","Flex","aspiration:HummingbirdHeart","Metallicize","Bird Faced Urn","Orrery","Lantern","Armaments","Metallicize","Body Slam+1"],"campfire_rested":1,"item_purchase_floors":[0,0,0,0,0,0,13,13,37,37,39,45,45,53],"current_hp_per_floor":[36,36,42,48,52,25,49,51,51,51,57,68,68,73,73,59,80,80,80,80,80,80,80,78,78,78,80,80,80,80,80,80,32,80,80,80,80,80,80,67,80,75,75,75,75,80,80,80,80,49,80,80,80,64,65],"gold":70,"neow_bonus":"","is_daily":false,"chose_seed":false,"campfire_upgraded":8,"win_rate":0.0,"timestamp":1609911440,"path_taken":["M","?","M","M","M","E","R","E","T","R","?","?","$","E","R","BOSS","M","M","$","M","M","R","E","R","T","E","M","R","M","?","R","BOSS","M","M","$","M","$","E","M","E","T","?","$","R","M","M","R","BOSS","R","$","E","BOSS"],"items_purchased_type":["Relic","Relic","Card","Relic","Card","Card","Relic","Card","Relic","Relic","Relic","Card","Card","Card"],"build_version":"2020-12-22","purchased_purges":0,"victory":true,"max_hp_per_floor":[80,80,80,80,80,80,80,80,80,80,80,80,80,80,80,80,80,80,80,80,80,80,80,80,80,80,80,80,80,80,80,80,80,80,80,80,80,80,80,80,80,80,80,80,80,80,80,80,80,80,80,80,80,80,80],"relic_stats":{"Busted Crown":28,"counters":[231,1051],"Self Forming Clay":[162],"Sundial":[6],"Shuriken":[10],"Bird Faced Urn":[38],"Eternal Feather":5,"Bag of Preparation":[102],"Champion Belt":[5],"Question Card":24,"obtain_stats":[{"Ice Cream":19,"Calipers":12,"Tiny House":17,"Gremlin Horn":17,"Vajra":42,"Whetstone":43,"Boot":29,"Blood Vial":25,"Centennial Puzzle":41,"Lizard Tail":28,"HornCleat":2,"Sundial":24,"DollysMirror":0,"Strawberry":10,"Philosopher\u0027s Stone":17,"MealTicket":14,"aspiration:ArtOfWarUpgrade":23,"Kunai":0,"Toxic Egg 2":3,"aspiration:DSix":13,"MerchantsRug":24,"aspiration:Nostalgia":53,"Astrolabe":17,"Dead Branch":42,"Oddly Smooth Stone":25,"Eternal Feather":43,"Pen Nib":42,"Charon\u0027s Ashes":17,"aspiration:SeaSaltIceCream":43,"Letter Opener":43,"War Paint":28,"aspiration:HiddenCompartment":21,"Question Card":14,"aspiration:FrozenJewel":0,"Du-Vu Doll":26,"Bottled Flame":40,"Shuriken":31,"Bronze Scales":19,"Bird Faced Urn":37,"Molten Egg 2":26,"Mark of Pain":34,"Meat on the Bone":29,"aspiration:Lifesprig":54,"Regal Pillow":27,"Lantern":38,"Torii":46,"Singing Bowl":7,"SacredBark":17,"Black Blood":17,"Juzu Bracelet":22,"Bag of Preparation":31,"Ancient Tea Set":7,"Cursed Key":34,"Smiling Mask":23,"PrismaticShard":22,"Burning Blood":0,"aspiration:StickyExplosives_weak":27,"ClockworkSouvenir":30,"Matryoshka":0,"aspiration:DefectSkillbook":17,"aspiration:AnachronicSnailShell":23,"Gambling Chip":28,"Toolbox":0,"Chemical X":0,"aspiration:FutureDiary":17,"Red Skull":38,"aspiration:ChemicalBlood":9,"Paper Frog":43,"Potion Belt":0,"Lee\u0027s Waffle":0,"Self Forming Clay":25,"aspiration:FetidBarrel":4,"The Courier":9,"aspiration:HummingbirdHeart":10,"Omamori":13,"Frozen Egg 2":26,"Odd Mushroom":12,"Medical Kit":31,"White Beast Statue":48,"Calling Bell":17,"Anchor":9,"CaptainsWheel":54,"Busted Crown":34,"Orrery":37,"Turnip":9,"Art of War":26,"Bag of Marbles":14,"Membership Card":19,"Champion Belt":41,"PureWater":53,"FossilizedHelix":0,"Toy Ornithopter":0},{"Ice Cream":23,"Calipers":45,"Tiny House":113,"Gremlin Horn":86,"Vajra":33,"Whetstone":33,"Boot":138,"Blood Vial":92,"Centennial Puzzle":33,"Lizard Tail":160,"HornCleat":149,"Sundial":25,"DollysMirror":39,"Strawberry":20,"Philosopher\u0027s Stone":22,"MealTicket":85,"aspiration:ArtOfWarUpgrade":158,"Kunai":39,"Toxic Egg 2":41,"aspiration:DSix":85,"MerchantsRug":185,"aspiration:Nostalgia":199,"Astrolabe":7,"Dead Branch":33,"Oddly Smooth Stone":11,"Eternal Feather":226,"Pen Nib":73,"Charon\u0027s Ashes":86,"aspiration:SeaSaltIceCream":144,"Letter Opener":167,"War Paint":137,"aspiration:HiddenCompartment":63,"Question Card":210,"aspiration:FrozenJewel":148,"Du-Vu Doll":137,"Bottled Flame":143,"Shuriken":27,"Bronze Scales":23,"Bird Faced Urn":222,"Molten Egg 2":11,"Mark of Pain":67,"Meat on the Bone":189,"aspiration:Lifesprig":78,"Regal Pillow":93,"Lantern":192,"Torii":74,"Singing Bowl":177,"SacredBark":47,"Black Blood":121,"Juzu Bracelet":9,"Bag of Preparation":96,"Ancient Tea Set":3,"Cursed Key":28,"Smiling Mask":53,"PrismaticShard":63,"Burning Blood":0,"aspiration:StickyExplosives_weak":64,"ClockworkSouvenir":66,"Matryoshka":56,"aspiration:DefectSkillbook":62,"aspiration:AnachronicSnailShell":10,"Gambling Chip":160,"Toolbox":105,"Chemical X":124,"aspiration:FutureDiary":181,"Red Skull":98,"aspiration:ChemicalBlood":43,"Paper Frog":100,"Potion Belt":15,"Lee\u0027s Waffle":173,"Self Forming Clay":54,"aspiration:FetidBarrel":117,"The Courier":59,"aspiration:HummingbirdHeart":130,"Omamori":154,"Frozen Egg 2":63,"Odd Mushroom":209,"Medical Kit":96,"White Beast Statue":145,"Calling Bell":86,"Anchor":20,"CaptainsWheel":38,"Busted Crown":220,"Orrery":222,"Turnip":178,"Art of War":63,"Bag of Marbles":112,"Membership Card":23,"Champion Belt":194,"PureWater":199,"FossilizedHelix":79,"Toy Ornithopter":79},{"Ice Cream":101,"Calipers":229,"Tiny House":556,"Gremlin Horn":431,"Vajra":157,"Whetstone":157,"Boot":650,"Blood Vial":457,"Centennial Puzzle":157,"Lizard Tail":747,"HornCleat":700,"Sundial":109,"DollysMirror":198,"Strawberry":78,"Philosopher\u0027s Stone":94,"MealTicket":423,"aspiration:ArtOfWarUpgrade":737,"Kunai":198,"Toxic Egg 2":205,"aspiration:DSix":423,"MerchantsRug":853,"aspiration:Nostalgia":910,"Astrolabe":24,"Dead Branch":157,"Oddly Smooth Stone":43,"Eternal Feather":1022,"Pen Nib":382,"Charon\u0027s Ashes":431,"aspiration:SeaSaltIceCream":675,"Letter Opener":777,"War Paint":642,"aspiration:HiddenCompartment":334,"Question Card":947,"aspiration:FrozenJewel":697,"Du-Vu Doll":642,"Bottled Flame":674,"Shuriken":117,"Bronze Scales":101,"Bird Faced Urn":1005,"Molten Egg 2":43,"Mark of Pain":358,"Meat on the Bone":872,"aspiration:Lifesprig":406,"Regal Pillow":460,"Lantern":883,"Torii":385,"Singing Bowl":818,"SacredBark":239,"Black Blood":591,"Juzu Bracelet":31,"Bag of Preparation":472,"Ancient Tea Set":11,"Cursed Key":129,"Smiling Mask":280,"PrismaticShard":334,"Burning Blood":0,"aspiration:StickyExplosives_weak":340,"ClockworkSouvenir":350,"Matryoshka":307,"aspiration:DefectSkillbook":330,"aspiration:AnachronicSnailShell":38,"Gambling Chip":747,"Toolbox":520,"Chemical X":604,"aspiration:FutureDiary":836,"Red Skull":484,"aspiration:ChemicalBlood":212,"Paper Frog":490,"Potion Belt":64,"Lee\u0027s Waffle":804,"Self Forming Clay":287,"aspiration:FetidBarrel":569,"The Courier":319,"aspiration:HummingbirdHeart":622,"Omamori":723,"Frozen Egg 2":334,"Odd Mushroom":944,"Medical Kit":472,"White Beast Statue":680,"Calling Bell":431,"Anchor":78,"CaptainsWheel":189,"Busted Crown":998,"Orrery":1005,"Turnip":821,"Art of War":334,"Bag of Marbles":549,"Membership Card":101,"Champion Belt":889,"PureWater":910,"FossilizedHelix":408,"Toy Ornithopter":408}],"Burning Blood":1208},"card_choices":[{"not_picked":["Anger+1","Clash+1"],"picked":"Perfected Strike+1","floor":1},{"not_picked":["Shrug It Off","Blood for Blood+1"],"picked":"Perfected Strike+1","floor":3},{"not_picked":["Carnage+1","Sword Boomerang+1"],"picked":"Pommel Strike+1","floor":4},{"not_picked":["Perfected Strike+1","Rupture"],"picked":"Inflame","floor":5},{"not_picked":["Armaments","Sentinel"],"picked":"Reaper+1","floor":6},{"not_picked":["Second Wind","Havoc"],"picked":"Shrug It Off","floor":8},{"not_picked":["Perfected Strike+1","True Grit"],"picked":"Metallicize","floor":11},{"not_picked":["Wild Strike+1","Armaments"],"picked":"Whirlwind+1","floor":12},{"not_picked":["Exhume","Clash+1"],"picked":"Clothesline+1","floor":14},{"not_picked":["Fiend Fire+1","Corruption","Immolate+1"],"picked":"Double Tap","floor":16},{"not_picked":["Pommel Strike+1","Hemokinesis+1","Sword Boomerang+1"],"picked":"True Grit+1","floor":18},{"not_picked":["Whirlwind+1","Shockwave","Carnage+1"],"picked":"Battle Trance","floor":19},{"not_picked":["Iron Wave+1","Sword Boomerang+1","Wild Strike+1"],"picked":"Metallicize+1","floor":21},{"not_picked":["Body Slam+1","Flex","Pommel Strike+1"],"picked":"Entrench","floor":22},{"not_picked":["Flex","Twin Strike+1","Brutality","Combust"],"picked":"SKIP","floor":24},{"not_picked":["Clothesline+1","Warcry","Anger+1"],"picked":"Rage+1","floor":27},{"not_picked":["True Grit","Iron Wave+1","Havoc","Disarm+1"],"picked":"SKIP","floor":28},{"not_picked":["Carnage+1","Clothesline+1","Havoc"],"picked":"Evolve","floor":30},{"not_picked":["Impervious","Offering","Brutality"],"picked":"Juggernaut","floor":33},{"not_picked":["Reckless Charge+1"],"picked":"Body Slam+1","floor":35},{"not_picked":["Hemokinesis+1","Carnage+1"],"picked":"SKIP","floor":36},{"not_picked":["Twin Strike+1"],"picked":"Rampage+1","floor":37},{"not_picked":["Havoc"],"picked":"Iron Wave+1","floor":37},{"not_picked":["Whirlwind+1"],"picked":"Headbutt+1","floor":37},{"not_picked":["True Grit","Wild Strike+1"],"picked":"SKIP","floor":38},{"not_picked":["Shrug It Off+1"],"picked":"Juggernaut","floor":40},{"not_picked":["Sever Soul+1"],"picked":"Entrench+1","floor":41},{"not_picked":["Wild Strike+1"],"picked":"Fire Breathing","floor":42},{"not_picked":["Flex"],"picked":"Heavy Blade+1","floor":47},{"not_picked":["Burning Pact+1"],"picked":"Armaments","floor":48},{"not_picked":["Cleave+1"],"picked":"Metallicize","floor":54}],"player_experience":2168807,"relics_obtained":[{"floor":6,"key":"Sundial"},{"floor":8,"key":"CaptainsWheel"},{"floor":9,"key":"Bag of Preparation"},{"floor":12,"key":"Odd Mushroom"},{"floor":14,"key":"Question Card"},{"floor":24,"key":"Champion Belt"},{"floor":27,"key":"Vajra"},{"floor":40,"key":"Omamori"},{"floor":42,"key":"Shuriken"},{"floor":43,"key":"Eternal Feather"},{"floor":54,"key":"Oddly Smooth Stone"}],"event_choices":[{"damage_healed":0,"gold_gain":0,"player_choice":"Upgraded","damage_taken":0,"max_hp_gain":0,"max_hp_loss":0,"event_name":"Upgrade Shrine","floor":2,"gold_loss":0,"cards_upgraded":["Spot Weakness"]},{"damage_healed":0,"gold_gain":0,"player_choice":"Fought Mushrooms","damage_taken":0,"max_hp_gain":0,"max_hp_loss":0,"event_name":"Mushrooms","floor":12,"gold_loss":0},{"damage_healed":0,"gold_gain":0,"player_choice":"Bought 0 Potions","damage_taken":0,"max_hp_gain":0,"max_hp_loss":0,"event_name":"The Woman in Blue","floor":31,"gold_loss":0},{"cards_removed":["Defend_R"],"damage_healed":0,"gold_gain":0,"player_choice":"Removed Skill","damage_taken":0,"max_hp_gain":0,"max_hp_loss":0,"event_name":"Falling","floor":44,"gold_loss":0}],"is_beta":false,"boss_relics":[{"not_picked":["Fusion Hammer","SlaversCollar"],"picked":"Philosopher\u0027s Stone"},{"not_picked":["aspiration:FutureDiary","aspiration:SecretTechniqueScroll"],"picked":"Busted Crown"}],"items_purged_floors":[],"is_endless":false,"potions_floor_spawned":[1,3,11,12,21,22,24,28,33,36,41,48,54],"ascension_level":1}}