{"host":"szp1d6dso4pv7ddl","time":1609907235,"event":{"mods":["AchievementEnabler","Alarm Clock","BaseMod","Bestiary","Block Reminder","Colored Map","Colored Powertips","Curses Come First","Displayed Cursed Tome","Highlight Path","Minty Spire (QoL Compilation)","Permanent Neow","Quick Restart","Relic Sorter","Relic Stats","StSLib","Synergy Search"],"gold_per_floor":[109,121,121,140,150,150,184,184,184,198,208,208,222,233,233,312,312,332,332,348,21,21,21,21,21,66,98,114,114,14,31,31,105,105,119,29,45,59,69,69,69,69,69,82,101,101,101,22,22,22,22],"floor_reached":50,"playtime":3236,"items_purged":["Corruption","Strike_R"],"score":835,"play_id":"c95aa2f2-2bdf-4650-86c9-53d455126e7f","local_time":"20210105202715","is_ascension_mode":true,"campfire_choices":[{"data":"Sword Boomerang","floor":6.0,"key":"SMITH"},{"data":"Shrug It Off","floor":12.0,"key":"SMITH"},{"floor":15.0,"key":"REST"},{"data":"Heavy Blade","floor":23.0,"key":"SMITH"},{"floor":25.0,"key":"REST"},{"data":"Whirlwind","floor":29.0,"key":"SMITH"},{"floor":32.0,"key":"REST"},{"floor":40.0,"key":"REST"},{"floor":46.0,"key":"REST"},{"data":"Evolve","floor":49.0,"key":"SMITH"}],"circlet_count":0,"master_deck":["AscendersBane","Strike_R","Strike_R","Defend_R","Defend_R","Defend_R","Bash","Inflame","Pommel Strike","Spot Weakness","Shrug It Off+1","Sword Boomerang+1","Cleave","Thunderclap","Cleave","Twin Strike","Double Tap","Shrug It Off+1","Heavy Blade+1","Shrug It Off+1","Ghostly Armor+1","Whirlwind+1","Heavy Blade+1","Fiend Fire","Flame Barrier","Evolve+1"],"relics":["Burning Blood","Art of War","Lantern","Sozu","Brimstone","Bronze Scales","Self Forming Clay","Busted Crown","Champion Belt"],"acts_visited":["Exordium","TheCity","TheBeyond"],"potions_floor_usage":[],"damage_taken":[{"damage":6.0,"enemies":"Cultist","floor":1.0,"turns":4.0},{"damage":9.0,"enemies":"Small Slimes","floor":2.0,"turns":4.0},{"damage":12.0,"enemies":"Jaw Worm","floor":4.0,"turns":3.0},{"damage":16.0,"enemies":"Lots of Slimes","floor":5.0,"turns":4.0},{"damage":29.0,"enemies":"3 Sentries","floor":7.0,"turns":8.0},{"damage":0.0,"enemies":"Large Slime","floor":10.0,"turns":3.0},{"damage":2.0,"enemies":"3 Louse","floor":11.0,"turns":2.0},{"damage":0.0,"enemies":"Lots of Slimes","floor":13.0,"turns":1.0},{"damage":16.0,"enemies":"Gremlin Gang","floor":14.0,"turns":3.0},{"damage":8.0,"enemies":"Slime Boss","floor":16.0,"turns":7.0},{"damage":28.0,"enemies":"2 Thieves","floor":18.0,"turns":3.0},{"damage":12.0,"enemies":"Shell Parasite","floor":20.0,"turns":4.0},{"damage":33.0,"enemies":"Book of Stabbing","floor":27.0,"turns":4.0},{"damage":1.0,"enemies":"Cultist and Chosen","floor":28.0,"turns":3.0},{"damage":0.0,"enemies":"3 Cultists","floor":31.0,"turns":3.0},{"damage":34.0,"enemies":"Collector","floor":33.0,"turns":4.0},{"damage":8.0,"enemies":"3 Shapes","floor":35.0,"turns":4.0},{"damage":8.0,"enemies":"3 Darklings","floor":37.0,"turns":2.0},{"damage":16.0,"enemies":"4 Shapes","floor":38.0,"turns":3.0},{"damage":42.0,"enemies":"Maw","floor":39.0,"turns":5.0},{"damage":16.0,"enemies":"Writhing Mass","floor":44.0,"turns":3.0},{"damage":14.0,"enemies":"Jaw Worm Horde","floor":45.0,"turns":3.0},{"damage":79,"enemies":"Donu and Deca","floor":50,"turns":4}],"seed_played":"1119778729809234554","potions_obtained":[{"floor":10.0,"key":"Dexterity Potion"},{"floor":11.0,"key":"Explosive Potion"},{"floor":13.0,"key":"ColorlessPotion"},{"floor":16.0,"key":"LiquidMemories"}],"is_trial":false,"path_per_floor":["M","M","?","M","M","R","E","?","T","M","M","R","M","M","R","B",null,"M","?","M","$","?","R","$","R","T","E","M","R","$","M","R","B",null,"M","?","M","M","M","R","?","?","T","M","M","R","?","$","R","B"],"character_chosen":"IRONCLAD","items_purchased":["Brimstone","Heavy Blade","Shrug It Off","Evolve"],"campfire_rested":5,"item_purchase_floors":[21,21,21,48],"current_hp_per_floor":[68,65,70,64,54,54,31,31,31,37,41,41,47,37,58,56,69,47,47,41,41,41,41,41,62,62,35,40,40,40,46,67,39,65,63,63,61,51,15,36,36,64,64,54,46,64,64,64,64,0,0],"gold":22,"neow_bonus":"TRANSFORM_TWO_CARDS","is_daily":false,"chose_seed":false,"campfire_upgraded":5,"win_rate":0.0,"timestamp":1609907235,"path_taken":["M","M","?","M","M","R","E","?","T","M","M","R","M","M","R","BOSS","M","?","?","$","?","R","$","R","T","E","M","R","$","M","R","BOSS","M","?","M","?","?","R","?","?","T","M","M","R","?","$","R","BOSS"],"items_purchased_type":["Relic","Card","Card","Card"],"build_version":"2020-12-22","purchased_purges":2,"victory":false,"max_hp_per_floor":[68,68,73,73,73,73,73,73,73,73,73,73,73,73,73,73,73,73,73,73,73,73,73,73,73,73,73,73,73,73,73,73,73,73,73,73,73,73,73,73,73,64,64,64,64,64,64,64,64,64,64],"relic_stats":{"Sozu":6,"Busted Crown":12,"counters":[23,84],"Self Forming Clay":[54],"Bronze Scales":[103],"Art of War":[1],"Champion Belt":[2],"obtain_stats":[{"Sozu":17,"Lantern":9,"Busted Crown":34,"Brimstone":21,"Self Forming Clay":27,"Bronze Scales":26,"Art of War":7,"Champion Belt":43,"Burning Blood":0},{"Sozu":10,"Lantern":5,"Busted Crown":16,"Brimstone":12,"Self Forming Clay":13,"Bronze Scales":12,"Art of War":5,"Champion Belt":20,"Burning Blood":0},{"Sozu":39,"Lantern":23,"Busted Crown":60,"Brimstone":46,"Self Forming Clay":50,"Bronze Scales":46,"Art of War":23,"Champion Belt":74,"Burning Blood":0}],"Burning Blood":132},"card_choices":[{"not_picked":["Body Slam","Thunderclap"],"picked":"Pommel Strike","floor":1.0},{"not_picked":["Uppercut","Anger"],"picked":"Spot Weakness","floor":2.0},{"not_picked":["Thunderclap","Exhume"],"picked":"Shrug It Off","floor":4.0},{"not_picked":["Infernal Blade","Pommel Strike"],"picked":"Sword Boomerang","floor":5.0},{"not_picked":["Iron Wave","Offering"],"picked":"Cleave","floor":7.0},{"not_picked":["Warcry","Clothesline","Rage"],"picked":"SKIP","floor":10.0},{"not_picked":["Iron Wave","Perfected Strike"],"picked":"Thunderclap","floor":11.0},{"not_picked":["Wild Strike","Carnage"],"picked":"Cleave","floor":13.0},{"not_picked":["Fire Breathing","Havoc"],"picked":"Twin Strike","floor":14.0},{"not_picked":["Barricade","Impervious"],"picked":"Double Tap","floor":16.0},{"not_picked":["Blood for Blood","Sword Boomerang","Wild Strike"],"picked":"SKIP","floor":18.0},{"not_picked":["Thunderclap","Uppercut","Clash+1"],"picked":"SKIP","floor":20.0},{"not_picked":["Thunderclap","Headbutt"],"picked":"Ghostly Armor+1","floor":27.0},{"not_picked":["Reckless Charge","Iron Wave"],"picked":"Whirlwind","floor":28.0},{"not_picked":["Spot Weakness","Body Slam"],"picked":"Heavy Blade+1","floor":31.0},{"not_picked":["Exhume","Juggernaut"],"picked":"Fiend Fire","floor":33.0},{"not_picked":["Body Slam"],"picked":"SKIP","floor":35.0},{"not_picked":["Uppercut"],"picked":"SKIP","floor":37.0},{"not_picked":["Flex"],"picked":"SKIP","floor":38.0},{"not_picked":[],"picked":"Flame Barrier","floor":39.0},{"not_picked":["Clash"],"picked":"SKIP","floor":44.0},{"not_picked":["Anger"],"picked":"SKIP","floor":45.0}],"player_experience":1130847,"relics_obtained":[{"floor":7.0,"key":"Art of War"},{"floor":9.0,"key":"Lantern"},{"floor":26.0,"key":"Bronze Scales"},{"floor":27.0,"key":"Self Forming Clay"},{"floor":43.0,"key":"Champion Belt"}],"event_choices":[{"damage_healed":0.0,"max_hp_gain":5.0,"max_hp_loss":0.0,"gold_gain":0.0,"event_name":"Big Fish","player_choice":"Donut","floor":3.0,"gold_loss":0.0,"damage_taken":0.0},{"damage_healed":0.0,"max_hp_gain":0.0,"max_hp_loss":0.0,"gold_gain":0.0,"event_name":"Liars Game","player_choice":"Ignored","floor":8.0,"gold_loss":0.0,"damage_taken":0.0},{"damage_healed":0.0,"max_hp_gain":0.0,"max_hp_loss":0.0,"gold_gain":0.0,"event_name":"Duplicator","player_choice":"Copied","floor":19.0,"gold_loss":0.0,"damage_taken":0.0,"cards_obtained":["Shrug It Off"]},{"damage_healed":0.0,"max_hp_gain":0.0,"max_hp_loss":0.0,"gold_gain":0.0,"event_name":"Ghosts","player_choice":"Ignored","floor":22.0,"gold_loss":0.0,"damage_taken":0.0},{"cards_removed":["Strike_R"],"damage_healed":0.0,"max_hp_gain":0.0,"max_hp_loss":0.0,"gold_gain":0.0,"event_name":"Designer","player_choice":"Upgrade and Remove","floor":36.0,"gold_loss":90.0,"damage_taken":0.0,"cards_upgraded":["Shrug It Off"]},{"damage_healed":0.0,"max_hp_gain":0.0,"max_hp_loss":0.0,"gold_gain":0.0,"event_name":"Mysterious Sphere","player_choice":"Ignored","floor":41.0,"gold_loss":0.0,"damage_taken":0.0},{"damage_healed":64.0,"max_hp_gain":0.0,"max_hp_loss":9.0,"gold_gain":0.0,"event_name":"The Moai Head","player_choice":"Heal","floor":42.0,"gold_loss":0.0,"damage_taken":0.0},{"damage_healed":0.0,"max_hp_gain":0.0,"max_hp_loss":0.0,"gold_gain":0.0,"event_name":"Match and Keep!","player_choice":"0 cards matched","floor":47.0,"gold_loss":0.0,"damage_taken":0.0,"cards_obtained":[]}],"is_beta":false,"boss_relics":[{"not_picked":["SacredBark","SlaversCollar"],"picked":"Sozu"},{"not_picked":["Astrolabe","Snecko Eye"],"picked":"Busted Crown"}],"items_purged_floors":[21,30],"is_endless":false,"potions_floor_spawned":[10,11,13,16,20,27,31,33,39,44],"killed_by":"Donu and Deca","ascension_level":14}}