{"host":"kw4o7b3ro2ktmmbe","time":1609910647,"event":{"mods":["BaseMod","Evolution","Minty Spire (QoL Compilation)","QueenMod","StSLib"],"gold_per_floor":[115,215,65,83,102,102,102,155,208,219,238,257,357,377,377,473,473,492,50,61,161,186,201,201,201,201,201,215,235,251,251,251,347,347,359,459,136,149,424,424,441,441,509,529,529,233,252,263,263,263,263],"floor_reached":50,"playtime":4688,"items_purged":[],"score":638,"play_id":"80389199-8e2f-4789-86cc-7923f90d1bee","local_time":"20210106182407","is_ascension_mode":false,"campfire_choices":[{"data":"QueenMod:WarriorDrones","floor":6.0,"key":"SMITH"},{"data":"QueenMod:Recruit","floor":15.0,"key":"SMITH"},{"data":"Metamorphosis","floor":24.0,"key":"SMITH"},{"data":"QueenMod:BirthingCells","floor":27.0,"key":"SMITH"},{"data":"QueenMod:WarTrumpet","floor":32.0,"key":"SMITH"},{"data":"QueenMod:SharpStingers","floor":40.0,"key":"SMITH"},{"data":"Noxious Fumes","floor":42.0,"key":"SMITH"},{"data":"Evolve","floor":45.0,"key":"SMITH"},{"data":"Dash","floor":49.0,"key":"SMITH"}],"circlet_count":0,"master_deck":["QueenMod:PollenBlast","QueenMod:PollenBlast+1","QueenMod:PollenBlast","QueenMod:PollenBlast","QueenMod:HoldPosition","QueenMod:HoldPosition","QueenMod:HoldPosition","QueenMod:HoldPosition","QueenMod:QuickJabs","QueenMod:Recruit+1","QueenMod:WarriorDrones+1","QueenMod:BuildOrder+1","Metamorphosis+1","Evolve+1","FearNoEvil","Pummel","Feel No Pain","QueenMod:Conscripts","QueenMod:Conscripts","QueenMod:Conscripts","QueenMod:BirthingCells+1","Bandage Up","Panacea","Ball Lightning","Melter+1","Chill+1","QueenMod:WarTrumpet+1","Dash+1","Writhe","LessonLearned","QueenMod:AttackOrder+1","QueenMod:SharpStingers+1","Fire Breathing+1","Regret","Noxious Fumes+1","QueenMod:StrategicGenius+1","Impatience+1"],"relics":["QueenMod:QueensBanner","EVO:Axolotl","PrismaticShard","Orichalcum","Smiling Mask","Akabeko","Coffee Dripper","Ice Cream","Red Mask","Meat on the Bone","InkBottle","QueenMod:Medal","Eternal Feather","Bottled Lightning","Lee\u0027s Waffle","Toy Ornithopter"],"acts_visited":["Exordium","TheCity","TheBeyond"],"potions_floor_usage":[50,50],"damage_taken":[{"damage":2.0,"enemies":"Cultist","floor":1.0,"turns":5.0},{"damage":0.0,"enemies":"2 Louse","floor":4.0,"turns":2.0},{"damage":0.0,"enemies":"Small Slimes","floor":5.0,"turns":4.0},{"damage":0.0,"enemies":"Exordium Wildlife","floor":10.0,"turns":3.0},{"damage":0.0,"enemies":"3 Louse","floor":11.0,"turns":2.0},{"damage":6.0,"enemies":"Exordium Thugs","floor":12.0,"turns":3.0},{"damage":5.0,"enemies":"Blue Slaver","floor":14.0,"turns":2.0},{"damage":46.0,"enemies":"Hexaghost","floor":16.0,"turns":11.0},{"damage":14.0,"enemies":"2 Thieves","floor":18.0,"turns":3.0},{"damage":20.0,"enemies":"Shell Parasite","floor":20.0,"turns":6.0},{"damage":55.0,"enemies":"Masked Bandits","floor":22.0,"turns":5.0},{"damage":10.0,"enemies":"Centurion and Healer","floor":23.0,"turns":8.0},{"damage":0.0,"enemies":"Chosen and Byrds","floor":28.0,"turns":6.0},{"damage":35.0,"enemies":"Snecko","floor":29.0,"turns":7.0},{"damage":9.0,"enemies":"Cultist and Chosen","floor":30.0,"turns":5.0},{"damage":0.0,"enemies":"Champ","floor":33.0,"turns":8.0},{"damage":10.0,"enemies":"3 Darklings","floor":35.0,"turns":7.0},{"damage":61.0,"enemies":"3 Shapes","floor":38.0,"turns":9.0},{"damage":24.0,"enemies":"Jaw Worm Horde","floor":41.0,"turns":5.0},{"damage":55.0,"enemies":"Transient","floor":44.0,"turns":5.0},{"damage":7.0,"enemies":"Sphere and 2 Shapes","floor":47.0,"turns":4.0},{"damage":29.0,"enemies":"3 Darklings","floor":48.0,"turns":5.0},{"damage":132,"enemies":"Time Eater","floor":50,"turns":7}],"seed_played":"8879719174854537320","potions_obtained":[{"floor":1.0,"key":"AttackPotion"},{"floor":4.0,"key":"Dexterity Potion"},{"floor":14.0,"key":"Explosive Potion"},{"floor":16.0,"key":"Swift Potion"},{"floor":23.0,"key":"Dexterity Potion"},{"floor":28.0,"key":"Block Potion"},{"floor":30.0,"key":"SpeedPotion"},{"floor":33.0,"key":"SkillPotion"},{"floor":38.0,"key":"Energy Potion"},{"floor":44.0,"key":"Fire Potion"},{"floor":47.0,"key":"PowerPotion"},{"floor":48.0,"key":"ColorlessPotion"}],"is_trial":false,"path_per_floor":["M","?","$","M","M","R","?","T","T","M","M","M","?","M","R","B",null,"M","$","M","?","?","M","R","?","T","R","M","M","M","?","R","B",null,"M","?","$","M","?","R","M","R","T","M","R","$","M","M","R","B"],"character_chosen":"THE_QUEEN","items_purchased":["PrismaticShard","Ice Cream","QueenMod:BirthingCells","Bandage Up","Eternal Feather","QueenMod:SharpStingers","Lee\u0027s Waffle","Toy Ornithopter"],"campfire_rested":0,"item_purchase_floors":[3,19,19,19,37,37,46,46],"current_hp_per_floor":[66,66,66,66,66,66,59,59,59,59,59,53,53,48,48,2,89,75,75,59,59,8,2,2,99,99,99,99,64,59,59,59,63,99,93,93,93,48,48,66,58,79,79,40,61,106,103,77,98,0,0],"gold":263,"neow_bonus":"TWENTY_PERCENT_HP_BONUS","is_daily":false,"chose_seed":false,"campfire_upgraded":9,"win_rate":0.0,"timestamp":1609910647,"path_taken":["M","?","?","M","M","R","?","?","T","M","?","M","?","M","R","BOSS","M","$","M","?","?","M","R","?","T","R","?","M","M","?","R","BOSS","M","?","$","M","?","R","?","R","T","M","R","$","M","M","R","BOSS"],"items_purchased_type":["Relic","Relic","Card","Card","Relic","Card","Relic","Relic"],"build_version":"2020-12-22","purchased_purges":0,"victory":false,"max_hp_per_floor":[89,89,89,89,89,89,89,89,89,89,89,89,89,89,89,89,89,89,89,89,89,89,89,89,99,99,99,99,99,99,99,99,99,99,99,99,99,99,99,99,99,99,99,99,99,106,106,106,106,106,106],"card_choices":[{"not_picked":["QueenMod:DefendOrder","QueenMod:HoneycombSmash"],"picked":"QueenMod:WarriorDrones","floor":1.0},{"not_picked":["QueenMod:StrategicGenius","QueenMod:Parry"],"picked":"QueenMod:BuildOrder","floor":2.0},{"not_picked":["BowlingBash","Coolheaded","Turbo"],"picked":"SKIP","floor":4.0},{"not_picked":["Glacier","QueenMod:Regroup"],"picked":"Metamorphosis","floor":5.0},{"not_picked":["Infernal Blade","QueenMod:Mark"],"picked":"Evolve","floor":10.0},{"not_picked":["Double Energy","Rampage"],"picked":"FearNoEvil","floor":11.0},{"not_picked":["FlurryOfBlows","Forethought"],"picked":"Pummel","floor":12.0},{"not_picked":["Cold Snap","Coolheaded"],"picked":"Feel No Pain","floor":14.0},{"not_picked":["Thunder Strike","Offering"],"picked":"Chrysalis","floor":16.0},{"not_picked":["Beam Cell","PiercingWail+1"],"picked":"QueenMod:Conscripts","floor":18.0},{"not_picked":["Heavy Blade","Undo+1"],"picked":"Panacea","floor":20.0},{"not_picked":["QueenMod:HoneycombSmash","Bandage Up"],"picked":"Ball Lightning","floor":21.0},{"not_picked":["JustLucky+1","QueenMod:AttackOrder"],"picked":"Melter+1","floor":22.0},{"not_picked":["QueenMod:Charge","Turbo"],"picked":"Chill+1","floor":23.0},{"not_picked":["QueenMod:SplitStrike","EmptyFist"],"picked":"QueenMod:WarTrumpet","floor":28.0},{"not_picked":["Bouncing Flask","EmptyBody+1"],"picked":"Dash","floor":29.0},{"not_picked":["Sucker Punch","QueenMod:DefendOrder","Escape Plan"],"picked":"SKIP","floor":30.0},{"not_picked":["Berserk","Thinking Ahead"],"picked":"LessonLearned","floor":33.0},{"not_picked":["Go for the Eyes","Glacier+1"],"picked":"QueenMod:AttackOrder+1","floor":35.0},{"not_picked":["QueenMod:Ravage","PiercingWail"],"picked":"Fire Breathing+1","floor":38.0},{"not_picked":["Warcry","QueenMod:SwarmingStrike"],"picked":"Noxious Fumes","floor":41.0},{"not_picked":["Sword Boomerang","Coolheaded","Stack+1"],"picked":"SKIP","floor":44.0},{"not_picked":["ThirdEye+1","Clothesline+1"],"picked":"QueenMod:StrategicGenius+1","floor":47.0},{"not_picked":["QueenMod:WarBuzz+1","White Noise"],"picked":"Impatience+1","floor":48.0}],"player_experience":1808966,"relics_obtained":[{"floor":8.0,"key":"Smiling Mask"},{"floor":9.0,"key":"Akabeko"},{"floor":22.0,"key":"Red Mask"},{"floor":26.0,"key":"Meat on the Bone"},{"floor":43.0,"key":"Bottled Lightning"}],"event_choices":[{"damage_healed":0.0,"max_hp_gain":0.0,"max_hp_loss":0.0,"gold_gain":0.0,"event_name":"Scrap Ooze","player_choice":"Success","floor":7.0,"gold_loss":0.0,"damage_taken":7.0,"relics_obtained":["Orichalcum"]},{"damage_healed":0.0,"max_hp_gain":0.0,"max_hp_loss":0.0,"gold_gain":100.0,"event_name":"Golden Shrine","player_choice":"Pray","floor":13.0,"gold_loss":0.0,"damage_taken":0.0},{"damage_healed":0.0,"max_hp_gain":0.0,"max_hp_loss":0.0,"gold_gain":0.0,"event_name":"Masked Bandits","player_choice":"Fought Bandits","floor":22.0,"gold_loss":0.0,"damage_taken":0.0},{"cards_removed":["Chrysalis"],"damage_healed":87.0,"max_hp_gain":10.0,"max_hp_loss":0.0,"gold_gain":0.0,"event_name":"Bonfire Elementals","player_choice":"Offered Rare","floor":25.0,"gold_loss":0.0,"damage_taken":0.0},{"damage_healed":0.0,"max_hp_gain":0.0,"max_hp_loss":0.0,"gold_gain":0.0,"event_name":"The Mausoleum","player_choice":"Opened","floor":31.0,"gold_loss":0.0,"damage_taken":0.0,"relics_obtained":["InkBottle"],"cards_obtained":["Writhe"]},{"damage_healed":0.0,"max_hp_gain":0.0,"max_hp_loss":0.0,"gold_gain":275.0,"event_name":"Golden Shrine","player_choice":"Desecrate","floor":39.0,"gold_loss":0.0,"damage_taken":0.0,"cards_obtained":["Regret"]}],"is_beta":false,"boss_relics":[{"not_picked":["Pandora\u0027s Box","Empty Cage"],"picked":"Coffee Dripper"},{"not_picked":["SacredBark","Busted Crown"],"picked":"QueenMod:Medal"}],"items_purged_floors":[],"is_endless":false,"potions_floor_spawned":[1,4,14,16,23,28,30,33,38,44,47,48],"killed_by":"Time Eater","ascension_level":0}}