{"host":"5fasz840ryq7obdf","time":1609965611,"event":{"mods":["2.2 Compatiblity","AchievementEnabler","BaseMod","Bestiary","Better Altar","Better Skull","Better Third Choice","BetterRewards","Block Reminder","Colored Powertips","Curses Come First","Downfall","Minty Spire (QoL Compilation)","Quick Restart","Relic Sorter","Relic Stats","Shop Mod","Spicy Shops","StSLib","SuperFastMode","ojb\u0027s Better Paths Mod","ojb\u0027s Info Mod"],"gold_per_floor":[109,122,14,14,33,58,73,99,99,131,6,20,37,70,70,146,146,161,7,7,35,35,67,67,67,67,87,117,128,128,160,160,238,238,255,255,255,280,280,310,310,336,383,417,440,468,558,197,197,197,197,197,197,11,37,37],"floor_reached":57,"playtime":3012,"items_purged":["Strike_G","Strike_G","Strike_G","Strike_G","Strike_G","Defend_G"],"score":3448,"play_id":"1fb17157-5708-4f3c-b343-d13a839d78f9","local_time":"20210106204011","is_ascension_mode":true,"campfire_choices":[{"data":"Bouncing Flask","floor":15,"key":"SMITH"},{"data":"Noxious Fumes","floor":24,"key":"SMITH"},{"floor":30,"key":"RECALL"},{"floor":32,"key":"REST"},{"data":"Bouncing Flask","floor":41,"key":"SMITH"},{"data":"Well Laid Plans","floor":49,"key":"SMITH"},{"data":"Defend_G","floor":53,"key":"SMITH"}],"circlet_count":0,"master_deck":["AscendersBane","Defend_G","Defend_G","Defend_G","Defend_G+1","Neutralize+1","Well Laid Plans+1","Bouncing Flask+1","Noxious Fumes+1","Footwork+1","Bouncing Flask+1","Catalyst+1","Noxious Fumes+1","Noxious Fumes+1","Deadly Poison+1","Blur+1","Deadly Poison+1","Outmaneuver+1","Noxious Fumes+1","PiercingWail+1","Well Laid Plans+1","Expertise+1","Escape Plan+1","Outmaneuver+1","Footwork+1","Malaise+1","Prepared+1","Concentrate+1","Tools of the Trade+1","Crippling Poison+1","Footwork+1","Prepared+1","RitualDagger","Backflip+1","Dodge and Roll+1","Backflip+1","Wraith Form v2+1","Acrobatics+1","Secret Technique+1","Madness+1","expansioncontent:SuperHexaguard+1","Adrenaline+1","Catalyst+1","PiercingWail+1","Adrenaline+1","Blur+1","Calculated Gamble+1","Catalyst+1","Wraith Form v2+1"],"relics":["Ring of the Snake","Membership Card","Paper Crane","Prayer Wheel","Mummified Hand","Gremlin Horn","Frozen Egg 2","Oddly Smooth Stone","Snake Skull","champ:DeflectingBracers","Toxic Egg 2","The Specimen","Lizard Tail","Shuriken","Bottled Lightning","Singing Bowl","Anchor","Whetstone","Velvet Choker","TwistedFunnel","Red Mask","Bottled Tornado","Art of War","Omamori","Boot","SlaversCollar","Bird Faced Urn","Blood Vial","Calipers","MawBank","Mercury Hourglass","Happy Flower","DollysMirror","Frozen Eye","Blue Candle","HornCleat"],"acts_visited":["Exordium","TheCity","TheBeyond","TheEnding"],"potions_floor_usage":[6,14],"damage_taken":[{"damage":0,"enemies":"2 Louse","floor":1,"turns":2},{"damage":1,"enemies":"Jaw Worm","floor":2,"turns":3},{"damage":0,"enemies":"Small Slimes","floor":5,"turns":3},{"damage":4,"enemies":"3 Sentries","floor":6,"turns":5},{"damage":0,"enemies":"Exordium Thugs","floor":7,"turns":4},{"damage":0,"enemies":"Gremlin Nob","floor":8,"turns":2},{"damage":0,"enemies":"Lagavulin","floor":10,"turns":4},{"damage":0,"enemies":"Looter","floor":12,"turns":3},{"damage":0,"enemies":"Large Slime","floor":13,"turns":3},{"damage":0,"enemies":"3 Sentries","floor":14,"turns":4},{"damage":1,"enemies":"Hexaghost","floor":16,"turns":7},{"damage":5,"enemies":"Shell Parasite","floor":18,"turns":2},{"damage":0,"enemies":"Masked Bandits","floor":21,"turns":3},{"damage":0,"enemies":"Book of Stabbing","floor":23,"turns":4},{"damage":0,"enemies":"Chosen","floor":27,"turns":3},{"damage":21,"enemies":"Slavers","floor":28,"turns":4},{"damage":0,"enemies":"3 Cultists","floor":29,"turns":3},{"damage":0,"enemies":"Gremlin Leader","floor":31,"turns":4},{"damage":0,"enemies":"Automaton","floor":33,"turns":6},{"damage":0,"enemies":"3 Shapes","floor":35,"turns":4},{"damage":33,"enemies":"Mind Bloom Boss Battle","floor":38,"turns":4},{"damage":0,"enemies":"Nemesis","floor":40,"turns":5},{"damage":15,"enemies":"Reptomancer","floor":42,"turns":4},{"damage":1,"enemies":"Giant Head","floor":44,"turns":5},{"damage":0,"enemies":"3 Darklings","floor":45,"turns":3},{"damage":17,"enemies":"Jaw Worm Horde","floor":46,"turns":2},{"damage":8,"enemies":"Time Eater","floor":50,"turns":4},{"damage":0,"enemies":"Donu and Deca","floor":51,"turns":6},{"damage":5,"enemies":"Shield and Spear","floor":55,"turns":5},{"damage":32,"enemies":"The Heart","floor":56,"turns":6}],"seed_played":"-6858126954628534959","potions_obtained":[{"floor":2,"key":"SpeedPotion"},{"floor":5,"key":"Regen Potion"},{"floor":12,"key":"LiquidBronze"},{"floor":13,"key":"Fruit Juice"},{"floor":14,"key":"Energy Potion"}],"is_trial":false,"path_per_floor":["M","M","$","?","M","E","M","E","T","E","$","M","M","E","R","B",null,"M","$","?","?","?","E","R","?","T","M","E","M","R","E","R","B",null,"M","?","?","?","?","E","R","E","T","E","M","M","T","$","R","B","B",null,"R","$","E","B",null],"character_chosen":"THE_SILENT","items_purchased":["Membership Card","Paper Crane","Well Laid Plans","Bouncing Flask","Noxious Fumes","Mummified Hand","Gremlin Horn","Frozen Egg 2","Footwork+1","Bouncing Flask","Catalyst","Oddly Smooth Stone","Snake Skull","Noxious Fumes+1","champ:DeflectingBracers","Noxious Fumes+1","Toxic Egg 2","The Specimen","Deadly Poison+1","Blur+1","Noxious Fumes+1","Anchor","Footwork+1","TwistedFunnel","Footwork+1","Happy Flower","DollysMirror","Blur+1","Frozen Eye","Calculated Gamble+1","Blue Candle","Catalyst+1"],"campfire_rested":1,"item_purchase_floors":[0,0,0,0,0,0,0,0,0,0,0,0,0,0,0,0,0,0,0,0,3,11,11,19,19,48,48,48,48,48,54,54],"current_hp_per_floor":[18,17,17,17,17,28,28,28,28,28,28,28,32,37,37,36,65,62,62,62,62,62,64,64,58,58,58,39,41,41,43,68,68,81,83,73,73,42,42,60,60,55,55,74,82,79,79,79,79,81,93,93,93,93,90,67],"gold":37,"neow_bonus":"","is_daily":false,"chose_seed":false,"campfire_upgraded":5,"win_rate":0.0,"timestamp":1609965611,"path_taken":["M","M","$","?","M","E","M","E","T","E","$","M","M","E","R","BOSS","M","$","?","?","?","E","R","?","T","M","E","M","R","E","R","BOSS","M","?","?","?","?","E","R","E","T","E","M","M","?","?","R","BOSS","BOSS","R","$","E","BOSS"],"items_purchased_type":["Relic","Relic","Card","Card","Card","Relic","Relic","Relic","Card","Card","Card","Relic","Relic","Card","Relic","Card","Relic","Relic","Card","Card","Card","Relic","Card","Relic","Card","Relic","Relic","Card","Relic","Card","Relic","Card"],"build_version":"2020-12-22","purchased_purges":6,"victory":true,"max_hp_per_floor":[66,66,66,66,66,66,66,66,66,66,66,66,70,75,75,75,75,77,77,77,77,77,79,79,79,79,79,81,83,83,85,85,85,85,87,87,87,89,85,87,87,87,87,87,89,93,93,93,93,93,93,93,93,93,93,93],"relic_stats":{"Gremlin Horn":[40,40],"Singing Bowl":34,"Happy Flower":[58],"counters":[178,730],"Blue Candle":[0],"Snake Skull":[366],"Whetstone":["Neutralize"],"Boot":[117],"MawBank":48,"Mercury Hourglass":[145],"Blood Vial":14,"Lizard Tail":0,"Mummified Hand":[474],"Shuriken":[120],"Bird Faced Urn":[81],"Prayer Wheel":12,"Art of War":[76],"obtain_stats":[{"TwistedFunnel":44,"Golden Egg":53,"Whetstone":43,"Ginger":55,"Bottled Tornado":46,"Boot":25,"Sling":0,"Old Coin":19,"Blood Vial":48,"Replay:Ringing Soul":11,"MealTicket":8,"HandDrill":0,"Kunai":27,"Replay:Wax Seal":0,"Pear":31,"Blue Candle":45,"Velvet Choker":17,"Pen Nib":49,"Replay:Ancient Bell":34,"Paper Crane":0,"Akabeko":9,"SlaversCollar":34,"Bird Faced Urn":0,"Pandora\u0027s Box":19,"Kintsugi":17,"Abe\u0027s Treasure":17,"Lantern":49,"Regal Pillow":27,"Torii":0,"Singing Bowl":44,"StoneCalendar":29,"Ancient Tea Set":6,"Smiling Mask":40,"Shovel":8,"Matryoshka":7,"Ninja Scroll":0,"Ring of Peace":5,"Toolbox":40,"WingedGreaves":39,"Chemical X":44,"Ring of Panic":19,"InkBottle":44,"Ring of the Snake":0,"Potion Belt":25,"The Specimen":0,"Golden Idol":3,"Basket Of Snakes":0,"Thread and Needle":0,"PreservedInsect":0,"The Courier":15,"champ:DeflectingBracers":0,"Omamori":31,"Ring of Greed":19,"Frozen Egg 2":0,"MawBank":3,"Replay:Arrowhead":42,"Ornamental Fan":44,"Orrery":0,"Turnip":34,"Art of War":0,"Garlic":10,"Durian":29,"Bottled Lightning":9,"ReplayTheSpireMod:Ring of Challenge":5,"ReplayTheSpireMod:Lightbulb":8,"Ice Cream":43,"Divine Protection":31,"Calipers":0,"Gremlin Horn":0,"Vajra":0,"HoveringKite":34,"Centennial Puzzle":50,"Lizard Tail":23,"HornCleat":25,"DollysMirror":48,"Strawberry":25,"Honey Jar":36,"Prayer Wheel":15,"Iron Hammer":9,"Toxic Egg 2":0,"Girya":0,"Happy Flower":0,"ReplayTheSpireMod:CursedCoin":23,"Dead Branch":55,"Oddly Smooth Stone":44,"Letter Opener":10,"War Paint":10,"Question Card":46,"Du-Vu Doll":48,"OrangePellets":0,"Replay:Baseball":55,"ReplayTheSpireMod:Shallot":13,"Shuriken":25,"Bronze Scales":48,"Simple Rune":42,"Black Star":19,"ReplayTheSpireMod:TigerMarble":25,"Mirror":27,"ReplayTheSpireMod:DimensionalGlitch":36,"Meat on the Bone":30,"Pocketwatch":40,"ReplayFunnel":22,"Darkstone Periapt":48,"Mango":46,"Snake Skull":23,"Sizzling Blood":3,"Juzu Bracelet":31,"Incense Burner":0,"ClockworkSouvenir":0,"Frozen Eye":48,"Nunchaku":11,"Dream Catcher":31,"Replay:Bandana":8,"Tough Bandages":0,"Chameleon Ring":45,"Mummified Hand":49,"Tiny Chest":24,"Red Mask":33,"Replay:Bottled Snecko":47,"BargainBundle":0,"Replay:Towering Pillar of Hats":54,"Quantum Egg":50,"Replay:WaspNest":21,"Orichalcum":27,"White Beast Statue":11,"Mercury Hourglass":38,"Strange Spoon":0,"Anchor":45,"Bag of Marbles":25,"Membership Card":0,"TungstenRod":0,"FossilizedHelix":10},{"TwistedFunnel":21,"Golden Egg":88,"Whetstone":51,"Ginger":119,"Bottled Tornado":22,"Boot":11,"Sling":120,"Old Coin":101,"Blood Vial":86,"Replay:Ringing Soul":32,"MealTicket":96,"HandDrill":59,"Kunai":12,"Replay:Wax Seal":90,"Pear":76,"Blue Candle":141,"Velvet Choker":159,"Pen Nib":86,"Replay:Ancient Bell":108,"Paper Crane":0,"Akabeko":123,"SlaversCollar":167,"Bird Faced Urn":27,"Pandora\u0027s Box":37,"Kintsugi":100,"Abe\u0027s Treasure":68,"Lantern":24,"Regal Pillow":73,"Torii":90,"Singing Bowl":141,"StoneCalendar":41,"Ancient Tea Set":62,"Smiling Mask":139,"Shovel":64,"Matryoshka":123,"Ninja Scroll":120,"Ring of Peace":61,"Toolbox":49,"WingedGreaves":18,"Chemical X":21,"Ring of Panic":101,"InkBottle":21,"Ring of the Snake":0,"Potion Belt":72,"The Specimen":90,"Golden Idol":61,"Basket Of Snakes":59,"Thread and Needle":120,"PreservedInsect":0,"The Courier":35,"champ:DeflectingBracers":148,"Omamori":43,"Ring of Greed":101,"Frozen Egg 2":148,"MawBank":1,"Replay:Arrowhead":20,"Ornamental Fan":21,"Orrery":57,"Turnip":108,"Art of War":0,"Garlic":32,"Durian":74,"Bottled Lightning":154,"ReplayTheSpireMod:Ring of Challenge":61,"ReplayTheSpireMod:Lightbulb":4,"Ice Cream":21,"Divine Protection":13,"Calipers":120,"Gremlin Horn":148,"Vajra":0,"HoveringKite":77,"Centennial Puzzle":25,"Lizard Tail":130,"HornCleat":11,"DollysMirror":174,"Strawberry":40,"Honey Jar":15,"Prayer Wheel":35,"Iron Hammer":64,"Toxic Egg 2":120,"Girya":59,"Happy Flower":90,"ReplayTheSpireMod:CursedCoin":39,"Dead Branch":147,"Oddly Smooth Stone":21,"Letter Opener":64,"War Paint":97,"Question Card":22,"Du-Vu Doll":23,"OrangePellets":57,"Replay:Baseball":89,"ReplayTheSpireMod:Shallot":5,"Shuriken":72,"Bronze Scales":23,"Simple Rune":20,"Black Star":9,"ReplayTheSpireMod:TigerMarble":105,"Mirror":12,"ReplayTheSpireMod:DimensionalGlitch":46,"Meat on the Bone":133,"Pocketwatch":139,"ReplayFunnel":10,"Darkstone Periapt":53,"Mango":115,"Snake Skull":39,"Sizzling Blood":91,"Juzu Bracelet":107,"Incense Burner":120,"ClockworkSouvenir":120,"Frozen Eye":174,"Nunchaku":5,"Dream Catcher":13,"Replay:Bandana":31,"Tough Bandages":120,"Chameleon Ring":84,"Mummified Hand":24,"Tiny Chest":72,"Red Mask":45,"Replay:Bottled Snecko":115,"BargainBundle":0,"Replay:Towering Pillar of Hats":88,"Quantum Egg":25,"Replay:WaspNest":102,"Orichalcum":40,"White Beast Statue":65,"Mercury Hourglass":80,"Strange Spoon":90,"Anchor":21,"Bag of Marbles":72,"Membership Card":0,"TungstenRod":0,"FossilizedHelix":5},{"TwistedFunnel":117,"Golden Egg":427,"Whetstone":243,"Ginger":526,"Bottled Tornado":123,"Boot":58,"Sling":532,"Old Coin":465,"Blood Vial":414,"Replay:Ringing Soul":168,"MealTicket":450,"HandDrill":286,"Kunai":65,"Replay:Wax Seal":434,"Pear":378,"Blue Candle":585,"Velvet Choker":653,"Pen Nib":414,"Replay:Ancient Bell":485,"Paper Crane":0,"Akabeko":537,"SlaversCollar":682,"Bird Faced Urn":154,"Pandora\u0027s Box":186,"Kintsugi":463,"Abe\u0027s Treasure":339,"Lantern":133,"Regal Pillow":365,"Torii":434,"Singing Bowl":585,"StoneCalendar":197,"Ancient Tea Set":307,"Smiling Mask":580,"Shovel":317,"Matryoshka":537,"Ninja Scroll":532,"Ring of Peace":299,"Toolbox":232,"WingedGreaves":98,"Chemical X":117,"Ring of Panic":465,"InkBottle":117,"Ring of the Snake":0,"Potion Belt":359,"The Specimen":434,"Golden Idol":299,"Basket Of Snakes":286,"Thread and Needle":532,"PreservedInsect":0,"The Courier":178,"champ:DeflectingBracers":613,"Omamori":205,"Ring of Greed":465,"Frozen Egg 2":613,"MawBank":3,"Replay:Arrowhead":110,"Ornamental Fan":117,"Orrery":277,"Turnip":485,"Art of War":0,"Garlic":168,"Durian":371,"Bottled Lightning":632,"ReplayTheSpireMod:Ring of Challenge":299,"ReplayTheSpireMod:Lightbulb":17,"Ice Cream":117,"Divine Protection":71,"Calipers":532,"Gremlin Horn":613,"Vajra":0,"HoveringKite":383,"Centennial Puzzle":138,"Lizard Tail":553,"HornCleat":58,"DollysMirror":709,"Strawberry":194,"Honey Jar":82,"Prayer Wheel":178,"Iron Hammer":317,"Toxic Egg 2":532,"Girya":286,"Happy Flower":434,"ReplayTheSpireMod:CursedCoin":191,"Dead Branch":606,"Oddly Smooth Stone":117,"Letter Opener":317,"War Paint":453,"Question Card":123,"Du-Vu Doll":128,"OrangePellets":277,"Replay:Baseball":429,"ReplayTheSpireMod:Shallot":26,"Shuriken":359,"Bronze Scales":128,"Simple Rune":110,"Black Star":46,"ReplayTheSpireMod:TigerMarble":477,"Mirror":65,"ReplayTheSpireMod:DimensionalGlitch":218,"Meat on the Bone":562,"Pocketwatch":580,"ReplayFunnel":49,"Darkstone Periapt":253,"Mango":508,"Snake Skull":191,"Sizzling Blood":437,"Juzu Bracelet":481,"Incense Burner":532,"ClockworkSouvenir":532,"Frozen Eye":709,"Nunchaku":26,"Dream Catcher":71,"Replay:Bandana":165,"Tough Bandages":532,"Chameleon Ring":409,"Mummified Hand":133,"Tiny Chest":359,"Red Mask":212,"Replay:Bottled Snecko":508,"BargainBundle":0,"Replay:Towering Pillar of Hats":427,"Quantum Egg":138,"Replay:WaspNest":469,"Orichalcum":194,"White Beast Statue":323,"Mercury Hourglass":393,"Strange Spoon":434,"Anchor":117,"Bag of Marbles":359,"Membership Card":0,"TungstenRod":0,"FossilizedHelix":26}],"Ring of the Snake":[116]},"card_choices":[{"not_picked":["Bane","Underhanded Strike"],"picked":"Deadly Poison+1","floor":1},{"not_picked":["Caltrops+1","Flying Knee","Cloak And Dagger+1"],"picked":"SKIP","floor":1},{"not_picked":["Deadly Poison+1","Masterful Stab"],"picked":"Outmaneuver+1","floor":2},{"not_picked":["Dagger Spray","Blade Dance+1","Sucker Punch"],"picked":"SKIP","floor":2},{"not_picked":["Underhanded Strike","Poisoned Stab"],"picked":"PiercingWail+1","floor":5},{"not_picked":["Unload","Riddle With Holes","Dagger Throw"],"picked":"SKIP","floor":5},{"not_picked":["Flying Knee","Noxious Fumes+1","Distraction+1"],"picked":"SKIP","floor":6},{"not_picked":["Bane","Acrobatics+1"],"picked":"Well Laid Plans+1","floor":7},{"not_picked":["Flying Knee","Concentrate+1"],"picked":"Expertise+1","floor":7},{"not_picked":["Heel Hook","Reflex+1"],"picked":"Escape Plan+1","floor":8},{"not_picked":["Slice","Endless Agony"],"picked":"Outmaneuver+1","floor":10},{"not_picked":["Noxious Fumes+1","Flying Knee"],"picked":"Malaise+1","floor":12},{"not_picked":["Dash","Accuracy+1"],"picked":"Prepared+1","floor":12},{"not_picked":["Dash","Cloak And Dagger+1","Deadly Poison+1"],"picked":"Singing Bowl","floor":13},{"not_picked":["Blade Dance+1","Dagger Throw","Deadly Poison+1"],"picked":"Singing Bowl","floor":13},{"not_picked":["Dagger Throw","PiercingWail+1"],"picked":"Concentrate+1","floor":14},{"not_picked":["A Thousand Cuts+1","Unload"],"picked":"Tools of the Trade+1","floor":16},{"not_picked":["Prepared+1","Backstab+1"],"picked":"Crippling Poison+1","floor":18},{"not_picked":["Accuracy+1","Deflect+1","Sucker Punch"],"picked":"Singing Bowl","floor":18},{"not_picked":["Dagger Throw","Escape Plan+1"],"picked":"Prepared+1","floor":21},{"not_picked":["Flying Knee","Underhanded Strike","Poisoned Stab"],"picked":"Singing Bowl","floor":23},{"not_picked":["Bouncing Flask+1","Envenom+1"],"picked":"Backflip+1","floor":27},{"not_picked":["Quick Slash","Infinite Blades+1"],"picked":"Dodge and Roll+1","floor":27},{"not_picked":["Setup+1","Caltrops+1","Underhanded Strike"],"picked":"Singing Bowl","floor":28},{"not_picked":["Footwork+1","Prepared+1","Underhanded Strike"],"picked":"Singing Bowl","floor":29},{"not_picked":["Choke","Sucker Punch"],"picked":"Backflip+1","floor":29},{"not_picked":["Outmaneuver+1","Well Laid Plans+1","Dagger Throw+1"],"picked":"Singing Bowl","floor":31},{"not_picked":["Phantasmal Killer+1","Envenom+1"],"picked":"Wraith Form v2+1","floor":33},{"not_picked":["Choke","Blade Dance+1"],"picked":"Acrobatics+1","floor":35},{"not_picked":["Terror+1","Deadly Poison+1","Escape Plan+1"],"picked":"Singing Bowl","floor":35},{"not_picked":["Secret Weapon+1","Chrysalis+1"],"picked":"Secret Technique+1","floor":36},{"not_picked":["expansioncontent:DefensiveMode+1","expansioncontent:Chronoboost+1"],"picked":"Madness+1","floor":36},{"not_picked":["expansioncontent:HyperBeam","Transmutation+1"],"picked":"expansioncontent:SuperHexaguard+1","floor":36},{"not_picked":["Blade Dance+1","Poisoned Stab+1","Deflect+1"],"picked":"Singing Bowl","floor":38},{"not_picked":["Distraction+1","Deadly Poison+1","Accuracy+1"],"picked":"Singing Bowl","floor":40},{"not_picked":["Deadly Poison+1","Bouncing Flask+1"],"picked":"Adrenaline+1","floor":42},{"not_picked":["Crippling Poison+1","Acrobatics+1"],"picked":"Catalyst+1","floor":44},{"not_picked":["Prepared+1","Caltrops+1","Choke+1"],"picked":"Singing Bowl","floor":45},{"not_picked":["Tactician+1","Deadly Poison+1"],"picked":"PiercingWail+1","floor":45},{"not_picked":["Dagger Spray","Cloak And Dagger+1","Slice+1"],"picked":"Singing Bowl","floor":46},{"not_picked":["Sucker Punch+1","Well Laid Plans+1","Deflect+1"],"picked":"Singing Bowl","floor":46},{"not_picked":["Bouncing Flask+1","Tactician+1"],"picked":"Wraith Form v2+1","floor":55}],"player_experience":1581061,"relics_obtained":[{"floor":6,"key":"Lizard Tail"},{"floor":8,"key":"Shuriken"},{"floor":9,"key":"Bottled Lightning"},{"floor":10,"key":"Singing Bowl"},{"floor":14,"key":"Whetstone"},{"floor":21,"key":"Red Mask"},{"floor":23,"key":"Bottled Tornado"},{"floor":26,"key":"Art of War"},{"floor":28,"key":"Omamori"},{"floor":31,"key":"Boot"},{"floor":38,"key":"Bird Faced Urn"},{"floor":40,"key":"Blood Vial"},{"floor":42,"key":"Calipers"},{"floor":44,"key":"MawBank"},{"floor":47,"key":"Mercury Hourglass"},{"floor":55,"key":"HornCleat"}],"event_choices":[{"damage_healed":0,"gold_gain":0,"player_choice":"Grow","damage_taken":0,"max_hp_gain":0,"max_hp_loss":0,"event_name":"Living Wall","floor":4,"gold_loss":0,"cards_upgraded":["Catalyst"]},{"damage_healed":0,"gold_gain":0,"player_choice":"Fought Bandits","damage_taken":0,"max_hp_gain":0,"max_hp_loss":0,"event_name":"Masked Bandits","floor":21,"gold_loss":0},{"damage_healed":0,"gold_gain":0,"player_choice":"Ignored","damage_taken":0,"max_hp_gain":0,"max_hp_loss":0,"event_name":"Vampires","floor":22,"gold_loss":0},{"damage_healed":0,"gold_gain":0,"player_choice":"Dagger","damage_taken":6,"max_hp_gain":0,"max_hp_loss":0,"event_name":"betterThird:BetterNest","floor":25,"gold_loss":0,"cards_obtained":["RitualDagger"]},{"damage_healed":0,"gold_gain":0,"player_choice":"Memory 3","damage_taken":10,"max_hp_gain":0,"max_hp_loss":0,"event_name":"SensoryStone","floor":36,"gold_loss":0},{"cards_removed":["Survivor"],"damage_healed":0,"gold_gain":0,"player_choice":"Removed Skill","damage_taken":0,"max_hp_gain":0,"max_hp_loss":0,"event_name":"Falling","floor":37,"gold_loss":0},{"damage_healed":0,"gold_gain":0,"player_choice":"Fight","damage_taken":0,"max_hp_gain":0,"max_hp_loss":0,"event_name":"MindBloom","floor":38,"gold_loss":0},{"damage_healed":0,"gold_gain":0,"player_choice":"Max HP","damage_taken":0,"max_hp_gain":0,"max_hp_loss":4,"event_name":"Winding Halls","floor":39,"gold_loss":0}],"is_beta":false,"boss_relics":[{"not_picked":["Runic Pyramid","Empty Cage"],"picked":"Velvet Choker"},{"not_picked":["Astrolabe","Pandora\u0027s Box"],"picked":"SlaversCollar"}],"items_purged_floors":[0,0,0,0,3,48],"is_endless":false,"potions_floor_spawned":[2,5,12,13,14,16,21,23,35,38,42,46],"ascension_level":20}}