{"host":"jx3f6ezc0g3s9edc","time":1609898995,"event":{"mods":["AchievementEnabler","BaseMod","Bestiary","Colored Map","Highlight Path","Minty Spire (QoL Compilation)","StSLib"],"gold_per_floor":[118,26,37,37,51,51,81,81,81,91,109,134,134,5,5,104,104,122,151,151,151,151],"floor_reached":21,"playtime":1648,"items_purged":["Strike_B"],"score":243,"play_id":"9068c144-64ab-45ca-994b-df43994a80e7","local_time":"20210105210955","is_ascension_mode":true,"campfire_choices":[{"data":"Hologram","floor":6.0,"key":"SMITH"},{"floor":8,"key":"REST"},{"data":"Defragment","floor":13,"key":"SMITH"},{"floor":15,"key":"REST"}],"circlet_count":0,"master_deck":["Strike_B","Defend_B","Defend_B","Defend_B","Defend_B","Zap","Dualcast+1","Amplify","Rebound","Finesse","Ball Lightning","Hologram+1","Self Repair","Cold Snap","FTL","Defragment+1","Sunder","Streamline","Electrodynamics","Melter+1"],"relics":["Cracked Core","Shuriken","Dream Catcher","Smiling Mask","Empty Cage","Red Mask"],"acts_visited":["Exordium","TheCity"],"potions_floor_usage":[7,16,16],"damage_taken":[{"damage":2.0,"enemies":"Jaw Worm","floor":1.0,"turns":3.0},{"damage":6.0,"enemies":"Cultist","floor":3.0,"turns":3.0},{"damage":10.0,"enemies":"2 Louse","floor":5.0,"turns":2.0},{"damage":18,"enemies":"Gremlin Nob","floor":7,"turns":3},{"damage":5,"enemies":"Looter","floor":10,"turns":3},{"damage":2,"enemies":"2 Fungi Beasts","floor":11,"turns":3},{"damage":21,"enemies":"3 Sentries","floor":12,"turns":6},{"damage":9,"enemies":"Hexaghost","floor":16,"turns":8},{"damage":16,"enemies":"3 Byrds","floor":18,"turns":2},{"damage":29,"enemies":"Masked Bandits","floor":19,"turns":3},{"damage":43,"enemies":"Shell Parasite","floor":21,"turns":7}],"seed_played":"8920256432034985307","potions_obtained":[{"floor":1.0,"key":"SteroidPotion"},{"floor":5.0,"key":"Dexterity Potion"},{"floor":10,"key":"Block Potion"},{"floor":12,"key":"Weak Potion"}],"is_trial":false,"path_per_floor":["M","$","M","?","M","R","E","R","T","M","M","E","R","$","R","B",null,"M","?","?","M"],"character_chosen":"DEFECT","items_purchased":["Finesse","Sunder"],"campfire_rested":2,"item_purchase_floors":[2,14],"current_hp_per_floor":[66,66,60,60,50,50,32,54,54,56,61,47,47,47,69,67,73,71,42,42,0,0],"gold":151,"neow_bonus":"ONE_RANDOM_RARE_CARD","is_daily":false,"chose_seed":false,"campfire_upgraded":2,"win_rate":0.0,"timestamp":1609898995,"path_taken":["M","$","M","?","M","R","E","R","T","M","M","E","R","?","R","BOSS","M","?","?","M"],"items_purchased_type":["Card","Card"],"build_version":"2020-12-22","purchased_purges":1,"victory":false,"max_hp_per_floor":[75,75,75,75,75,75,75,75,75,75,75,75,75,75,75,75,75,75,75,75,75,75],"card_choices":[{"not_picked":["Force Field","Turbo"],"picked":"Rebound","floor":1.0},{"not_picked":["Doom and Gloom","BootSequence"],"picked":"Ball Lightning","floor":3.0},{"not_picked":["Skim","Capacitor"],"picked":"Hologram","floor":5.0},{"not_picked":["Reboot","Steam"],"picked":"Self Repair","floor":7},{"not_picked":["Stack","Beam Cell"],"picked":"Cold Snap","floor":10},{"not_picked":["Cold Snap","Hologram"],"picked":"FTL","floor":11},{"not_picked":["Rebound","Stack"],"picked":"Defragment","floor":12},{"not_picked":["Steam","Gash"],"picked":"Streamline","floor":15},{"not_picked":["Core Surge","Biased Cognition"],"picked":"Electrodynamics","floor":16},{"not_picked":["Leap+1","Go for the Eyes"],"picked":"Melter+1","floor":18}],"player_experience":725980,"relics_obtained":[{"floor":7,"key":"Shuriken"},{"floor":9,"key":"Dream Catcher"},{"floor":12,"key":"Smiling Mask"},{"floor":19,"key":"Red Mask"}],"event_choices":[{"damage_healed":0.0,"max_hp_gain":0.0,"max_hp_loss":0.0,"gold_gain":0.0,"event_name":"Upgrade Shrine","player_choice":"Upgraded","floor":4.0,"gold_loss":0.0,"damage_taken":0.0,"cards_upgraded":["Dualcast"]},{"damage_healed":0,"gold_gain":0,"player_choice":"Fought Bandits","damage_taken":0,"max_hp_gain":0,"max_hp_loss":0,"event_name":"Masked Bandits","floor":19,"gold_loss":0},{"damage_healed":0,"gold_gain":0,"player_choice":"Ignored","damage_taken":0,"max_hp_gain":0,"max_hp_loss":0,"event_name":"Beggar","floor":20,"gold_loss":0}],"is_beta":false,"boss_relics":[{"not_picked":["Runic Pyramid","Ectoplasm"],"picked":"Empty Cage"}],"items_purged_floors":[14],"is_endless":false,"potions_floor_spawned":[1,5,10,12],"killed_by":"Shell Parasite","ascension_level":6}}