{"host":"a0paspe0zwqgzttz","time":1609895880,"event":{"mods":["AchievementEnabler","Act Like it!","BaseMod","BetterRewards","Colored Powertips","Conspire","Downfall","GifTheSpireLib","Hermit","Highlight Path","Lobotomy","Marisa????????","Minty Spire (QoL Compilation)","Quick Restart","Replay The Spire","Robot Space Explorer","Shop Mod","StSLib","SuperFastMode","The Bug Knight","The Construct","The Cursed","The Hierophant","The Jungle","The Mystic","The Necromancer","The Runesmith","The Senshi","The Servant 0.9.4"],"gold_per_floor":[115,128,128,145,156,182,182,132,155,196,112,112,151,151,151,149,149],"floor_reached":16,"playtime":561,"items_purged":[],"score":110,"play_id":"2322e89b-d085-47ca-a482-2417ca13acc5","local_time":"20210105201800","is_ascension_mode":false,"campfire_choices":[{"data":"hermit:GoldenBullet","floor":7,"key":"SMITH"},{"floor":15,"key":"REST"}],"circlet_count":0,"master_deck":["hermit:Strike_Hermit","hermit:Strike_Hermit","hermit:Strike_Hermit","hermit:Strike_Hermit+1","hermit:Defend_Hermit","hermit:Defend_Hermit","hermit:Defend_Hermit","hermit:Defend_Hermit","hermit:Snapshot","hermit:Covet","construct:AttackMode","Defend_G","hermit:FromBeyond","hermit:GoldenBullet+1","hermit:Quickdraw","Pain","hermit:SprayPray","hermit:Determination","hermit:Determination","conspire:SpireCoStock+1","hermit:FlashPowder","Specialist","hermit:Enervate","Replay:SS_fish_1","hermit:Roughhouse"],"relics":["hermit:Momento","WarpedTongs","Centennial Puzzle","Nunchaku","Pen Nib"],"acts_visited":["Exordium"],"potions_floor_usage":[5,13,16,16],"damage_taken":[{"damage":1,"enemies":"2 Louse","floor":1,"turns":2},{"damage":4,"enemies":"Cultist","floor":2,"turns":4},{"damage":0,"enemies":"Jaw Worm","floor":4,"turns":2},{"damage":0,"enemies":"Blue Slaver","floor":5,"turns":3},{"damage":16,"enemies":"3 Sentries","floor":6,"turns":5},{"damage":7,"enemies":"Large Slime","floor":10,"turns":3},{"damage":29,"enemies":"Lagavulin","floor":13,"turns":5},{"damage":27,"enemies":"The Guardian","floor":16,"turns":8}],"seed_played":"-113592574497534004","potions_obtained":[{"floor":1,"key":"Block Potion"},{"floor":2,"key":"sneckomod:MuddlingPotion"},{"floor":5,"key":"LiquidBronze"},{"floor":13,"key":"Dexterity Potion"}],"is_trial":false,"path_per_floor":["M","M","?","M","M","E","R","?","T","M","$","?","E","?","R","B"],"character_chosen":"HERMIT","items_purchased":["Specialist"],"campfire_rested":1,"item_purchase_floors":[11],"current_hp_per_floor":[74,70,70,70,70,54,54,54,54,47,47,32,3,3,25,0,0],"gold":149,"neow_bonus":"THREE_RARE_CARDS","is_daily":false,"chose_seed":false,"campfire_upgraded":1,"win_rate":0.0,"timestamp":1609895880,"path_taken":["M","M","?","?","M","E","R","?","T","M","$","?","E","?","R","BOSS"],"items_purchased_type":["Card"],"build_version":"2020-12-22","purchased_purges":0,"victory":false,"max_hp_per_floor":[75,75,75,75,75,75,75,75,75,75,75,75,75,75,75,75,75],"card_choices":[{"not_picked":["hermit:FatalDesire","hermit:Roughhouse"],"picked":"hermit:FromBeyond","floor":0},{"not_picked":["hermit:NoHoldsBarred","hermit:Coalescence"],"picked":"hermit:GoldenBullet","floor":1},{"not_picked":["hermit:Headshot","hermit:Snipe"],"picked":"hermit:Quickdraw","floor":2},{"not_picked":["hermit:WideOpen","hermit:ItchyTrigger"],"picked":"hermit:SprayPray","floor":4},{"not_picked":["hermit:Roulette","hermit:Headshot"],"picked":"hermit:Determination","floor":5},{"not_picked":["hermit:Snipe","hermit:Purgatory"],"picked":"hermit:Determination","floor":6},{"not_picked":["hermit:Ricochet","hermit:Misfire"],"picked":"hermit:FlashPowder","floor":10},{"not_picked":["hermit:ItchyTrigger","hermit:HighNoon"],"picked":"hermit:Enervate","floor":13}],"player_experience":388298,"relics_obtained":[{"floor":6,"key":"Centennial Puzzle"},{"floor":9,"key":"Nunchaku"},{"floor":13,"key":"Pen Nib"}],"event_choices":[{"damage_healed":0,"gold_gain":0,"player_choice":"Rummage","damage_taken":0,"relics_obtained":["WarpedTongs"],"max_hp_gain":0,"max_hp_loss":0,"event_name":"Accursed Blacksmith","floor":3,"gold_loss":0,"cards_obtained":["Pain"]},{"damage_healed":0,"gold_gain":0,"player_choice":"Invest 1","damage_taken":0,"max_hp_gain":0,"max_hp_loss":0,"event_name":"conspire:Investor","floor":8,"gold_loss":0},{"damage_healed":0,"gold_gain":0,"player_choice":"Entered Light","damage_taken":15,"max_hp_gain":0,"max_hp_loss":0,"event_name":"Shining Light","floor":12,"gold_loss":0,"cards_upgraded":["conspire:SpireCoStock","hermit:Strike_Hermit"]},{"damage_healed":0,"gold_gain":0,"player_choice":"2 cards matched","damage_taken":0,"max_hp_gain":0,"max_hp_loss":0,"event_name":"Match and Keep!","floor":14,"gold_loss":0,"cards_obtained":["Replay:SS_fish_1","hermit:Roughhouse"]}],"is_beta":false,"boss_relics":[],"items_purged_floors":[],"is_endless":false,"potions_floor_spawned":[1,2,5,13],"killed_by":"The Guardian","ascension_level":0}}