{"host":"ephzq12rl18r5ewu","time":1609909689,"event":{"mods":["BaseMod","Minty Spire (QoL Compilation)"],"gold_per_floor":[114,129,144,144,159,159,174,189,264,264,264,264,38,68,68,168,168,183,198,198,213,213,213,228,243,268,268,3,18,48,48,48],"floor_reached":31,"playtime":2464,"items_purged":[],"score":434,"play_id":"716b1bff-7c5f-41a7-8c8a-f3f77901bcd0","local_time":"20210105210809","daily_mods":["Cursed Run","Uncertain Future","Binary"],"is_ascension_mode":false,"campfire_choices":[{"data":"PathToVictory","floor":6,"key":"SMITH"},{"data":"Consecrate","floor":11,"key":"SMITH"},{"data":"Brilliance","floor":15,"key":"SMITH"},{"data":"Omniscience","floor":23,"key":"SMITH"}],"circlet_count":0,"master_deck":["Defend_P","Eruption","Vigilance","EmptyFist","PathToVictory+1","Consecrate+1","Regret","PathToVictory+1","Indignation+1","Brilliance+1","Clumsy","WaveOfTheHand+1","FollowUp","Pain","Omniscience+1","Wireheading+1","ForeignInfluence+1","LessonLearned+1","Perseverance","WreathOfFlame","Clumsy","Sanctity+1","Writhe","Tantrum","ClearTheMind","Injury","Bite","Bite","Bite","Bite","Bite","Brilliance","Pray","Conclude","CutThroughFate"],"relics":["Cursed Key","Darkstone Periapt","Du-Vu Doll","PreservedInsect","Matryoshka","Damaru","Eternal Feather","Astrolabe","Yang","Bottled Lightning","Oddly Smooth Stone","Mummified Hand","Happy Flower","Membership Card","Pen Nib"],"acts_visited":["Exordium","TheCity"],"potions_floor_usage":[7,14,19,24,24,30],"damage_taken":[{"damage":0,"enemies":"Small Slimes","floor":1,"turns":2},{"damage":0,"enemies":"2 Louse","floor":2,"turns":2},{"damage":0,"enemies":"Cultist","floor":3,"turns":4},{"damage":18,"enemies":"2 Fungi Beasts","floor":5,"turns":2},{"damage":11,"enemies":"Blue Slaver","floor":7,"turns":5},{"damage":0,"enemies":"Exordium Wildlife","floor":8,"turns":1},{"damage":1,"enemies":"Lagavulin","floor":14,"turns":3},{"damage":38,"enemies":"The Guardian","floor":16,"turns":5},{"damage":4,"enemies":"Spheric Guardian","floor":18,"turns":2},{"damage":5,"enemies":"3 Byrds","floor":19,"turns":2},{"damage":0,"enemies":"Snecko","floor":21,"turns":2},{"damage":9,"enemies":"Sentry and Sphere","floor":24,"turns":3},{"damage":32,"enemies":"3 Cultists","floor":25,"turns":4},{"damage":18,"enemies":"Centurion and Healer","floor":29,"turns":4},{"damage":34,"enemies":"Gremlin Leader","floor":30,"turns":3},{"damage":23,"enemies":"Snake Plant","floor":31,"turns":2}],"seed_played":"-5218424555718163201","potions_obtained":[{"floor":2,"key":"Regen Potion"},{"floor":3,"key":"Ancient Potion"},{"floor":7,"key":"Fire Potion"},{"floor":14,"key":"StancePotion"},{"floor":16,"key":"SpeedPotion"},{"floor":19,"key":"StancePotion"},{"floor":24,"key":"Ancient Potion"},{"floor":29,"key":"GamblersBrew"}],"is_trial":false,"path_per_floor":["M","M","M","?","M","R","M","M","T","?","R","?","$","E","R","B",null,"M","M","T","M","?","R","M","M","T","?","$","M","E","M"],"character_chosen":"WATCHER","items_purchased":["Damaru","WaveOfTheHand","Membership Card","Brilliance","Pray"],"campfire_rested":0,"item_purchase_floors":[13,13,28,28,28],"current_hp_per_floor":[72,72,72,78,60,60,61,61,67,67,67,67,67,66,75,43,90,86,81,87,87,93,102,93,61,67,67,67,53,21,0,0],"gold":48,"neow_bonus":"","is_daily":true,"chose_seed":false,"campfire_upgraded":4,"win_rate":0.0,"timestamp":1609909689,"path_taken":["M","M","M","?","M","R","M","M","T","?","R","?","$","E","R","BOSS","M","M","?","M","?","R","M","M","T","?","$","M","E","M"],"items_purchased_type":["Relic","Card","Relic","Card","Card"],"build_version":"2020-12-22","purchased_purges":0,"victory":false,"max_hp_per_floor":[72,72,72,78,78,78,78,78,84,84,84,84,84,84,84,90,90,90,90,96,96,102,102,102,102,108,75,75,75,75,75,75],"card_choices":[{"not_picked":["CutThroughFate"],"picked":"EmptyFist","floor":1},{"not_picked":["Sanctity"],"picked":"PathToVictory","floor":2},{"not_picked":["ThirdEye"],"picked":"Consecrate","floor":3},{"not_picked":["Indignation"],"picked":"PathToVictory","floor":5},{"not_picked":["Protect"],"picked":"Indignation","floor":7},{"not_picked":["WheelKick"],"picked":"Brilliance","floor":8},{"not_picked":["Halt"],"picked":"FollowUp","floor":14},{"not_picked":["ConjureBlade"],"picked":"Omniscience","floor":16},{"not_picked":["FlyingSleeves"],"picked":"Perseverance","floor":18},{"not_picked":["EmptyBody"],"picked":"WreathOfFlame","floor":19},{"not_picked":["CrushJoints"],"picked":"Sanctity+1","floor":21},{"not_picked":["JustLucky"],"picked":"Tantrum","floor":24},{"not_picked":["FlyingSleeves"],"picked":"ClearTheMind","floor":25},{"not_picked":["BowlingBash"],"picked":"Conclude","floor":29},{"not_picked":["Vengeance"],"picked":"CutThroughFate","floor":30}],"player_experience":1196577,"relics_obtained":[{"floor":9,"key":"Matryoshka"},{"floor":14,"key":"Eternal Feather"},{"floor":20,"key":"Yang"},{"floor":20,"key":"Bottled Lightning"},{"floor":26,"key":"Mummified Hand"},{"floor":26,"key":"Happy Flower"},{"floor":30,"key":"Pen Nib"}],"event_choices":[{"damage_healed":0,"gold_gain":0,"player_choice":"Box","damage_taken":0,"relics_obtained":["PreservedInsect"],"max_hp_gain":0,"max_hp_loss":0,"event_name":"Big Fish","floor":4,"gold_loss":0,"cards_obtained":["Regret"]},{"damage_healed":0,"gold_gain":0,"player_choice":"Grow","damage_taken":0,"max_hp_gain":0,"max_hp_loss":0,"event_name":"Living Wall","floor":10,"gold_loss":0,"cards_upgraded":["PathToVictory"]},{"cards_removed":["Defend_P"],"damage_healed":0,"gold_gain":0,"player_choice":"Offered Basic","damage_taken":0,"max_hp_gain":0,"max_hp_loss":0,"event_name":"Bonfire Elementals","floor":12,"gold_loss":0},{"damage_healed":0,"gold_gain":0,"player_choice":"Opened","damage_taken":0,"relics_obtained":["Oddly Smooth Stone"],"max_hp_gain":0,"max_hp_loss":0,"event_name":"The Mausoleum","floor":22,"gold_loss":0,"cards_obtained":["Writhe"]},{"damage_healed":0,"gold_gain":0,"player_choice":"Became a vampire","damage_taken":0,"max_hp_gain":0,"max_hp_loss":33,"event_name":"Vampires","floor":27,"gold_loss":0,"cards_obtained":["Bite","Bite","Bite","Bite","Bite"]}],"is_beta":false,"boss_relics":[{"not_picked":["Philosopher\u0027s Stone","Fusion Hammer"],"picked":"Astrolabe"}],"items_purged_floors":[],"is_endless":false,"potions_floor_spawned":[2,3,7,14,16,19,24,29],"killed_by":"Snake Plant","ascension_level":0}}