{"host":"69rply1jf2d1wbmp","time":1609945337,"event":{"mods":["BaseMod","Minty Spire (QoL Compilation)","Quick Restart"],"gold_per_floor":[116,116,136,14,31,61,61,90,115,115,126,126,146,158,158,260,260,272,286,34,44,54,82,82,42,42,52,52,81,98,98,98],"floor_reached":31,"playtime":994,"items_purged":[],"score":289,"play_id":"449b3732-0301-4d30-89a9-f6c556849cc1","local_time":"20210106100217","is_ascension_mode":false,"campfire_choices":[{"floor":7,"key":"REST"},{"data":"Armaments","floor":10,"key":"SMITH"},{"data":"Juggernaut","floor":15,"key":"SMITH"},{"floor":24,"key":"REST"},{"floor":28,"key":"REST"}],"circlet_count":0,"master_deck":["Strike_R","Strike_R","Strike_R","Strike_R","Defend_R","Defend_R","Defend_R","Bash","Twin Strike","Power Through","Metallicize","Armaments+1","Juggernaut+1","Evolve","Juggernaut","Fire Breathing","Pain","Rampage+1"],"relics":["Burning Blood","NeowsBlessing","Boot","Vajra","Cursed Key","Bottled Tornado","PreservedInsect","Molten Egg 2","Mummified Hand"],"acts_visited":["Exordium","TheCity"],"potions_floor_usage":[16,16,16,23,23,23,23,27,27,27,27,29],"damage_taken":[{"damage":0,"enemies":"Jaw Worm","floor":1,"turns":1},{"damage":0,"enemies":"Cultist","floor":3,"turns":1},{"damage":0,"enemies":"2 Louse","floor":5,"turns":1},{"damage":37,"enemies":"Gremlin Nob","floor":6,"turns":5},{"damage":34,"enemies":"3 Sentries","floor":8,"turns":9},{"damage":5,"enemies":"Looter","floor":11,"turns":3},{"damage":0,"enemies":"Exordium Wildlife","floor":13,"turns":4},{"damage":2,"enemies":"Blue Slaver","floor":14,"turns":5},{"damage":33,"enemies":"The Guardian","floor":16,"turns":7},{"damage":12,"enemies":"Chosen","floor":18,"turns":5},{"damage":25,"enemies":"Shell Parasite","floor":19,"turns":5},{"damage":16,"enemies":"Shelled Parasite and Fungi","floor":21,"turns":5},{"damage":14,"enemies":"Snecko","floor":22,"turns":4},{"damage":23,"enemies":"Slavers","floor":23,"turns":5},{"damage":15,"enemies":"3 Cultists","floor":27,"turns":5},{"damage":27,"enemies":"Gremlin Leader","floor":29,"turns":6},{"damage":25,"enemies":"Centurion and Healer","floor":30,"turns":5},{"damage":20,"enemies":"Snake Plant","floor":31,"turns":3}],"seed_played":"8703897662671138962","potions_obtained":[{"floor":6,"key":"DuplicationPotion"},{"floor":13,"key":"BloodPotion"},{"floor":14,"key":"Weak Potion"},{"floor":18,"key":"Explosive Potion"},{"floor":19,"key":"Swift Potion"},{"floor":22,"key":"EntropicBrew"},{"floor":27,"key":"GamblersBrew"}],"is_trial":false,"path_per_floor":["M","?","M","$","M","E","R","E","T","R","M","?","M","M","R","B",null,"M","M","$","M","M","E","R","$","T","M","R","E","M","M"],"character_chosen":"IRONCLAD","items_purchased":["Metallicize","Armaments","Bottled Tornado","Fire Breathing"],"campfire_rested":3,"item_purchase_floors":[4,4,20,25],"current_hp_per_floor":[80,80,80,80,80,49,73,45,45,45,46,39,45,49,49,38,80,74,55,55,45,37,20,44,44,44,35,59,38,19,0,0],"gold":98,"neow_bonus":"THREE_ENEMY_KILL","is_daily":false,"chose_seed":false,"campfire_upgraded":2,"win_rate":0.0,"timestamp":1609945337,"path_taken":["M","?","M","$","M","E","R","E","T","R","?","?","M","M","R","BOSS","M","M","$","M","M","E","R","$","T","M","R","E","M","M"],"items_purchased_type":["Card","Card","Relic","Card"],"build_version":"2020-12-22","purchased_purges":0,"victory":false,"max_hp_per_floor":[80,80,80,80,80,80,80,80,80,80,80,80,80,80,80,80,80,80,80,80,80,80,80,80,80,80,80,80,80,80,80,80],"card_choices":[{"not_picked":["True Grit","Body Slam"],"picked":"Twin Strike","floor":1},{"not_picked":["Clothesline","Burning Pact"],"picked":"Power Through","floor":3},{"not_picked":["Anger","Clash"],"picked":"Juggernaut","floor":5},{"not_picked":["Iron Wave","Entrench","Wild Strike"],"picked":"SKIP","floor":6},{"not_picked":["Thunderclap","Headbutt"],"picked":"Evolve","floor":8},{"not_picked":["Warcry","True Grit","Blood for Blood"],"picked":"SKIP","floor":11},{"not_picked":["Blood for Blood","Pommel Strike","Seeing Red"],"picked":"SKIP","floor":13},{"not_picked":["Double Tap","Battle Trance","Perfected Strike"],"picked":"SKIP","floor":14},{"not_picked":["Bludgeon","Fiend Fire"],"picked":"Juggernaut","floor":16},{"not_picked":["True Grit","Thunderclap","Wild Strike"],"picked":"SKIP","floor":18},{"not_picked":["Havoc","Clothesline","Anger+1"],"picked":"SKIP","floor":19},{"not_picked":["Sword Boomerang","Inflame","Flex"],"picked":"SKIP","floor":21},{"not_picked":["Clash","Sentinel+1","Twin Strike"],"picked":"SKIP","floor":22},{"not_picked":["Whirlwind","Twin Strike","Rupture+1"],"picked":"SKIP","floor":23},{"not_picked":["Intimidate","Thunderclap+1"],"picked":"Rampage+1","floor":27},{"not_picked":["Heavy Blade+1","Shockwave+1","Offering"],"picked":"SKIP","floor":29},{"not_picked":["Ghostly Armor","Sword Boomerang+1","Evolve"],"picked":"SKIP","floor":30}],"player_experience":421717,"relics_obtained":[{"floor":6,"key":"Boot"},{"floor":8,"key":"Vajra"},{"floor":23,"key":"PreservedInsect"},{"floor":26,"key":"Molten Egg 2"},{"floor":29,"key":"Mummified Hand"}],"event_choices":[{"cards_removed":["Strike_R"],"damage_healed":0,"gold_gain":0,"player_choice":"Offered Basic","damage_taken":0,"max_hp_gain":0,"max_hp_loss":0,"event_name":"Bonfire Elementals","floor":2,"gold_loss":0},{"cards_removed":["Defend_R"],"damage_healed":0,"gold_gain":0,"player_choice":"Card Removal","damage_taken":7,"max_hp_gain":0,"max_hp_loss":0,"event_name":"Golden Wing","floor":12,"gold_loss":0}],"is_beta":false,"boss_relics":[{"not_picked":["Fusion Hammer","Tiny House"],"picked":"Cursed Key"}],"items_purged_floors":[],"is_endless":false,"potions_floor_spawned":[6,13,14,18,19,22,27],"killed_by":"Snake Plant","ascension_level":0}}