{"host":"mtg945c5jssv10ty","time":1609897147,"event":{"mods":["Ascension Unlocker","BaseMod","Downfall","Minty Spire (QoL Compilation)","StSLib","SuperFastMode"],"gold_per_floor":[99,117,127,127,143,143,167,0,31,31,131,149,149,163,178,277,277,277,295,295,308,308,308,308,408,419,419,430,100,100,112,125,230,230,230,249,263,15,65,418,443,443,457,485,485,495,125,125,138,138],"floor_reached":51,"playtime":2209,"items_purged":["sneckomod:Defend","sneckomod:Strike+1"],"score":839,"play_id":"3f56b123-a149-45c7-88f7-8ba0c18f7336","local_time":"20210105203907","is_ascension_mode":true,"campfire_choices":[{"data":"sneckomod:TailWhip","floor":1.0,"key":"SMITH"},{"floor":27.0,"key":"REST"},{"floor":30.0,"key":"REST"},{"data":"sneckomod:Unknown3Cost","floor":35,"key":"SMITH"},{"floor":42,"key":"REST"},{"data":"Reboot","floor":45,"key":"SMITH"}],"circlet_count":0,"master_deck":["sneckomod:TailWhip+1","sneckomod:SnekBite+1","sneckomod:Unknown","sneckomod:MasterEye","sneckomod:CheapStock","sneckomod:CheapStock","sneckomod:UnknownBlock","Self Repair","Scrape","sneckomod:SerpentMind","sneckomod:Unknown3Cost","Meteor Strike","sneckomod:MasterEye","Guardian:WalkerClaw","sneckomod:MasterEye","sneckomod:Rotation","sneckomod:SoulCleanse","sneckomod:CheapStock","expansioncontent:CaCaw","sneckomod:TrashToTreasure","sneckomod:Restock","Fusion+1","sneckomod:PureSnecko+1","sneckomod:UnknownUncommonAttack+1","sneckomod:SnakeSap","Guardian:ConstructionForm+1","sneckomod:SlitherStrike+1","Reboot+1","sneckomod:Unknown3Cost","sneckomod:MasterEye","sneckomod:UnknownClassTHE_BRONZE_AUTOMATON","sneckomod:UnknownDraw","Glacier"],"relics":["sneckomod:SuperSneckoSoul","Whetstone","Strawberry","MealTicket","Empty Cage","sneckomod:BabySnecko","Bottled Tornado","downfall:GremlinWheel","Oddly Smooth Stone","HandDrill","Sundial","Calipers","Old Coin","Anchor","Molten Egg 2","OrangePellets"],"acts_visited":["Exordium","TheCity","TheBeyond"],"potions_floor_usage":[46,50],"damage_taken":[{"damage":1.0,"enemies":"Jaw Worm","floor":2.0,"turns":4.0},{"damage":5.0,"enemies":"Small Slimes","floor":3.0,"turns":3.0},{"damage":4.0,"enemies":"Cultist","floor":5.0,"turns":3.0},{"damage":10.0,"enemies":"downfall:FleeingMerchant","floor":8.0,"turns":4.0},{"damage":7.0,"enemies":"Gremlin Nob","floor":9.0,"turns":3.0},{"damage":16.0,"enemies":"Exordium Wildlife","floor":12.0,"turns":4.0},{"damage":5.0,"enemies":"Large Slime","floor":14.0,"turns":4.0},{"damage":17.0,"enemies":"Exordium Thugs","floor":15.0,"turns":4.0},{"damage":37.0,"enemies":"downfall:Defect","floor":16.0,"turns":9.0},{"damage":9.0,"enemies":"Shell Parasite","floor":19.0,"turns":4.0},{"damage":0.0,"enemies":"Chosen","floor":21.0,"turns":5.0},{"damage":50.0,"enemies":"Chosen","floor":25.0,"turns":5.0},{"damage":42.0,"enemies":"Shelled Parasite and Fungi","floor":26.0,"turns":4.0},{"damage":15.0,"enemies":"Snecko","floor":28.0,"turns":3.0},{"damage":15.0,"enemies":"downfall:FleeingMerchant","floor":29.0,"turns":4.0},{"damage":44.0,"enemies":"Centurion and Healer","floor":31.0,"turns":4.0},{"damage":12.0,"enemies":"Shelled Parasite and Fungi","floor":32.0,"turns":3.0},{"damage":11.0,"enemies":"downfall:Watcher","floor":33.0,"turns":4.0},{"damage":48,"enemies":"3 Shapes","floor":36,"turns":4},{"damage":35,"enemies":"3 Darklings","floor":37,"turns":4},{"damage":24,"enemies":"3 Darklings","floor":39,"turns":4},{"damage":25,"enemies":"2 Orb Walkers","floor":40,"turns":3},{"damage":0,"enemies":"Maw","floor":43,"turns":3},{"damage":0,"enemies":"Giant Head","floor":44,"turns":4},{"damage":16,"enemies":"Jaw Worm Horde","floor":46,"turns":3},{"damage":0,"enemies":"Spire Growth","floor":49,"turns":4},{"damage":24,"enemies":"ArchetypeAct3BlockNewAge","floor":50,"turns":4}],"seed_played":"-7297367971239711301","potions_obtained":[{"floor":2.0,"key":"Weak Potion"},{"floor":3.0,"key":"SteroidPotion"},{"floor":9.0,"key":"Slimebound:ThreeZeroPotion"},{"floor":14.0,"key":"sneckomod:OffclassReductionPotion"},{"floor":16.0,"key":"hexamod:SoulburnPotion"},{"floor":21.0,"key":"FairyPotion"},{"floor":25.0,"key":"Energy Potion"},{"floor":28.0,"key":"DuplicationPotion"},{"floor":37,"key":"Block Potion"},{"floor":39,"key":"Slimebound:ThreeZeroPotion"}],"is_trial":false,"path_per_floor":["R","M","M","?","M","?","T","$","E","R","?","M","R","M","M","B",null,"R","M","?","M","?","R","T","?","M","R","M","$","R","M","M","B",null,"R","M","M","$","?","?","T","R","M","E","R","M","$","?","M","B",null],"character_chosen":"THE_SNECKO","items_purchased":["sneckomod:CheapStock","sneckomod:CheapStock","Oddly Smooth Stone","expansioncontent:CaCaw","sneckomod:TrashToTreasure","HandDrill","Sundial","sneckomod:MasterEye","sneckomod:UnknownClassTHE_BRONZE_AUTOMATON","OrangePellets","EntropicBrew"],"campfire_rested":3,"item_purchase_floors":[8,29,29,29,29,29,38,47,47,47,47],"current_hp_per_floor":[90,89,84,84,80,80,87,77,70,70,70,61,61,63,53,23,97,97,95,95,97,97,97,97,47,5,34,26,33,62,25,20,16,97,97,56,28,43,26,8,8,37,44,44,44,35,50,50,57,40],"gold":138,"neow_bonus":"RANDOM_COMMON_RELIC","is_daily":false,"chose_seed":false,"campfire_upgraded":3,"win_rate":0.0,"timestamp":1609897147,"path_taken":["R","M","M","?","M","?","T","$","E","R","?","M","R","?","M","BOSS","R","M","?","M","?","R","T","?","?","R","M","$","R","M","M","BOSS","R","M","M","$","?","?","T","R","M","E","R","M","$","?","M","BOSS"],"items_purchased_type":["Card","Card","Relic","Card","Card","Relic","Relic","Card","Card","Relic","Potion"],"build_version":"2020-12-22","purchased_purges":2,"victory":true,"max_hp_per_floor":[90,90,90,90,90,90,97,97,97,97,97,97,97,97,97,97,97,97,97,97,97,97,97,97,97,97,97,97,97,97,97,97,97,97,97,97,97,97,97,97,97,97,97,97,97,97,97,97,97,97],"card_choices":[{"not_picked":["sneckomod:SerpentIdol","sneckomod:UnknownVulnerable"],"picked":"sneckomod:UnknownUncommonPower","floor":2.0},{"not_picked":["sneckomod:UnknownWeak","sneckomod:Nope"],"picked":"sneckomod:MasterEye","floor":3.0},{"not_picked":["sneckomod:IronFang","sneckomod:UnknownWeak"],"picked":"sneckomod:CheapStock","floor":5.0},{"not_picked":["sneckomod:RainOfDice","sneckomod:ImprovisedGuard"],"picked":"sneckomod:UnknownStrike","floor":8.0},{"not_picked":["sneckomod:WideSting","sneckomod:SnekBeam"],"picked":"sneckomod:UnknownBlock","floor":9.0},{"not_picked":["sneckomod:SoulDraw","sneckomod:UnknownBlock"],"picked":"sneckomod:UnknownUncommonAttack","floor":12.0},{"not_picked":["sneckomod:UnknownVulnerable","sneckomod:DiceBlock"],"picked":"sneckomod:SerpentMind","floor":14.0},{"not_picked":["sneckomod:WideSting","sneckomod:QuickMove","sneckomod:DiceBoulder"],"picked":"SKIP","floor":15.0},{"not_picked":["sneckomod:UnknownColorless","sneckomod:UnknownRareSkill"],"picked":"sneckomod:Unknown3Cost","floor":16.0},{"not_picked":["sneckomod:UnknownClassHEXA_GHOST_PURPLE","sneckomod:UnknownUncommonSkill"],"picked":"sneckomod:MasterEye","floor":19.0},{"not_picked":["sneckomod:UnknownClassSLIMEBOUND+1","sneckomod:UnknownWeak"],"picked":"sneckomod:UnknownStrength","floor":21.0},{"not_picked":["sneckomod:UnknownClassHEXA_GHOST_PURPLE","sneckomod:DiceBlock"],"picked":"sneckomod:MasterEye","floor":26.0},{"not_picked":["sneckomod:UnknownClassHEXA_GHOST_PURPLE","sneckomod:UnknownClassBLUE"],"picked":"sneckomod:Rotation","floor":28.0},{"not_picked":["sneckomod:QuickMove+1","sneckomod:UnknownBlock"],"picked":"sneckomod:SoulCleanse","floor":29.0},{"not_picked":["sneckomod:UnknownClassBLUE+1","sneckomod:Nope"],"picked":"sneckomod:Unknown2Cost+1","floor":31.0},{"not_picked":["sneckomod:RainOfDice","sneckomod:UnknownBlock+1"],"picked":"sneckomod:Unknown3Cost","floor":32.0},{"not_picked":["sneckomod:Mudshield","sneckomod:UnknownColorless"],"picked":"sneckomod:Restock","floor":33.0},{"not_picked":["sneckomod:UnknownClassRED","sneckomod:UnknownClassPURPLE+1"],"picked":"sneckomod:UnknownExhaust","floor":36},{"not_picked":["sneckomod:IronFang+1","sneckomod:UnknownClassSLIMEBOUND+1"],"picked":"sneckomod:PureSnecko+1","floor":37},{"not_picked":["sneckomod:UnknownUncommonPower","sneckomod:IronFang"],"picked":"sneckomod:UnknownUncommonAttack+1","floor":39},{"not_picked":["sneckomod:UnknownBlock","sneckomod:UnknownCommonSkill+1"],"picked":"sneckomod:SnakeSap","floor":40},{"not_picked":["sneckomod:UnknownClassHEXA_GHOST_PURPLE","sneckomod:UnknownWeak+1","sneckomod:UnknownClassTHE_CHAMP_GRAY+1"],"picked":"SKIP","floor":43},{"not_picked":["sneckomod:UnknownClassTHE_CHAMP_GRAY","sneckomod:Unknown0Cost"],"picked":"sneckomod:SlitherStrike+1","floor":44},{"not_picked":["sneckomod:MasterEye","sneckomod:CheapStock"],"picked":"sneckomod:Unknown3Cost","floor":46},{"not_picked":["sneckomod:SnakeSap+1","sneckomod:SlitherStrike+1"],"picked":"sneckomod:UnknownDraw","floor":49}],"player_experience":189365,"relics_obtained":[{"floor":7.0,"key":"Strawberry"},{"floor":9.0,"key":"MealTicket"},{"floor":24.0,"key":"Bottled Tornado"},{"floor":25.0,"key":"downfall:GremlinWheel"},{"floor":39,"key":"Calipers"},{"floor":40,"key":"Old Coin"},{"floor":41,"key":"Anchor"},{"floor":44,"key":"Molten Egg 2"}],"event_choices":[{"cards_removed":["sneckomod:Defend"],"damage_healed":0.0,"max_hp_gain":0.0,"max_hp_loss":0.0,"gold_gain":0.0,"event_name":"The Cleric","player_choice":"Card Removal","floor":6.0,"gold_loss":0.0,"damage_taken":0.0},{"cards_removed":["downfall:Bewildered"],"damage_healed":0.0,"max_hp_gain":0.0,"max_hp_loss":0.0,"gold_gain":0.0,"event_name":"Wheel of Change","player_choice":"Card Removal","floor":27.0,"gold_loss":0.0,"damage_taken":0.0},{"damage_healed":0,"gold_gain":0,"player_choice":"Fight","damage_taken":0,"max_hp_gain":0,"max_hp_loss":0,"event_name":"Mysterious Sphere","floor":40,"gold_loss":0}],"is_beta":false,"boss_relics":[{"not_picked":["Black Star","bronze:MakeshiftBattery"],"picked":"Empty Cage"},{"not_picked":["Sozu","Fusion Hammer"],"picked":"sneckomod:SuperSneckoSoul"}],"items_purged_floors":[8,29],"is_endless":false,"potions_floor_spawned":[2,3,9,14,16,21,25,28,32,37,39,43],"ascension_level":1}}