{"host":"2ifzph3yvi2kkz1c","time":1609964991,"event":{"mods":["BaseMod","BetterRewards","Jedi Mod","Minty Spire (QoL Compilation)","Permanent Neow","Replay The Spire","StSLib","The Bug Knight","vexMod"],"gold_per_floor":[114,114,127,138,90,125,125,138,163,179,190,209,221,25,25,132,132,156,166,265,42,65,100,25,60,60,71,71,90,130,130,139,139,139],"floor_reached":33,"playtime":3421,"items_purged":["HollowMod:NewGlowingWomb"],"score":352,"play_id":"34a8186e-dab6-4cde-9054-fb5f0cffc4a2","local_time":"20210106152951","is_ascension_mode":true,"campfire_choices":[{"data":"HollowMod:QuirrelsAssistance","floor":7,"key":"SMITH"},{"data":"HollowMod:HowlingWraiths","floor":15,"key":"SMITH"},{"data":"HollowMod:MantisMark","floor":28,"key":"SMITH"}],"circlet_count":0,"master_deck":["HollowMod:NailStrikeStart","HollowMod:NailStrikeStart","HollowMod:NailStrikeStart","HollowMod:NailStrikeStart","HollowMod:QuickDashStart","HollowMod:QuickDashStart","HollowMod:QuickDashStart","HollowMod:QuickDashStart","HollowMod:FocusHealStart","HollowMod:PogoStrike+1","HollowMod:NewLittleFool","HollowMod:SoulSplash","HollowMod:QuirrelsAssistance+1","HollowMod:HowlingWraiths+1","HollowMod:theNailsmith","HollowMod:MantisMark+1","HollowMod:CornifersMapStart","HollowMod:GoodIntentions","jedi:thedog"],"relics":["HollowMod:KingsSoulRelic","Potion Belt","Toy Ornithopter","Nunchaku","CeramicFish","Replay:Baseball","Simple Rune","Gremlin Food","Darkstone Periapt","Strawberry","Blood Vial"],"acts_visited":["Exordium","TheCity"],"potions_floor_usage":[6,16,16,16,23,25,27,30,33],"damage_taken":[{"damage":1,"enemies":"Jaw Worm","floor":1,"turns":3},{"damage":0,"enemies":"Cultist","floor":3,"turns":4},{"damage":0,"enemies":"Small Slimes","floor":4,"turns":2},{"damage":8,"enemies":"Gremlin Nob","floor":6,"turns":3},{"damage":4,"enemies":"Looter","floor":8,"turns":3},{"damage":2,"enemies":"Blue Slaver","floor":10,"turns":4},{"damage":14,"enemies":"2 Fungi Beasts","floor":11,"turns":3},{"damage":0,"enemies":"3 Louse","floor":12,"turns":2},{"damage":16,"enemies":"Large Slime","floor":13,"turns":5},{"damage":27,"enemies":"Hexaghost","floor":16,"turns":8},{"damage":5,"enemies":"Spheric Guardian","floor":18,"turns":3},{"damage":20,"enemies":"Shell Parasite","floor":19,"turns":5},{"damage":4,"enemies":"3 Cultists","floor":22,"turns":4},{"damage":9,"enemies":"Gremlin Leader","floor":23,"turns":5},{"damage":31,"enemies":"Replay:Snechameleon","floor":25,"turns":7},{"damage":10,"enemies":"Chosen and Byrds","floor":27,"turns":4},{"damage":21,"enemies":"Snake Plant","floor":29,"turns":6},{"damage":16,"enemies":"HollowMod:Nosk","floor":30,"turns":6},{"damage":1051,"enemies":"Champ","floor":33,"turns":12}],"seed_played":"7459584580684487826","potions_obtained":[{"floor":4,"key":"ColorlessPotion"},{"floor":6,"key":"Swift Potion"},{"floor":12,"key":"Strength Potion"},{"floor":16,"key":"EssenceOfSteel"},{"floor":19,"key":"AttackPotion"},{"floor":22,"key":"FearPotion"},{"floor":23,"key":"Elixir"},{"floor":25,"key":"FearPotion"}],"is_trial":false,"path_per_floor":["M","?","M","M","$","E","R","M","T","M","M","M","M","$","R","B",null,"M","M","?","$","M","E","?","E","T","M","R","M","E","?","R","B"],"character_chosen":"THE_BUGKNIGHT","items_purchased":["Strength Potion","CeramicFish","Strength Potion","Replay:Baseball"],"campfire_rested":0,"item_purchase_floors":[5,14,14,21],"current_hp_per_floor":[74,74,75,75,75,67,67,69,69,67,59,59,49,49,49,43,75,70,56,56,56,58,54,59,43,43,44,44,33,35,43,49,0,0],"gold":139,"neow_bonus":"UPGRADE_CARD","is_daily":false,"chose_seed":false,"campfire_upgraded":3,"win_rate":0.0,"timestamp":1609964991,"path_taken":["M","?","M","M","$","E","R","?","T","M","M","M","M","$","R","BOSS","M","?","?","?","M","E","?","E","T","M","R","?","E","?","R","BOSS"],"items_purchased_type":["Potion","Relic","Potion","Relic"],"build_version":"2020-12-22","purchased_purges":1,"victory":false,"max_hp_per_floor":[75,75,75,75,75,75,75,75,75,75,75,75,75,75,75,75,75,75,75,75,75,75,75,80,80,80,80,80,80,87,87,93,93,93],"card_choices":[{"not_picked":["HollowMod:HeavyBlow","HollowMod:NewJinnsSoul"],"picked":"HollowMod:AbyssShriek","floor":1},{"not_picked":["HollowMod:CoiledNail","HollowMod:HeavyBlow"],"picked":"HollowMod:NewLittleFool","floor":3},{"not_picked":["HollowMod:NewJinnsSoul","HollowMod:InfectionAssault"],"picked":"HollowMod:SoulSplash","floor":4},{"not_picked":["HollowMod:MothsMistake","HollowMod:CrystalDash"],"picked":"HollowMod:QuirrelsAssistance","floor":6},{"not_picked":["HollowMod:MonarchWings","HollowMod:HeavyBlow"],"picked":"HollowMod:NewGlowingWomb","floor":8},{"not_picked":["HollowMod:DesolateDive","HollowMod:HeavyBlow","HollowMod:SoulShaman"],"picked":"SKIP","floor":10},{"not_picked":["HollowMod:SoulShaman","HollowMod:AwokenDreamNail","HollowMod:MonarchWings"],"picked":"SKIP","floor":11},{"not_picked":["HollowMod:CornifersMapStart","HollowMod:VengefulVoid","HollowMod:HeavyBlow"],"picked":"SKIP","floor":12},{"not_picked":["HollowMod:NewJinnsSoul","HollowMod:VengefulSpirit"],"picked":"HollowMod:HowlingWraiths","floor":13},{"not_picked":["HollowMod:ZotesMagnificence","HollowMod:AwokenDreamNail"],"picked":"HollowMod:theNailsmith","floor":16},{"not_picked":["HollowMod:BrokenVessel+1","HollowMod:WraithStrike+1"],"picked":"HollowMod:MantisMark","floor":18},{"not_picked":["HollowMod:MantisMark","HollowMod:WraithStrike+1","HollowMod:VengefulVoid"],"picked":"SKIP","floor":19},{"not_picked":["HollowMod:NewLittleFool+1","HollowMod:NewGlowingWomb+1"],"picked":"HollowMod:CornifersMapStart","floor":22},{"not_picked":["HollowMod:CycloneSlash","HollowMod:DescendingDark+1","HollowMod:RecoilStrike"],"picked":"SKIP","floor":23},{"not_picked":["HollowMod:SoulSplash+1","HollowMod:GrimmsGift+1","HollowMod:SoulStrike"],"picked":"SKIP","floor":25},{"not_picked":["HollowMod:DescendingDark","HollowMod:MothsMistake+1","HollowMod:GoodIntentions"],"picked":"SKIP","floor":27},{"not_picked":["HollowMod:PerfectDash","HollowMod:DreamGate+1","HollowMod:TaintedHusks"],"picked":"SKIP","floor":29},{"not_picked":["HollowMod:HowlingWraiths","HollowMod:TaintedHusks"],"picked":"HollowMod:GoodIntentions","floor":30}],"player_experience":378290,"relics_obtained":[{"floor":6,"key":"Toy Ornithopter"},{"floor":9,"key":"Nunchaku"},{"floor":23,"key":"Simple Rune"},{"floor":25,"key":"Gremlin Food"},{"floor":26,"key":"Darkstone Periapt"},{"floor":30,"key":"Strawberry"}],"event_choices":[{"cards_removed":["HollowMod:AbyssShriek"],"damage_healed":0,"gold_gain":0,"player_choice":"Gave Card","damage_taken":0,"relics_obtained":["Potion Belt"],"max_hp_gain":0,"max_hp_loss":0,"event_name":"WeMeetAgain","floor":2,"gold_loss":0},{"damage_healed":0,"gold_gain":99,"player_choice":"Stole From Cult","damage_taken":0,"max_hp_gain":0,"max_hp_loss":0,"event_name":"Nest","floor":20,"gold_loss":0}],"is_beta":false,"boss_relics":[{"not_picked":["Replay:Drink Me","Fusion Hammer"],"picked":"HollowMod:KingsSoulRelic"}],"items_purged_floors":[21],"is_endless":false,"potions_floor_spawned":[4,6,12,16,19,22,23,25],"killed_by":"Champ","ascension_level":1}}