{"host":"fxh4234sf5pb3xr6","time":1609920402,"event":{"mods":["BaseMod","Colored Map","Colored Powertips","Minty Spire (QoL Compilation)","StSLib"],"gold_per_floor":[112,112,128,128,138,163,163,183,183,208,224,250,280,293,293,395,395,405,405,20,39,59,59,59,59],"floor_reached":24,"playtime":1419,"items_purged":["Strike_P"],"score":279,"play_id":"e3b47ade-c39e-4112-ab00-887632b71087","local_time":"20210106030642","is_ascension_mode":true,"campfire_choices":[{"data":"Vigilance","floor":7,"key":"SMITH"},{"floor":15,"key":"REST"},{"floor":23,"key":"REST"}],"circlet_count":0,"master_deck":["Strike_P","Strike_P","Strike_P","Defend_P","Defend_P","Defend_P","Defend_P","Eruption+1","Vigilance+1","FollowUp","ReachHeaven","SashWhip","FollowUp","DevaForm","DeusExMachina","Prostrate","Fasting2","EmptyFist"],"relics":["PureWater","Toy Ornithopter","Thread and Needle","Calipers","Du-Vu Doll","Eternal Feather","GoldenEye","Bag of Preparation","FossilizedHelix"],"acts_visited":["Exordium","TheCity"],"potions_floor_usage":[6,6,10,16,22,22,24],"damage_taken":[{"damage":10,"enemies":"Jaw Worm","floor":1,"turns":4},{"damage":3,"enemies":"Small Slimes","floor":3,"turns":3},{"damage":0,"enemies":"2 Louse","floor":5,"turns":1},{"damage":8,"enemies":"Lagavulin","floor":6,"turns":4},{"damage":4,"enemies":"Large Slime","floor":8,"turns":4},{"damage":0,"enemies":"3 Sentries","floor":10,"turns":4},{"damage":3,"enemies":"Gremlin Gang","floor":11,"turns":3},{"damage":21,"enemies":"Gremlin Nob","floor":12,"turns":4},{"damage":2,"enemies":"Looter","floor":14,"turns":4},{"damage":60,"enemies":"Hexaghost","floor":16,"turns":8},{"damage":3,"enemies":"Chosen","floor":18,"turns":4},{"damage":8,"enemies":"3 Byrds","floor":21,"turns":6},{"damage":44,"enemies":"Snake Plant","floor":22,"turns":3},{"damage":67,"enemies":"Slavers","floor":24,"turns":4}],"seed_played":"-1707672802532717794","potions_obtained":[{"floor":3,"key":"EntropicBrew"},{"floor":8,"key":"LiquidMemories"},{"floor":11,"key":"Regen Potion"}],"is_trial":false,"path_per_floor":["M","?","M","?","M","E","R","M","T","E","M","E","?","M","R","B",null,"M","?","$","M","M","R","E"],"character_chosen":"WATCHER","items_purchased":["FossilizedHelix"],"campfire_rested":2,"item_purchase_floors":[20],"current_hp_per_floor":[62,62,59,41,41,43,43,39,39,44,41,20,20,18,48,7,72,69,69,69,61,27,57,0,0],"gold":59,"neow_bonus":"RANDOM_COMMON_RELIC","is_daily":false,"chose_seed":false,"campfire_upgraded":1,"win_rate":0.0,"timestamp":1609920402,"path_taken":["M","?","M","?","M","E","R","M","T","E","M","E","?","M","R","BOSS","M","?","$","M","M","R","E"],"items_purchased_type":["Relic"],"build_version":"2020-12-22","purchased_purges":1,"victory":false,"max_hp_per_floor":[72,72,72,72,72,72,72,72,72,72,72,72,72,72,72,72,72,72,72,72,72,72,72,72,72],"card_choices":[{"not_picked":["Evaluate","FlurryOfBlows"],"picked":"FollowUp","floor":1},{"not_picked":["Perseverance","ForeignInfluence"],"picked":"ReachHeaven","floor":3},{"not_picked":["Consecrate","CutThroughFate","Crescendo"],"picked":"SKIP","floor":5},{"not_picked":["Conclude","Meditate"],"picked":"SashWhip","floor":6},{"not_picked":["Indignation","Nirvana"],"picked":"FollowUp","floor":8},{"not_picked":["ClearTheMind","CutThroughFate","Meditate"],"picked":"SKIP","floor":10},{"not_picked":["Consecrate","Adaptation"],"picked":"DevaForm","floor":11},{"not_picked":["Consecrate","Worship","PathToVictory"],"picked":"SKIP","floor":12},{"not_picked":["Halt","SpiritShield","EmptyBody"],"picked":"SKIP","floor":14},{"not_picked":["Brilliance","Omniscience"],"picked":"DeusExMachina","floor":16},{"not_picked":["Swivel","PathToVictory"],"picked":"Prostrate","floor":18},{"not_picked":["WreathOfFlame+1","Indignation","Halt"],"picked":"SKIP","floor":21},{"not_picked":["Consecrate","InnerPeace+1"],"picked":"EmptyFist","floor":22}],"player_experience":311958,"relics_obtained":[{"floor":6,"key":"Calipers"},{"floor":9,"key":"Du-Vu Doll"},{"floor":10,"key":"Eternal Feather"},{"floor":12,"key":"GoldenEye"}],"event_choices":[{"damage_healed":0,"gold_gain":0,"player_choice":"Grow","damage_taken":0,"max_hp_gain":0,"max_hp_loss":0,"event_name":"Living Wall","floor":2,"gold_loss":0,"cards_upgraded":["Eruption"]},{"damage_healed":0,"gold_gain":0,"player_choice":"Success","damage_taken":18,"relics_obtained":["Thread and Needle"],"max_hp_gain":0,"max_hp_loss":0,"event_name":"Scrap Ooze","floor":4,"gold_loss":0},{"damage_healed":0,"gold_gain":30,"player_choice":"Searched \u00272\u0027 times","damage_taken":0,"relics_obtained":["Bag of Preparation"],"max_hp_gain":0,"max_hp_loss":0,"event_name":"Dead Adventurer","floor":13,"gold_loss":0},{"damage_healed":0,"gold_gain":0,"player_choice":"Read","damage_taken":0,"max_hp_gain":0,"max_hp_loss":0,"event_name":"The Library","floor":19,"gold_loss":0,"cards_obtained":["Fasting2"]}],"is_beta":false,"boss_relics":[{"not_picked":["Runic Dome","Cursed Key","Runic Pyramid"]}],"items_purged_floors":[20],"is_endless":false,"potions_floor_spawned":[3,8,11,14],"killed_by":"Slavers","ascension_level":3}}