{"host":"ylxam20yo7j5dy26","time":1609924859,"event":{"mods":["ATMod(°¢èªMod)","Act Like it!","BaseMod","Conspire","Defuse TimeMaze Blight","Downfall","Gensokyo","Hallownest","Hubris","Infinite Spire","Lobotomy","Minty Spire (QoL Compilation)","Quick Restart","Replay The Spire","Spicy Shops","StSLib","The Cursed","UnlockEverythingMod","vexMod","¡¾ÒÅÎï¿¨ÅÆ¡¿REMEMod"],"gold_per_floor":[99,99,99,99,99,99,99,99,163,178,103,159,209,309,327,457,457,457,469,483,529,514,554,554,564,174,174,185,185,110,110,160,295,295,295,343,443,458,502,502,502,519,560,560,574,574,574,574,574],"floor_reached":47,"playtime":4708,"items_purged":["infinitespire:Pacifist","Slimebound:Defend_Slimebound+1"],"score":509,"play_id":"e757ce05-a92b-4ad9-a533-e7cb4bffc5c9","local_time":"20210106172059","is_ascension_mode":false,"campfire_choices":[{"data":"Wish","floor":1.0,"key":"SMITH"},{"data":"Slimebound:LeechEnergy","floor":6.0,"key":"SMITH"},{"data":"Slimebound:Split","floor":11.0,"key":"SMITH"},{"floor":18.0,"key":"RECALL"},{"data":"Slimebound:SelfFormingGoo","floor":30.0,"key":"SMITH"},{"floor":35.0,"key":"DIG"},{"data":"Slimebound:WasteNot","floor":40.0,"key":"SMITH"},{"data":"hubris:Fate","floor":44.0,"key":"SMITH"}],"circlet_count":0,"master_deck":["Slimebound:Strike_Slimebound+1","Slimebound:Strike_Slimebound+1","Slimebound:Strike_Slimebound+1","Slimebound:Tackle","Slimebound:Defend_Slimebound+1","Slimebound:Defend_Slimebound+1","Slimebound:Defend_Slimebound+1","Slimebound:Split+1","Slimebound:CorrosiveSpit","AT_FamilyPortrait+1","Wish+1","Slimebound:LeechEnergy+1","Slimebound:GrowthPunch","Slimebound:SplitBruiser","Slimebound:RallyTheTroops","Slimebound:RainOfGoop","Slimebound:Nibble","Slimebound:Gluttony","Slimebound:ViciousTackle","Slimebound:WasteNot+1","Slimebound:SlimeBarrage","Slimebound:GoopSpray","Slimebound:Split+1","Discovery","Slimebound:SpikyOuterGoop","Slimebound:LeechEnergy","Slimebound:MassFeed","Slimebound:MassFeed","Slimebound:Prepare+1","Slimebound:SplitMire","Slimebound:AcidTongue+1","Slimebound:Repurpose","Slimebound:SelfFormingGoo+1","Slimebound:LevelUp","hubris:Fate+1","Slimebound:MassRepurpose","Slimebound:SplitMire+1","Slimebound:GrowthPunch+1","Slimebound:SlimeBrawl+1","Slimebound:MegaLick+1","Slimebound:Darklings"],"relics":["Slimebound:AbsorbEndCombat","AT_ATBox","REME_ComplimentaryCards","downfall:HeartsMalice","ReplayTheSpireMod:Ring of Challenge","Ring of Hypnosis","Spirit Poop","StrikeDummy","downfall:HeartBlessingBlue","Prayer Wheel","vexMod:InvisibilityCloak","downfall:GremlinSack","Replay:Bronze Core","AT_SeraphEmbrace","AT_SunfireAegis","War Paint","vexMod:MysteryBossChallenge","Slimebound:TarBlob","AT_ChloranthyRing","downfall:HeartBlessingRed","Ring of Chaos","Frozen Egg 2","infinitespire:WardingShard"],"acts_visited":["Exordium","TheCity","TheBeyond"],"potions_floor_usage":[47,47],"damage_taken":[{"damage":0.0,"enemies":"Jaw Worm","floor":4.0,"turns":1.0},{"damage":0.0,"enemies":"2 Louse","floor":5.0,"turns":1.0},{"damage":0.0,"enemies":"Cultist","floor":8.0,"turns":1.0},{"damage":54.0,"enemies":"3 Sentries","floor":9.0,"turns":8.0},{"damage":8.0,"enemies":"downfall:FleeingMerchant","floor":10.0,"turns":4.0},{"damage":36.0,"enemies":"Lagavulin","floor":12.0,"turns":6.0},{"damage":11.0,"enemies":"Lots of Slimes","floor":13.0,"turns":6.0},{"damage":12.0,"enemies":"Lots of Slimes","floor":14.0,"turns":3.0},{"damage":8.0,"enemies":"Blue Slaver","floor":15.0,"turns":3.0},{"damage":63.0,"enemies":"downfall:Ironclad","floor":16.0,"turns":6.0},{"damage":22.0,"enemies":"Chosen","floor":19.0,"turns":4.0},{"damage":45.0,"enemies":"3 Byrds","floor":20.0,"turns":6.0},{"damage":39.0,"enemies":"conspire:HollyBat","floor":21.0,"turns":8.0},{"damage":9.0,"enemies":"downfall:FleeingMerchant","floor":22.0,"turns":5.0},{"damage":43.0,"enemies":"3 Cultists","floor":23.0,"turns":5.0},{"damage":16.0,"enemies":"Chosen and Byrds","floor":25.0,"turns":3.0},{"damage":12.0,"enemies":"downfall:FleeingMerchant","floor":26.0,"turns":5.0},{"damage":27.0,"enemies":"Centurion and Healer","floor":28.0,"turns":4.0},{"damage":35.0,"enemies":"Cultist and Chosen","floor":32.0,"turns":6.0},{"damage":68.0,"enemies":"downfall:Watcher","floor":33.0,"turns":5.0},{"damage":64.0,"enemies":"3 Darklings","floor":36.0,"turns":3.0},{"damage":39.0,"enemies":"Orb Walker","floor":38.0,"turns":3.0},{"damage":51.0,"enemies":"Maw","floor":39.0,"turns":6.0},{"damage":25.0,"enemies":"Jaw Worm Horde","floor":42.0,"turns":4.0},{"damage":60.0,"enemies":"Transient","floor":43.0,"turns":5.0},{"damage":60,"enemies":"Sphere and 2 Shapes","floor":45,"turns":4},{"damage":91,"enemies":"Nightmare","floor":47,"turns":4}],"seed_played":"-2320725027583971804","potions_obtained":[{"floor":12.0,"key":"Fire Potion"},{"floor":13.0,"key":"Fire Potion"},{"floor":14.0,"key":"Ancient Potion"},{"floor":15.0,"key":"Fire Potion"},{"floor":32.0,"key":"Fire Potion"},{"floor":33.0,"key":"Swift Potion"},{"floor":42.0,"key":"Guardian:BlockOnCardUsePotion"},{"floor":45,"key":"infinitespire:BlackPotion"}],"is_trial":false,"path_per_floor":["R","?","?","M","M","R","T","M","E","$","R","E","M","?","M","B",null,"R","M","M","M","$","M","T","M","$","?","M","AVR","R","?","M","B",null,"R","M","?","M","M","R","T","M","M","R","M","?","NM"],"character_chosen":"SLIMEBOUND","items_purchased":["AT_SunfireAegis","War Paint"],"campfire_rested":0,"item_purchase_floors":[26,26],"current_hp_per_floor":[60,60,60,60,60,60,60,60,34,46,56,52,70,70,70,40,70,70,70,54,56,70,62,62,70,70,70,70,70,70,70,73,69,73,73,59,59,59,66,66,66,75,74,74,71,71,0,0,0],"gold":574,"neow_bonus":"THREE_ENEMY_KILL","is_daily":false,"chose_seed":false,"campfire_upgraded":6,"win_rate":0.0,"timestamp":1609924859,"path_taken":["R","?","?","M","M","R","T","?","E","?","R","E","M","?","M","BOSS","R","M","M","M","?","M","T","M","$","?","M","AVR","R","?","M","BOSS","R","M","?","M","M","R","T","?","M","R","M","?","NM"],"items_purchased_type":["Relic","Relic"],"build_version":"2020-12-22","purchased_purges":2,"victory":false,"max_hp_per_floor":[60,60,60,60,60,60,60,60,60,60,70,70,70,70,70,70,70,70,70,70,70,70,70,70,70,70,70,70,70,70,70,73,73,73,73,73,73,76,76,76,76,76,76,76,82,82,82,82,82],"card_choices":[{"not_picked":["Slimebound:ViciousTackle","Slimebound:ComboTackle"],"picked":"Slimebound:LeechEnergy","floor":4.0},{"not_picked":["Slimebound:ComboTackle","Slimebound:Gluttony"],"picked":"Slimebound:GrowthPunch","floor":5.0},{"not_picked":["Slimebound:PressTheAttack","Slimebound:Nibble"],"picked":"Slimebound:SplitBruiser","floor":8.0},{"not_picked":["Slimebound:ViciousTackle","Slimebound:Gluttony"],"picked":"Slimebound:RallyTheTroops","floor":9.0},{"not_picked":["Slimebound:PrepareCrush","Slimebound:Grow"],"picked":"Slimebound:RainOfGoop","floor":10.0},{"not_picked":["Slimebound:GoopSpray","Slimebound:MegaLick"],"picked":"Slimebound:Nibble","floor":12.0},{"not_picked":["Slimebound:SlimeSpikes","Slimebound:Dissolve"],"picked":"Slimebound:Gluttony","floor":13.0},{"not_picked":["Slimebound:LivingWall","Slimebound:RollThrough"],"picked":"Slimebound:ViciousTackle","floor":13.0},{"not_picked":["Slimebound:WasteNot","Slimebound:PressTheAttack"],"picked":"Slimebound:SpikyOuterGoop","floor":14.0},{"not_picked":["Slimebound:SlimeTap","Slimebound:SamplingLick"],"picked":"Slimebound:LeechEnergy","floor":15.0},{"not_picked":["Slimebound:ForwardTackle","Slimebound:GoopTackle","Slimebound:FirmFortitude"],"picked":"SKIP","floor":15.0},{"not_picked":["Slimebound:WasteNot","Slimebound:MinionMaster"],"picked":"Slimebound:MassFeed","floor":16.0},{"not_picked":["Slimebound:SplitAcid","Slimebound:FlameTackle+1","Slimebound:ViciousTackle"],"picked":"SKIP","floor":19.0},{"not_picked":["Slimebound:SamplingLick","Slimebound:SlimeSpikes","Slimebound:Gluttony+1"],"picked":"SKIP","floor":19.0},{"not_picked":["Slimebound:LeechEnergy","Slimebound:SplitLeeching"],"picked":"Slimebound:MassFeed","floor":20.0},{"not_picked":["Slimebound:SplitBruiser","Slimebound:SamplingLick","Slimebound:MegaLick"],"picked":"SKIP","floor":20.0},{"not_picked":["Slimebound:LeechEnergy","Slimebound:ViciousTackle"],"picked":"Slimebound:Prepare","floor":21.0},{"not_picked":["Slimebound:FinishingTackle+1","Slimebound:BestDefense","Slimebound:SamplingLick"],"picked":"SKIP","floor":21.0},{"not_picked":["Slimebound:Dissolve","Slimebound:BestDefense+1"],"picked":"Slimebound:SplitMire","floor":22.0},{"not_picked":["Slimebound:SplitMire","Slimebound:ItLooksTasty"],"picked":"Slimebound:AcidTongue+1","floor":22.0},{"not_picked":["Slimebound:MegaLick+1","Slimebound:Nibble"],"picked":"Slimebound:Repurpose","floor":23.0},{"not_picked":["Slimebound:ViciousTackle","Slimebound:Gluttony+1"],"picked":"Slimebound:SelfFormingGoo","floor":23.0},{"not_picked":["Slimebound:Schlurp","Slimebound:GrowthPunch"],"picked":"Slimebound:LevelUp","floor":25.0},{"not_picked":["Slimebound:Prepare","Slimebound:HauntingLick+1","Slimebound:SamplingLick"],"picked":"SKIP","floor":25.0},{"not_picked":["Slimebound:RollThrough","Slimebound:PressTheAttack+1","Slimebound:Equalize"],"picked":"SKIP","floor":26.0},{"not_picked":["Slimebound:ViciousTackle+1","Slimebound:SplitAcid+1","Slimebound:ForwardTackle"],"picked":"SKIP","floor":28.0},{"not_picked":["Slimebound:SplitMire+1","Slimebound:RejuvenatingLick","Slimebound:FirmFortitude"],"picked":"SKIP","floor":28.0},{"not_picked":["Slimebound:FinishingTackle+1","Slimebound:MassFeed","Slimebound:SplitLeeching"],"picked":"SKIP","floor":32.0},{"not_picked":["Slimebound:SplitAcid","Slimebound:SamplingLick+1","Slimebound:ComboTackle"],"picked":"SKIP","floor":32.0},{"not_picked":["Slimebound:LeechLife","Slimebound:SlimeSlap"],"picked":"Slimebound:MassRepurpose","floor":33.0},{"not_picked":["Slimebound:RollThrough","Slimebound:Dissolve"],"picked":"Slimebound:SplitMire+1","floor":36.0},{"not_picked":["Slimebound:FinishingTackle+1","Slimebound:MegaLick","Slimebound:ForwardTackle"],"picked":"SKIP","floor":36.0},{"not_picked":["Slimebound:GoopSpray","Slimebound:ProtectTheBoss+1","Slimebound:Gluttony+1"],"picked":"SKIP","floor":38.0},{"not_picked":["Slimebound:ViciousTackle","Slimebound:Schlurp+1","Slimebound:Gluttony+1"],"picked":"SKIP","floor":38.0},{"not_picked":["Slimebound:SplitLeeching","Slimebound:SlimeSpikes"],"picked":"Slimebound:GrowthPunch+1","floor":39.0},{"not_picked":["Slimebound:Repurpose+1","Slimebound:SplitMire"],"picked":"Slimebound:SlimeBrawl+1","floor":39.0},{"not_picked":["Slimebound:PressTheAttack+1","Slimebound:SlimeTap+1","Slimebound:GrowthPunch"],"picked":"SKIP","floor":42.0},{"not_picked":["Slimebound:SlimeSpikes+1","Slimebound:Dissolve","Slimebound:Prepare"],"picked":"SKIP","floor":42.0},{"not_picked":["Slimebound:SlimeBrawl+1","Slimebound:BestDefense+1"],"picked":"Slimebound:MegaLick+1","floor":43.0},{"not_picked":["Slimebound:SamplingLick+1","Slimebound:SplitBruiser+1","Slimebound:SplitMire"],"picked":"SKIP","floor":43.0},{"not_picked":["Slimebound:MassFeed","Slimebound:Schlurp+1","Slimebound:FinishingTackle"],"picked":"SKIP","floor":45},{"not_picked":["Slimebound:GrowthPunch+1","Slimebound:LeechEnergy","Slimebound:BestDefense+1"],"picked":"SKIP","floor":45}],"player_experience":76750,"relics_obtained":[{"floor":2.0,"key":"ReplayTheSpireMod:Ring of Challenge"},{"floor":2.0,"key":"Ring of Hypnosis"},{"floor":9.0,"key":"StrikeDummy"},{"floor":12.0,"key":"vexMod:InvisibilityCloak"},{"floor":14.0,"key":"downfall:GremlinSack"},{"floor":24.0,"key":"AT_ArchangelStaff"},{"floor":35.0,"key":"Frozen Egg 2"},{"floor":41.0,"key":"infinitespire:WardingShard"}],"event_choices":[{"cards_removed":["Slimebound:Icky"],"damage_healed":0.0,"max_hp_gain":0.0,"max_hp_loss":0.0,"gold_gain":0.0,"event_name":"Bonfire Elementals","player_choice":"Offered Curse","floor":3.0,"gold_loss":0.0,"damage_taken":0.0,"relics_obtained":["Spirit Poop"]},{"damage_healed":0.0,"max_hp_gain":0.0,"max_hp_loss":0.0,"gold_gain":0.0,"event_name":"Back to Basics","player_choice":"Simplicity","floor":27.0,"gold_loss":0.0,"damage_taken":0.0,"cards_upgraded":["Slimebound:Strike_Slimebound","Slimebound:Strike_Slimebound","Slimebound:Strike_Slimebound","Slimebound:Defend_Slimebound","Slimebound:Defend_Slimebound","Slimebound:Defend_Slimebound","Slimebound:Defend_Slimebound"]},{"damage_healed":0.0,"max_hp_gain":0.0,"max_hp_loss":0.0,"gold_gain":0.0,"event_name":"Upgrade Shrine","player_choice":"Upgraded","floor":31.0,"gold_loss":0.0,"damage_taken":0.0,"cards_upgraded":["Slimebound:Split"]}],"is_beta":false,"boss_relics":[{"not_picked":["Sozu","hubris:BlackHole"],"picked":"Replay:Bronze Core"},{"not_picked":["vexMod:RockOfEvil","conspire:SpecialSausage"],"picked":"Ring of Chaos"}],"items_purged_floors":[26,29],"is_endless":false,"potions_floor_spawned":[12,13,14,15,16,20,21,32,33,39,42,45],"killed_by":"Nightmare","ascension_level":0}}