{"host":"ct28ocsd8g8yr2ah","time":1609939982,"event":{"mods":["BaseMod","Better Third Choice","Hermit","Marisa????????","Minty Spire (QoL Compilation)","StSLib","The Animator","The Gatherer","The Servant 0.9.4","Waifu the Spire"],"gold_per_floor":[119,194,194,212,227,227,247,291,361,386,336,336,379,412,412,532,532,562,596,624,624,659,734,313,340,417,428,428,463,47,78,78,192,242,256,321,386,402,139,139,139,139,164,179,193,193,193,208,208,208],"floor_reached":51,"playtime":2068,"items_purged":[],"score":713,"play_id":"ae6bfa16-17a0-463c-bb92-8902d355d584","local_time":"20210106183302","is_ascension_mode":false,"campfire_choices":[{"data":"GalacticHalo","floor":6,"key":"SMITH"},{"floor":12,"key":"REST"},{"data":"FinalSpark","floor":15,"key":"SMITH"},{"floor":28,"key":"REST"},{"floor":32,"key":"REST"},{"data":"JA","floor":40,"key":"SMITH"},{"data":"A Thousand Cuts","floor":42,"key":"SMITH"},{"data":"PowerUp","floor":46,"key":"SMITH"},{"floor":49,"key":"REST"}],"circlet_count":0,"master_deck":["Strike_MRS","Strike_MRS","Defend_MRS","Defend_MRS","Defend_MRS+1","Defend_MRS","MasterSpark+1","UpSweep","PowerUp+1","MysteriousBeam","GalacticHalo+1","WitchOfGreed","FinalSpark+1","DarkMatter+1","SprinkleStarSeal+1","JA+1","WitchLeyline+1","Blind+1","PropBag+1","animator:Saitama+1","Bandage Up+1","Master of Strategy+1","A Thousand Cuts+1","Outmaneuver+1","Bandage Up+1","Parasite","animator:MumenRider+1"],"relics":["MiniHakkero","Calipers","Toxic Egg 2","Blood Vial","Busted Crown","Red Mask","PrismaticShard","Lantern","Bottled Lightning","Membership Card","Shuriken","Tiny House","Du-Vu Doll","CatCart","Lee\u0027s Waffle","Regal Pillow","Boot","AmplifyWand","Ancient Tea Set"],"acts_visited":["Exordium","TheCity","TheBeyond"],"potions_floor_usage":[7,8,16,16,16,16,29,31,31,33,33,33,47,50,50,50],"damage_taken":[{"damage":1,"enemies":"2 Louse","floor":1,"turns":3},{"damage":2,"enemies":"Small Slimes","floor":4,"turns":2},{"damage":1,"enemies":"Cultist","floor":5,"turns":3},{"damage":0,"enemies":"Exordium Wildlife","floor":7,"turns":2},{"damage":18,"enemies":"3 Sentries","floor":8,"turns":7},{"damage":10,"enemies":"Looter","floor":10,"turns":3},{"damage":3,"enemies":"Gremlin Nob","floor":13,"turns":3},{"damage":0,"enemies":"2 Fungi Beasts","floor":14,"turns":2},{"damage":3,"enemies":"Hexaghost","floor":16,"turns":6},{"damage":28,"enemies":"2 Thieves","floor":18,"turns":4},{"damage":5,"enemies":"3 Byrds","floor":19,"turns":5},{"damage":10,"enemies":"Shelled Parasite and Fungi","floor":20,"turns":5},{"damage":28,"enemies":"Masked Bandits","floor":22,"turns":4},{"damage":0,"enemies":"Centurion and Healer","floor":25,"turns":3},{"damage":8,"enemies":"3 Cultists","floor":27,"turns":4},{"damage":9,"enemies":"Shelled Parasite and Fungi","floor":29,"turns":4},{"damage":14,"enemies":"Chosen and Byrds","floor":31,"turns":6},{"damage":18,"enemies":"Champ","floor":33,"turns":14},{"damage":0,"enemies":"3 Shapes","floor":35,"turns":4},{"damage":0,"enemies":"Mind Bloom Boss Battle","floor":36,"turns":5},{"damage":2,"enemies":"Orin","floor":37,"turns":7},{"damage":0,"enemies":"3 Darklings","floor":38,"turns":2},{"damage":16,"enemies":"Writhing Mass","floor":44,"turns":4},{"damage":18,"enemies":"Sphere and 2 Shapes","floor":45,"turns":3},{"damage":8,"enemies":"Jaw Worm Horde","floor":47,"turns":2},{"damage":7,"enemies":"4 Shapes","floor":48,"turns":2},{"damage":107,"enemies":"Awakened One","floor":50,"turns":14}],"seed_played":"5173939519820903445","potions_obtained":[{"floor":4,"key":"AttackPotion"},{"floor":5,"key":"Explosive Potion"},{"floor":8,"key":"AttackPotion"},{"floor":8,"key":"AttackPotion"},{"floor":10,"key":"Dexterity Potion"},{"floor":13,"key":"Strength Potion"},{"floor":14,"key":"AttackPotion"},{"floor":16,"key":"Fruit Juice"},{"floor":18,"key":"Fire Potion"},{"floor":19,"key":"LiquidBronze"},{"floor":19,"key":"FearPotion"},{"floor":29,"key":"PowerPotion"},{"floor":31,"key":"AttackPotion"},{"floor":31,"key":"SpeedPotion"},{"floor":33,"key":"EssenceOfSteel"},{"floor":34,"key":"FearPotion"},{"floor":35,"key":"Weak Potion"},{"floor":36,"key":"SmokeBomb"},{"floor":37,"key":"Dexterity Potion"},{"floor":48,"key":"ColorlessPotion"}],"is_trial":false,"path_per_floor":["M","?","?","M","M","R","M","E","T","M","?","R","E","M","R","B",null,"M","M","M","?","?","?","$","M","T","M","R","M","$","M","R","B",null,"M","?","?","M","$","R","T","R","T","M","M","R","M","M","R","B",null],"character_chosen":"MARISA","items_purchased":["PrismaticShard","Lantern","Blind+1","PropBag+1","Membership Card","Shuriken","Bandage Up+1","Master of Strategy+1","Lee\u0027s Waffle","Regal Pillow","Boot","Bandage Up+1"],"campfire_rested":4,"item_purchase_floors":[24,24,24,24,30,30,30,30,39,39,39,39],"current_hp_per_floor":[74,63,63,61,60,60,60,42,42,32,32,54,51,53,53,57,80,52,49,41,67,41,33,33,35,35,29,53,46,46,40,64,54,85,85,85,85,85,92,92,92,92,92,82,78,78,72,67,92,52],"gold":208,"neow_bonus":"UPGRADE_CARD","is_daily":false,"chose_seed":false,"campfire_upgraded":5,"win_rate":0.0,"timestamp":1609939982,"path_taken":["M","?","?","M","M","R","M","E","T","?","?","R","E","M","R","BOSS","M","M","M","?","?","?","$","M","T","M","R","M","$","M","R","BOSS","M","?","?","M","$","R","?","R","T","M","M","R","M","M","R","BOSS"],"items_purchased_type":["Relic","Relic","Card","Card","Relic","Relic","Card","Card","Relic","Relic","Relic","Card"],"build_version":"2020-12-22","purchased_purges":0,"victory":true,"max_hp_per_floor":[75,75,75,75,75,75,75,75,75,75,75,75,75,75,75,80,80,80,80,80,80,80,80,80,80,80,80,80,80,80,80,80,80,85,85,85,85,85,92,92,92,92,92,92,92,92,92,92,92,92],"card_choices":[{"not_picked":["WitchOfGreed","ShootTheMoon"],"picked":"PowerUp","floor":1},{"not_picked":["OortCloud","RefractionSpark"],"picked":"MysteriousBeam","floor":4},{"not_picked":["AsteroidBelt","StarlightTyphoon"],"picked":"GalacticHalo","floor":5},{"not_picked":["Orbital","DeepEcoloBomb"],"picked":"WitchOfGreed","floor":7},{"not_picked":["GrandCross","IllusionStar","AlicesGift"],"picked":"SKIP","floor":8},{"not_picked":["GravityBeat","DarkSpark"],"picked":"FinalSpark","floor":10},{"not_picked":["RefractionSpark","ShootingEcho"],"picked":"DarkMatter+1","floor":13},{"not_picked":["WitchLeyline","FairyDestructionRay"],"picked":"SprinkleStarSeal+1","floor":14},{"not_picked":["StarDustReverie+1","EscapeVelocity"],"picked":"JA","floor":16},{"not_picked":["DC"],"picked":"SKIP","floor":18},{"not_picked":["StarlightTyphoon+1"],"picked":"SKIP","floor":19},{"not_picked":[],"picked":"WitchLeyline+1","floor":20},{"not_picked":["OrrerysSun"],"picked":"SKIP","floor":25},{"not_picked":[],"picked":"animator:Saitama+1","floor":27},{"not_picked":["Moonlight+1"],"picked":"SKIP","floor":29},{"not_picked":["Bane+1"],"picked":"SKIP","floor":31},{"not_picked":[],"picked":"A Thousand Cuts","floor":33},{"not_picked":[],"picked":"Outmaneuver+1","floor":35},{"not_picked":["Discovery+1"],"picked":"SKIP","floor":38},{"not_picked":[],"picked":"animator:MumenRider+1","floor":44},{"not_picked":["TreasureHunter"],"picked":"SKIP","floor":45},{"not_picked":["Gatherer:OddSpoils"],"picked":"SKIP","floor":48}],"player_experience":473031,"relics_obtained":[{"floor":8,"key":"Calipers"},{"floor":9,"key":"Toxic Egg 2"},{"floor":13,"key":"Blood Vial"},{"floor":22,"key":"Red Mask"},{"floor":26,"key":"Bottled Lightning"},{"floor":36,"key":"Du-Vu Doll"},{"floor":37,"key":"CatCart"},{"floor":41,"key":"AmplifyWand"},{"floor":43,"key":"Ancient Tea Set"}],"event_choices":[{"damage_healed":0,"gold_gain":75,"player_choice":"Gold","damage_taken":11,"max_hp_gain":0,"max_hp_loss":0,"event_name":"betterThird:BetterGoop","floor":2,"gold_loss":0},{"cards_removed":["Strike_MRS"],"damage_healed":0,"gold_gain":0,"player_choice":"Purged","damage_taken":0,"max_hp_gain":0,"max_hp_loss":0,"event_name":"Purifier","floor":3,"gold_loss":0},{"cards_removed":["Strike_MRS"],"damage_healed":0,"gold_gain":0,"player_choice":"Card Removal","damage_taken":0,"max_hp_gain":0,"max_hp_loss":0,"event_name":"The Cleric","floor":11,"gold_loss":50},{"damage_healed":26,"gold_gain":0,"player_choice":"Heal","damage_taken":0,"max_hp_gain":0,"max_hp_loss":0,"event_name":"The Library","floor":21,"gold_loss":0},{"damage_healed":0,"gold_gain":0,"player_choice":"Fought Bandits","damage_taken":0,"max_hp_gain":0,"max_hp_loss":0,"event_name":"Masked Bandits","floor":22,"gold_loss":0},{"damage_healed":0,"gold_gain":75,"player_choice":"Touch","damage_taken":8,"max_hp_gain":0,"max_hp_loss":0,"event_name":"FaceTrader","floor":23,"gold_loss":0},{"damage_healed":0,"gold_gain":0,"player_choice":"Fight","damage_taken":0,"max_hp_gain":0,"max_hp_loss":0,"event_name":"MindBloom","floor":36,"gold_loss":0},{"damage_healed":0,"gold_gain":0,"player_choice":"Fight","damage_taken":0,"max_hp_gain":0,"max_hp_loss":0,"event_name":"OrinTheCat","floor":37,"gold_loss":0}],"is_beta":false,"boss_relics":[{"not_picked":["Coffee Dripper","Snecko Eye"],"picked":"Busted Crown"},{"not_picked":["Runic Dome","Philosopher\u0027s Stone"],"picked":"Tiny House"}],"items_purged_floors":[],"is_endless":false,"potions_floor_spawned":[4,5,8,10,13,16,19,20,25,27,31,35,44,48],"ascension_level":0}}