{"host":"Qube","time":1609976196,"event":{"mods":["AchievementEnabler","BaseMod","Colored Map","Colored Powertips","Minty Spire (QoL Compilation)","Quick Restart","Random Character Button","StSLib"],"gold_per_floor":[118,129,144,155,155,184,184,197,197,211,211,237,248,276,276,372,372,392,392,392,412,412,412],"floor_reached":22,"playtime":790,"items_purged":[],"score":233,"play_id":"ede7b4e6-4a72-4bad-b162-6c713096c58e","local_time":"20210106153636","daily_mods":["Diverse"],"is_ascension_mode":false,"campfire_choices":[{"data":"Clothesline","floor":7,"key":"SMITH"},{"data":"Carnage","floor":11,"key":"SMITH"},{"data":"BattleHymn","floor":15,"key":"SMITH"}],"circlet_count":0,"master_deck":["Strike_B","Strike_B","Strike_B","Strike_B","Defend_B","Defend_B","Defend_B","Defend_B","Zap","Dualcast","Clothesline+1","BattleHymn+1","ReachHeaven","Carnage+1","Outmaneuver","Flying Knee","Prostrate","Cold Snap","Crippling Poison","Backflip","Adrenaline","Recycle","Infernal Blade+1"],"relics":["Cracked Core","Bag of Marbles","Matryoshka","InkBottle","Pear","Runic Pyramid"],"acts_visited":["Exordium","TheCity"],"potions_floor_usage":[6,6,12,18,22,22],"damage_taken":[{"damage":1,"enemies":"Jaw Worm","floor":1,"turns":4},{"damage":1,"enemies":"Cultist","floor":2,"turns":4},{"damage":0,"enemies":"2 Louse","floor":3,"turns":2},{"damage":11,"enemies":"2 Fungi Beasts","floor":4,"turns":3},{"damage":13,"enemies":"Lagavulin","floor":6,"turns":3},{"damage":16,"enemies":"Lots of Slimes","floor":8,"turns":3},{"damage":4,"enemies":"Gremlin Gang","floor":10,"turns":5},{"damage":2,"enemies":"Gremlin Nob","floor":12,"turns":3},{"damage":0,"enemies":"Large Slime","floor":13,"turns":3},{"damage":14,"enemies":"3 Sentries","floor":14,"turns":6},{"damage":6,"enemies":"Slime Boss","floor":16,"turns":7},{"damage":11,"enemies":"Shell Parasite","floor":18,"turns":5},{"damage":0,"enemies":"Spheric Guardian","floor":21,"turns":3},{"damage":13,"enemies":"Centurion and Healer","floor":22,"turns":5}],"seed_played":"1206403046073783258","potions_obtained":[{"floor":1,"key":"SteroidPotion"},{"floor":4,"key":"Energy Potion"},{"floor":8,"key":"Block Potion"},{"floor":12,"key":"SpeedPotion"},{"floor":13,"key":"Block Potion"},{"floor":20,"key":"Block Potion"},{"floor":20,"key":"Dexterity Potion"},{"floor":20,"key":"DuplicationPotion"}],"is_trial":true,"path_per_floor":["M","M","M","M","?","E","R","M","T","M","R","E","M","E","R","B",null,"M","?","?","M","M"],"character_chosen":"DEFECT","items_purchased":[],"campfire_rested":0,"item_purchase_floors":[],"current_hp_per_floor":[74,73,73,62,75,62,62,46,46,42,42,40,40,36,36,30,85,74,58,58,58,45,45],"gold":412,"neow_bonus":"","is_daily":false,"chose_seed":false,"campfire_upgraded":3,"win_rate":0.0,"timestamp":1609976196,"path_taken":["M","M","M","M","?","E","R","M","T","?","R","E","M","E","R","BOSS","M","?","?","M","?"],"items_purchased_type":[],"build_version":"2020-12-18","purchased_purges":0,"victory":false,"max_hp_per_floor":[75,75,75,75,75,75,75,75,75,75,75,75,75,85,85,85,85,85,90,90,90,90,90],"card_choices":[{"not_picked":["Storm","Barrage"],"picked":"Clothesline","floor":1},{"not_picked":["Pummel","Sunder"],"picked":"BattleHymn","floor":2},{"not_picked":["Sword Boomerang","Reflex"],"picked":"ReachHeaven","floor":3},{"not_picked":["Havoc","Flame Barrier"],"picked":"Carnage","floor":4},{"not_picked":["Wallop","Clothesline"],"picked":"Outmaneuver","floor":6},{"not_picked":["Study","Sentinel"],"picked":"Flying Knee","floor":8},{"not_picked":["FlurryOfBlows","Blade Dance"],"picked":"Prostrate","floor":10},{"not_picked":["Clash","Power Through"],"picked":"Cold Snap","floor":12},{"not_picked":["Slice","Double Energy"],"picked":"Crippling Poison","floor":13},{"not_picked":["Buffer","FollowUp"],"picked":"Backflip","floor":14},{"not_picked":["Brutality","Die Die Die"],"picked":"Adrenaline","floor":16},{"not_picked":["Fusion","Dagger Spray"],"picked":"Recycle","floor":18},{"not_picked":["Coolheaded","Outmaneuver"],"picked":"Infernal Blade+1","floor":21}],"player_experience":832442,"relics_obtained":[{"floor":6,"key":"Bag of Marbles"},{"floor":9,"key":"Matryoshka"},{"floor":12,"key":"InkBottle"},{"floor":14,"key":"Pear"}],"event_choices":[{"damage_healed":13,"gold_gain":0,"player_choice":"Full Heal","damage_taken":0,"max_hp_gain":0,"max_hp_loss":0,"event_name":"Wheel of Change","floor":5,"gold_loss":0},{"damage_healed":0,"gold_gain":0,"player_choice":"Shed Blood","damage_taken":21,"max_hp_gain":5,"max_hp_loss":0,"event_name":"Forgotten Altar","floor":19,"gold_loss":0},{"damage_healed":0,"gold_gain":0,"player_choice":"Got Potions","damage_taken":0,"max_hp_gain":0,"max_hp_loss":0,"event_name":"Lab","floor":20,"gold_loss":0}],"is_beta":true,"boss_relics":[{"not_picked":["Tiny House","Busted Crown"],"picked":"Runic Pyramid"}],"items_purged_floors":[],"is_endless":false,"potions_floor_spawned":[1,4,8,12,13,21],"killed_by":"Centurion and Healer","ascension_level":0}}