{"host":"hfxp6ue4pvwo3fit","time":1609976154,"event":{"mods":["AchievementEnabler","BaseMod","Colored Map","Colored Powertips","Highlight Path","Minty Spire (QoL Compilation)","Relic Stats","StSLib","SuperFastMode"],"gold_per_floor":[119,99,109,126,126,126,155,174,174,174,209,209,283,110,110,184,184,204,129,129,129,144,144,179,15,64,89,116,116,129,142,142,215,215,229,229,229,248,72,72,100,55,81,105,117,129,29,56,68,80,92],"floor_reached":52,"playtime":1794,"items_purged":["Strike_B"],"score":1898,"play_id":"57209596-42b9-45ae-99e2-329d44ea0731","local_time":"20210106173554","is_ascension_mode":true,"campfire_choices":[{"data":"Defragment","floor":6,"key":"SMITH"},{"floor":12,"key":"REST"},{"data":"Darkness","floor":15,"key":"SMITH"},{"floor":23,"key":"REST"},{"data":"Coolheaded","floor":29,"key":"SMITH"},{"floor":32,"key":"REST"},{"data":"Glacier","floor":40,"key":"SMITH"},{"data":"Reinforced Body","floor":45,"key":"SMITH"},{"data":"White Noise","floor":46,"key":"SMITH"},{"floor":49,"key":"REST"}],"circlet_count":0,"master_deck":["AscendersBane","Defend_B","Defend_B","Defend_B","Zap+1","Dualcast","Cold Snap","Darkness+1","Defragment+1","Genetic Algorithm","Chill","Coolheaded+1","Buffer+1","Doom and Gloom","Glacier+1","Defragment+1","Compile Driver","Chill","Machine Learning+1","Storm+1","White Noise+1","Panache+1","Defragment+1","Reinforced Body+1"],"relics":["Cracked Core","NeowsBlessing","Orichalcum","Bag of Marbles","Cables","Frozen Egg 2","Membership Card","Busted Crown","Centennial Puzzle","Nunchaku","WingedGreaves","Bronze Scales","Empty Cage","Toy Ornithopter","MawBank","Regal Pillow"],"acts_visited":["Exordium","TheCity","TheBeyond"],"potions_floor_usage":[24,24,33,50],"damage_taken":[{"damage":0,"enemies":"Small Slimes","floor":1,"turns":1},{"damage":0,"enemies":"Cultist","floor":3,"turns":1},{"damage":0,"enemies":"Jaw Worm","floor":4,"turns":1},{"damage":14,"enemies":"3 Sentries","floor":7,"turns":10},{"damage":10,"enemies":"Blue Slaver","floor":8,"turns":4},{"damage":10,"enemies":"Lagavulin","floor":11,"turns":7},{"damage":8,"enemies":"The Guardian","floor":16,"turns":9},{"damage":12,"enemies":"3 Byrds","floor":18,"turns":5},{"damage":0,"enemies":"2 Thieves","floor":22,"turns":4},{"damage":25,"enemies":"Slavers","floor":24,"turns":5},{"damage":0,"enemies":"Book of Stabbing","floor":27,"turns":5},{"damage":14,"enemies":"Snake Plant","floor":30,"turns":3},{"damage":0,"enemies":"Snecko","floor":31,"turns":4},{"damage":6,"enemies":"Automaton","floor":33,"turns":9},{"damage":11,"enemies":"3 Darklings","floor":35,"turns":5},{"damage":0,"enemies":"3 Shapes","floor":38,"turns":6},{"damage":9,"enemies":"Giant Head","floor":41,"turns":8},{"damage":0,"enemies":"Sphere and 2 Shapes","floor":44,"turns":6},{"damage":0,"enemies":"Transient","floor":48,"turns":6},{"damage":43,"enemies":"Time Eater","floor":50,"turns":11},{"damage":1,"enemies":"Donu and Deca","floor":51,"turns":11}],"seed_played":"-8441706224066091371","potions_obtained":[{"floor":1,"key":"Swift Potion"},{"floor":2,"key":"SteroidPotion"},{"floor":8,"key":"FocusPotion"},{"floor":27,"key":"Dexterity Potion"},{"floor":37,"key":"Dexterity Potion"}],"is_trial":false,"path_per_floor":["M","?","M","M","?","R","E","M","T","?","E","R","T","$","R","B",null,"M","?","?","?","M","R","E","$","T","E","T","R","M","M","R","B",null,"M","?","?","M","$","R","E","$","T","M","R","R","?","M","R","B","B",null],"character_chosen":"DEFECT","items_purchased":["Membership Card","Defragment+1","FairyPotion","Rebound","Storm+1","White Noise","Panache+1","Defragment+1"],"campfire_rested":4,"item_purchase_floors":[14,25,25,25,39,39,39,42],"current_hp_per_floor":[64,64,64,64,57,57,43,33,33,33,23,44,44,44,44,36,62,50,50,30,30,30,52,27,27,27,27,27,27,13,13,35,29,64,53,53,53,53,53,53,44,44,44,44,44,44,44,44,76,33,32],"gold":104,"neow_bonus":"THREE_ENEMY_KILL","is_daily":false,"chose_seed":false,"campfire_upgraded":6,"win_rate":0.0,"timestamp":1609976154,"path_taken":["M","?","M","?","?","R","E","M","T","?","E","R","?","$","R","BOSS","M","?","?","?","M","R","E","$","T","E","?","R","M","M","R","BOSS","M","?","?","M","$","R","E","$","T","?","R","R","?","?","R","BOSS","BOSS"],"items_purchased_type":["Relic","Card","Potion","Card","Card","Card","Card","Card"],"build_version":"2020-12-22","purchased_purges":1,"victory":true,"max_hp_per_floor":[71,71,71,71,71,71,71,71,71,71,71,71,71,71,71,71,71,71,71,76,76,76,76,76,76,76,76,76,76,76,76,76,76,76,76,76,76,76,76,76,76,76,76,76,76,76,76,76,76,76,76],"relic_stats":{"Centennial Puzzle":[18],"Nunchaku":[5],"Regal Pillow":10,"Busted Crown":24,"counters":[21,121],"Bronze Scales":[207],"Orichalcum":[120],"MawBank":108,"obtain_stats":[{"Regal Pillow":47,"NeowsBlessing":0,"Orichalcum":7,"Frozen Egg 2":13,"Empty Cage":34,"MawBank":43,"Cables":11,"Centennial Puzzle":24,"Nunchaku":26,"Busted Crown":17,"Bronze Scales":28,"WingedGreaves":27,"Bag of Marbles":9,"Membership Card":14,"Cracked Core":0,"Toy Ornithopter":41},{"Regal Pillow":18,"NeowsBlessing":0,"Orichalcum":4,"Frozen Egg 2":6,"Empty Cage":14,"MawBank":17,"Cables":6,"Centennial Puzzle":10,"Nunchaku":10,"Busted Crown":7,"Bronze Scales":11,"WingedGreaves":11,"Bag of Marbles":5,"Membership Card":6,"Cracked Core":0,"Toy Ornithopter":17},{"Regal Pillow":93,"NeowsBlessing":0,"Orichalcum":13,"Frozen Egg 2":24,"Empty Cage":68,"MawBank":87,"Cables":24,"Centennial Puzzle":47,"Nunchaku":47,"Busted Crown":33,"Bronze Scales":52,"WingedGreaves":52,"Bag of Marbles":17,"Membership Card":24,"Cracked Core":0,"Toy Ornithopter":87}],"Toy Ornithopter":0,"Cables":[90,33,39,18,0]},"card_choices":[{"not_picked":["Barrage","Gash"],"picked":"Cold Snap","floor":1},{"not_picked":["Heatsinks","Reprogram"],"picked":"Darkness","floor":3},{"not_picked":["Compile Driver","Darkness"],"picked":"Defragment","floor":4},{"not_picked":["Thunder Strike","Sunder"],"picked":"Genetic Algorithm","floor":7},{"not_picked":["Hologram","Sweeping Beam"],"picked":"Chill","floor":8},{"not_picked":["Streamline","Barrage"],"picked":"Coolheaded","floor":11},{"not_picked":["Thunder Strike","Hyperbeam"],"picked":"Buffer+1","floor":16},{"not_picked":[],"picked":"Doom and Gloom","floor":18},{"not_picked":["Steam"],"picked":"SKIP","floor":22},{"not_picked":[],"picked":"Glacier","floor":24},{"not_picked":[],"picked":"Compile Driver","floor":27},{"not_picked":[],"picked":"Chill","floor":30},{"not_picked":["Redo"],"picked":"SKIP","floor":31},{"not_picked":[],"picked":"Machine Learning+1","floor":33},{"not_picked":["Rebound"],"picked":"SKIP","floor":35},{"not_picked":["Consume"],"picked":"SKIP","floor":38},{"not_picked":["Redo"],"picked":"SKIP","floor":41},{"not_picked":[],"picked":"Reinforced Body","floor":44},{"not_picked":["Rebound+1"],"picked":"SKIP","floor":48}],"player_experience":475949,"relics_obtained":[{"floor":7,"key":"Orichalcum"},{"floor":9,"key":"Bag of Marbles"},{"floor":11,"key":"Cables"},{"floor":13,"key":"Frozen Egg 2"},{"floor":24,"key":"Centennial Puzzle"},{"floor":26,"key":"Nunchaku"},{"floor":27,"key":"WingedGreaves"},{"floor":28,"key":"Bronze Scales"},{"floor":41,"key":"Toy Ornithopter"},{"floor":43,"key":"MawBank"}],"event_choices":[{"damage_healed":0,"gold_gain":0,"player_choice":"Bought 1 Potion","damage_taken":0,"max_hp_gain":0,"max_hp_loss":0,"event_name":"The Woman in Blue","floor":2,"gold_loss":0},{"cards_removed":["Strike_B"],"damage_healed":0,"gold_gain":0,"player_choice":"Card Removal","damage_taken":7,"max_hp_gain":0,"max_hp_loss":0,"event_name":"Golden Wing","floor":5,"gold_loss":0},{"damage_healed":0,"gold_gain":0,"player_choice":"Grow","damage_taken":0,"max_hp_gain":0,"max_hp_loss":0,"event_name":"Living Wall","floor":10,"gold_loss":0,"cards_upgraded":["Zap"]},{"cards_removed":["Strike_B"],"damage_healed":0,"gold_gain":0,"player_choice":"Gave Gold","damage_taken":0,"max_hp_gain":0,"max_hp_loss":0,"event_name":"Beggar","floor":19,"gold_loss":75},{"damage_healed":0,"gold_gain":0,"player_choice":"Shed Blood","damage_taken":25,"max_hp_gain":5,"max_hp_loss":0,"event_name":"Forgotten Altar","floor":20,"gold_loss":0},{"damage_healed":0,"gold_gain":0,"player_choice":"Ignored","damage_taken":0,"max_hp_gain":0,"max_hp_loss":0,"event_name":"Vampires","floor":21,"gold_loss":0},{"cards_removed":["Defend_B"],"damage_healed":0,"gold_gain":0,"player_choice":"Removed Skill","damage_taken":0,"max_hp_gain":0,"max_hp_loss":0,"event_name":"Falling","floor":36,"gold_loss":0},{"damage_healed":0,"gold_gain":0,"player_choice":"Got Potions","damage_taken":0,"max_hp_gain":0,"max_hp_loss":0,"event_name":"Lab","floor":37,"gold_loss":0},{"damage_healed":0,"gold_gain":0,"player_choice":"Paid Gold","damage_taken":0,"relics_obtained":["Regal Pillow"],"max_hp_gain":0,"max_hp_loss":0,"event_name":"WeMeetAgain","floor":47,"gold_loss":112}],"is_beta":false,"boss_relics":[{"not_picked":["Astrolabe","Calling Bell"],"picked":"Busted Crown"},{"not_picked":["Tiny House","Runic Pyramid"],"picked":"Empty Cage"}],"items_purged_floors":[25],"is_endless":false,"potions_floor_spawned":[1,4,8,11,22,27,31,38,44,48],"ascension_level":20}}