{"host":"raxmxgtw2nbiczxd","time":1609942438,"event":{"mods":["AchievementEnabler","Aspiration","BaseMod","Beaked The Cultist","BetterRewards","Conspire","Downfall","Friendly Minions","Halation","Hero for Fun","Hubris","Infinite Spire","Jedi Mod","Mimic Mod","Minty Spire (QoL Compilation)","Quick Restart","Relic Stats","Replay The Spire","Shop Mod","Spikes Relics","StSLib","The Animator","The Blackbeard","The Necromancer","The Servant 0.9.4","Yuri Mod","vexMod","????"],"gold_per_floor":[117,135,157,157,99416,98915,98953,98008,98008,98056,97127,96379,96379,96397,95413,95523,95523,95548,94856,94880,94880,94880,94914,94937,94978,95032,95049,94570,94591,94635,94658,94658,94787,94787,94814,94814,94814,94839,94152,94195,94295,94326,94326,94353,94253,94280,94302,94327,94327,94339],"floor_reached":51,"playtime":3694,"items_purged":["Strike_P","Strike_P","Strike_P","Strike_P","Vigilance","Eruption","Indignation+1","Prostrate+1","Evaluate+1","FlyingSleeves+1","WaveOfTheHand+1","Defend_P"],"score":1511,"play_id":"c1660651-3e38-4457-83f4-40bc710b531c","local_time":"20210106211358","is_ascension_mode":true,"campfire_choices":[{"data":"1","floor":32,"key":"LIFT"},{"data":"2","floor":49,"key":"LIFT"}],"circlet_count":0,"master_deck":["Defend_P","Defend_P","DevaForm+1","Study+1","BattleHymn+1","DevaForm+1","ClearTheMind+1","Consecrate+1","LikeWater+1","LikeWater+1","LikeWater+1","PathToVictory+1","LikeWater+1","WaveOfTheHand+1","Study+1","LikeWater+1","Panacea+1","infinitespire:Oblivion+1","DevaForm+1","PathToVictory+1","BattleHymn+1"],"relics":["PureWater","Quantum Egg","Frozen Egg 2","Molten Egg 2","Toxic Egg 2","Mummified Hand","Ice Cream","Centennial Puzzle","aspiration:ChemicalBlood","aspiration:TomeofQuesting","RollingBoulder","Chemical X","Replay:Wax Seal","Snack Pack","vexMod:PlasmaPancake","MiniBlackHole","halation:WeightlessCrab","DollysMirror","hubris:OldNail","Darkstone Periapt","Replay:Bandana","Singing Bowl","Orrery","HandDrill","Bag of Preparation","halation:Toothbrush","Strawberry","hubris:SlimyHat","hubris:64BitClover","infinitespire:FocusingShard","Mercury Hourglass","Cauldron","vexMod:ConsolationPrize","Girya","jedi:firstaidkit","Lee\u0027s Waffle","vexMod:InvisibilityCloak","MealTicket","ReplayTheSpireMod:Shallot","WizardHat","Fusion Hammer","Potion Belt","Replay:Ringing Soul","Replay:Lucky Slots","jedi:paperlyon","ReplayTheSpireMod:ShopPack","aspiration:Stabinomicon","Regal Pillow","infinitespire:Beetle Shell","Anchor","hubris:Metronome","Fusion Hammer","conspire:SpecialSausage","ShockBauble","halation:Diary","hubris:CrystalStatue","halation:AfternoonTea"],"acts_visited":["Exordium","TheCity","TheBeyond"],"potions_floor_usage":[],"damage_taken":[{"damage":0,"enemies":"Cultist","floor":1,"turns":2},{"damage":0,"enemies":"2 Louse","floor":2,"turns":1},{"damage":0,"enemies":"Small Slimes","floor":3,"turns":3},{"damage":25,"enemies":"Gremlin Nob","floor":7,"turns":3},{"damage":0,"enemies":"3 Sentries","floor":10,"turns":3},{"damage":0,"enemies":"Gremlin Gang","floor":14,"turns":2},{"damage":0,"enemies":"Fading Forest","floor":16,"turns":9},{"damage":0,"enemies":"2 Thieves","floor":18,"turns":3},{"damage":0,"enemies":"Chosen","floor":20,"turns":4},{"damage":0,"enemies":"Book of Stabbing","floor":23,"turns":4},{"damage":0,"enemies":"Centurion and Healer","floor":24,"turns":5},{"damage":0,"enemies":"Gremlin Leader","floor":25,"turns":4},{"damage":0,"enemies":"Snake Plant","floor":27,"turns":1},{"damage":0,"enemies":"Snecko","floor":29,"turns":3},{"damage":0,"enemies":"Slavers","floor":30,"turns":3},{"damage":0,"enemies":"Centurion and Healer","floor":31,"turns":4},{"damage":12,"enemies":"hubris:MusketHawk","floor":33,"turns":4},{"damage":0,"enemies":"3 Shapes","floor":35,"turns":3},{"damage":0,"enemies":"Orb Walker","floor":38,"turns":3},{"damage":0,"enemies":"Giant Head","floor":40,"turns":4},{"damage":0,"enemies":"Transient","floor":42,"turns":5},{"damage":0,"enemies":"3 Darklings","floor":44,"turns":3},{"damage":0,"enemies":"Maw","floor":46,"turns":3},{"damage":0,"enemies":"Spire Growth","floor":47,"turns":2},{"damage":0,"enemies":"Jaw Worm Horde","floor":48,"turns":2},{"damage":0,"enemies":"Awakened One","floor":50,"turns":5}],"seed_played":"4917134504664402639","potions_obtained":[{"floor":3,"key":"jedi:StrikingPotion"},{"floor":30,"key":"PowerPotion"}],"is_trial":false,"path_per_floor":["M","M","M","?","$","R","E","$","T","E","R","$","?","M","R","B",null,"M","$","M","?","AVR","E","M","E","T","M","?","M","E","M","R","B",null,"M","AVR","?","M","$","E","?","M","T","M","NS","M","M","M","R","B",null],"character_chosen":"WATCHER","items_purchased":["Centennial Puzzle","Consecrate+1","aspiration:ChemicalBlood","aspiration:TomeofQuesting","DevaForm+1","jedi:holywater","RollingBoulder","Chemical X","Replay:Wax Seal","Study+1","Snack Pack","vexMod:PlasmaPancake","Prostrate+1","BattleHymn+1","MiniBlackHole","halation:WeightlessCrab","DollysMirror","hubris:OldNail","Darkstone Periapt","Replay:Bandana","Singing Bowl","Orrery","HandDrill","Bag of Preparation","halation:Toothbrush","Strawberry","hubris:SlimyHat","infinitespire:FocusingShard","Mercury Hourglass","LikeWater+1","Cauldron","jedi:firstaidkit","vexMod:BerryBomb","Lee\u0027s Waffle","vexMod:InvisibilityCloak","MealTicket","LikeWater+1","ReplayTheSpireMod:Shallot","WizardHat","LikeWater+1","WaveOfTheHand+1","LikeWater+1","Potion Belt","Replay:Ringing Soul","Replay:Lucky Slots","champ:CounterPotion","ShockBauble","halation:Diary"],"campfire_rested":0,"item_purchase_floors":[0,0,0,0,0,0,0,0,0,0,0,0,0,0,0,0,0,0,0,0,0,0,5,5,5,6,6,8,8,8,8,11,11,11,12,12,12,15,15,15,15,19,19,19,19,19,39,39],"current_hp_per_floor":[44,46,48,48,51,61,36,39,39,41,120,123,123,123,126,126,126,126,126,128,128,135,137,139,141,141,143,146,148,151,153,153,146,156,158,161,174,177,180,182,182,184,184,187,193,195,197,200,200,203],"gold":94339,"neow_bonus":"","is_daily":false,"chose_seed":false,"campfire_upgraded":0,"win_rate":0.0,"timestamp":1609942438,"path_taken":["M","M","M","?","$","R","E","$","T","E","R","$","?","M","R","BOSS","M","$","M","?","AVR","E","M","E","T","?","?","M","E","M","R","BOSS","M","AVR","?","?","$","E","?","?","T","M","NS","M","M","M","R","BOSS"],"items_purchased_type":["Relic","Card","Relic","Relic","Card","Potion","Relic","Relic","Relic","Card","Relic","Relic","Card","Card","Relic","Relic","Relic","Relic","Relic","Relic","Relic","Relic","Relic","Relic","Relic","Relic","Relic","Relic","Relic","Card","Relic","Relic","Relic","Relic","Relic","Relic","Card","Relic","Relic","Card","Card","Card","Relic","Relic","Relic","Potion","Relic","Relic"],"build_version":"2020-12-22","purchased_purges":12,"victory":true,"max_hp_per_floor":[84,86,88,88,91,101,101,104,104,104,120,123,123,123,126,126,126,126,126,128,128,135,137,139,141,141,143,146,148,151,153,153,156,156,158,161,174,177,180,182,182,184,184,187,193,195,197,200,200,203],"relic_stats":{"Darkstone Periapt":0,"Lee\u0027s Waffle":70,"Regal Pillow":0,"Singing Bowl":38,"counters":[52,186],"Bag of Preparation":[48],"Mercury Hourglass":[357],"Centennial Puzzle":[6],"Mummified Hand":[427],"MealTicket":7,"HandDrill":[22],"Chemical X":[1],"obtain_stats":[{"Boot":43,"vexMod:InvisibilityCloak":12,"Replay:Ringing Soul":19,"jedi:firstaidkit":11,"MealTicket":21,"Fusion Hammer":17,"HandDrill":5,"Replay:Wax Seal":9,"Replay:Bottled Steam":13,"Pen Nib":11,"Replay:Ancient Bell":34,"infinitespire:EvilPickle":33,"infinitespire:Lychee Nut":6,"Bird Faced Urn":38,"vexMod:ImprovementManual":31,"WizardHat":29,"vexMod:PlasmaPancake":0,"halation:Diary":39,"Lantern":34,"Regal Pillow":25,"hubris:Metronome":30,"Torii":23,"Singing Bowl":0,"Blue Doll":29,"m_DevilBlood":40,"Bag of Preparation":5,"hubris:EmptyBottle":11,"conspire:InfiniteJournal":46,"aspiration:AnachronicSnailShell":24,"Replay:Lucky Slots":32,"halation:Toothbrush":5,"Chemical X":0,"aspiration:ChemicalBlood":0,"Potion Belt":19,"Lee\u0027s Waffle":11,"hubris:64BitClover":7,"vexMod:BerryBomb":11,"infinitespire:CheckeredPen":32,"infinitespire:Lucky Rock":42,"Frozen Egg 2":0,"GoldenEye":44,"ExplosiveVial":8,"Orrery":0,"halation:AfternoonTea":46,"halation:Trompette":10,"hubris:BottledRain":26,"Ice Cream":0,"ShockBauble":39,"hubris:CrystalStatue":43,"Vajra":23,"aspiration:Stabinomicon":23,"Centennial Puzzle":0,"DollysMirror":0,"jedi:paperlyon":22,"Strawberry":28,"Philosopher\u0027s Stone":17,"Toxic Egg 2":0,"LugNut":11,"Girya":10,"Happy Flower":40,"aspiration:Nostalgia":40,"Oddly Smooth Stone":28,"vexMod:TimeEaterHat":38,"infinitespire:Beetle Shell":36,"Replay:Kaleidoscope":0,"Letter Opener":7,"jedi:HeartOfTheCards":21,"ReplayTheSpireMod:Shallot":15,"Shuriken":34,"Molten Egg 2":0,"hubris:PeanutButter":49,"CrustySpines":34,"Darkstone Periapt":0,"SnailShell":0,"beaked:ShinyBauble":32,"aspiration:TomeofQuesting":0,"conspire:SpecialSausage":36,"halation:WeightlessCrab":0,"hubris:SlimyHat":6,"jedi:Pinwheel":38,"vexMod:Spyglass":23,"conspire:TopHat":44,"Replay:Bandana":0,"TheAbacus":49,"Mummified Hand":0,"Pantograph":8,"MiniBlackHole":0,"jedi:cryingmask":46,"RollingBoulder":0,"Gremlin Food":4,"Quantum Egg":2,"Guide Book":44,"vexMod:ConsolationPrize":9,"infinitespire:FocusingShard":8,"vexMod:FocusSash":0,"Medical Kit":46,"Mercury Hourglass":8,"Cauldron":8,"Anchor":4,"jedi:ominousloannote":13,"Snack Pack":0,"PureWater":0,"jedi:arcanewood":15,"hubris:OldNail":0,"ReplayTheSpireMod:ShopPack":22},{"Boot":22,"vexMod:InvisibilityCloak":31,"Replay:Ringing Soul":34,"jedi:firstaidkit":31,"MealTicket":12,"Fusion Hammer":33,"HandDrill":29,"Replay:Wax Seal":5,"Replay:Bottled Steam":7,"Pen Nib":6,"Replay:Ancient Bell":17,"infinitespire:EvilPickle":17,"infinitespire:Lychee Nut":5,"Bird Faced Urn":19,"vexMod:ImprovementManual":16,"WizardHat":15,"vexMod:PlasmaPancake":26,"halation:Diary":45,"Lantern":17,"Regal Pillow":38,"hubris:Metronome":41,"Torii":12,"Singing Bowl":26,"Blue Doll":15,"m_DevilBlood":20,"Bag of Preparation":29,"hubris:EmptyBottle":6,"conspire:InfiniteJournal":23,"aspiration:AnachronicSnailShell":13,"Replay:Lucky Slots":16,"halation:Toothbrush":29,"Chemical X":26,"aspiration:ChemicalBlood":26,"Potion Belt":34,"Lee\u0027s Waffle":31,"hubris:64BitClover":30,"vexMod:BerryBomb":31,"infinitespire:CheckeredPen":16,"infinitespire:Lucky Rock":22,"Frozen Egg 2":1,"GoldenEye":22,"ExplosiveVial":5,"Orrery":26,"halation:AfternoonTea":49,"halation:Trompette":6,"hubris:BottledRain":14,"Ice Cream":1,"ShockBauble":45,"hubris:CrystalStatue":47,"Vajra":12,"aspiration:Stabinomicon":36,"Centennial Puzzle":26,"DollysMirror":26,"jedi:paperlyon":35,"Strawberry":15,"Philosopher\u0027s Stone":9,"Toxic Egg 2":1,"LugNut":6,"Girya":31,"Happy Flower":20,"aspiration:Nostalgia":20,"Oddly Smooth Stone":15,"vexMod:TimeEaterHat":19,"infinitespire:Beetle Shell":19,"Replay:Kaleidoscope":1,"Letter Opener":5,"jedi:HeartOfTheCards":12,"ReplayTheSpireMod:Shallot":32,"Shuriken":17,"Molten Egg 2":1,"hubris:PeanutButter":25,"CrustySpines":17,"Darkstone Periapt":26,"SnailShell":1,"beaked:ShinyBauble":16,"aspiration:TomeofQuesting":26,"conspire:SpecialSausage":44,"halation:WeightlessCrab":26,"hubris:SlimyHat":29,"jedi:Pinwheel":19,"vexMod:Spyglass":12,"conspire:TopHat":22,"Replay:Bandana":26,"TheAbacus":25,"Mummified Hand":1,"Pantograph":5,"MiniBlackHole":26,"jedi:cryingmask":23,"RollingBoulder":26,"Gremlin Food":4,"Quantum Egg":3,"Guide Book":22,"vexMod:ConsolationPrize":30,"infinitespire:FocusingShard":30,"vexMod:FocusSash":1,"Medical Kit":23,"Mercury Hourglass":30,"Cauldron":30,"Anchor":4,"jedi:ominousloannote":7,"Snack Pack":26,"PureWater":0,"jedi:arcanewood":8,"hubris:OldNail":26,"ReplayTheSpireMod:ShopPack":35},{"Boot":84,"vexMod:InvisibilityCloak":111,"Replay:Ringing Soul":124,"jedi:firstaidkit":111,"MealTicket":45,"Fusion Hammer":121,"HandDrill":105,"Replay:Wax Seal":12,"Replay:Bottled Steam":21,"Pen Nib":18,"Replay:Ancient Bell":64,"infinitespire:EvilPickle":64,"infinitespire:Lychee Nut":12,"Bird Faced Urn":71,"vexMod:ImprovementManual":58,"WizardHat":54,"vexMod:PlasmaPancake":99,"halation:Diary":162,"Lantern":64,"Regal Pillow":141,"hubris:Metronome":148,"Torii":45,"Singing Bowl":99,"Blue Doll":54,"m_DevilBlood":75,"Bag of Preparation":105,"hubris:EmptyBottle":18,"conspire:InfiniteJournal":87,"aspiration:AnachronicSnailShell":49,"Replay:Lucky Slots":58,"halation:Toothbrush":105,"Chemical X":99,"aspiration:ChemicalBlood":99,"Potion Belt":124,"Lee\u0027s Waffle":111,"hubris:64BitClover":108,"vexMod:BerryBomb":111,"infinitespire:CheckeredPen":58,"infinitespire:Lucky Rock":84,"Frozen Egg 2":3,"GoldenEye":84,"ExplosiveVial":12,"Orrery":99,"halation:AfternoonTea":177,"halation:Trompette":18,"hubris:BottledRain":52,"Ice Cream":3,"ShockBauble":162,"hubris:CrystalStatue":171,"Vajra":45,"aspiration:Stabinomicon":132,"Centennial Puzzle":99,"DollysMirror":99,"jedi:paperlyon":128,"Strawberry":54,"Philosopher\u0027s Stone":35,"Toxic Egg 2":3,"LugNut":18,"Girya":111,"Happy Flower":75,"aspiration:Nostalgia":75,"Oddly Smooth Stone":54,"vexMod:TimeEaterHat":71,"infinitespire:Beetle Shell":71,"Replay:Kaleidoscope":3,"Letter Opener":12,"jedi:HeartOfTheCards":45,"ReplayTheSpireMod:Shallot":112,"Shuriken":64,"Molten Egg 2":3,"hubris:PeanutButter":94,"CrustySpines":64,"Darkstone Periapt":99,"SnailShell":3,"beaked:ShinyBauble":58,"aspiration:TomeofQuesting":99,"conspire:SpecialSausage":159,"halation:WeightlessCrab":99,"hubris:SlimyHat":105,"jedi:Pinwheel":71,"vexMod:Spyglass":45,"conspire:TopHat":84,"Replay:Bandana":99,"TheAbacus":94,"Mummified Hand":3,"Pantograph":12,"MiniBlackHole":99,"jedi:cryingmask":87,"RollingBoulder":99,"Gremlin Food":10,"Quantum Egg":8,"Guide Book":84,"vexMod:ConsolationPrize":108,"infinitespire:FocusingShard":108,"vexMod:FocusSash":3,"Medical Kit":87,"Mercury Hourglass":108,"Cauldron":108,"Anchor":10,"jedi:ominousloannote":21,"Snack Pack":99,"PureWater":0,"jedi:arcanewood":24,"hubris:OldNail":99,"ReplayTheSpireMod:ShopPack":128}]},"card_choices":[{"not_picked":["Worship+1","ThirdEye+1"],"picked":"Indignation+1","floor":0},{"not_picked":["EmptyMind+1","Crescendo+1"],"picked":"ClearTheMind+1","floor":0},{"not_picked":["WaveOfTheHand+1","FollowUp+1","EmptyFist+1"],"picked":"Singing Bowl","floor":0},{"not_picked":["SignatureMove+1","WheelKick+1","SandsOfTime+1"],"picked":"Singing Bowl","floor":0},{"not_picked":["TalkToTheHand+1","Replay:Hum+1"],"picked":"LikeWater+1","floor":0},{"not_picked":["Crescendo+1","Protect+1","Halt+1"],"picked":"Singing Bowl","floor":1},{"not_picked":["ClearTheMind+1","Prostrate+1","Vault+1"],"picked":"Singing Bowl","floor":2},{"not_picked":["Replay:Vibes+1","Replay:AtTheReady+1","EmptyBody+1"],"picked":"Singing Bowl","floor":3},{"not_picked":["FollowUp+1","Crescendo+1"],"picked":"FlyingSleeves+1","floor":7},{"not_picked":["FlyingSleeves+1","WheelKick+1"],"picked":"LikeWater+1","floor":10},{"not_picked":["Pray+1","Indignation+1"],"picked":"PathToVictory+1","floor":14},{"not_picked":["LessonLearned+1","Replay:LoomingThreat+1"],"picked":"DeusExMachina+1","floor":16},{"not_picked":["Replay:Cycle+1","Consecrate+1"],"picked":"Study+1","floor":18},{"not_picked":["Prostrate+1","CutThroughFate+1","Halt+1"],"picked":"Singing Bowl","floor":20},{"not_picked":["expansioncontent:StudyTheSpire","Thinking Ahead","Reforge"],"picked":"Singing Bowl","floor":22},{"not_picked":["Replay:Parry","Replay:SS_forest_2"],"picked":"Panacea","floor":22},{"not_picked":["expansioncontent:Collect","Magnetism","ReplayTheSpireMod:Uncanny Aura"],"picked":"Singing Bowl","floor":22},{"not_picked":["BowlingBash+1","Establishment+1","Worship+1"],"picked":"Singing Bowl","floor":23},{"not_picked":["FlyingSleeves+1","Tantrum+1","Protect+1"],"picked":"Singing Bowl","floor":24},{"not_picked":["Prostrate+1","Replay:BluntJabs+1","FearNoEvil+1"],"picked":"Singing Bowl","floor":25},{"not_picked":["SandsOfTime+1","Replay:AtTheReady+1","SignatureMove+1"],"picked":"Singing Bowl","floor":27},{"not_picked":["ReplayTheSpireMod:Book of Names","ReplayTheSpireMod:Echoes of Time"],"picked":"infinitespire:Oblivion","floor":28},{"not_picked":["ThirdEye+1","Fasting2+1","EmptyBody+1"],"picked":"Singing Bowl","floor":29},{"not_picked":["TalkToTheHand+1","FlurryOfBlows+1"],"picked":"DeusExMachina+1","floor":30},{"not_picked":["ThirdEye+1","Nirvana+1","Swivel+1"],"picked":"Singing Bowl","floor":31},{"not_picked":["Ragnarok+1","Blasphemy+1"],"picked":"DevaForm+1","floor":33},{"not_picked":["WheelKick+1","ThirdEye+1","Indignation+1"],"picked":"Singing Bowl","floor":35},{"not_picked":["FlurryOfBlows+1","Replay:BluntJabs+1"],"picked":"PathToVictory+1","floor":38},{"not_picked":["Replay:BluntJabs+1","Adaptation+1","Scrawl+1"],"picked":"Singing Bowl","floor":40},{"not_picked":["FlyingSleeves+1","Replay:AtTheReady+1","JustLucky+1"],"picked":"Singing Bowl","floor":42},{"not_picked":["SashWhip+1","Conclude+1"],"picked":"BattleHymn+1","floor":44},{"not_picked":["JustLucky+1","ThirdEye+1","Adaptation+1"],"picked":"Singing Bowl","floor":46},{"not_picked":["Meditate+1","Replay:BluntJabs+1","WheelKick+1"],"picked":"Singing Bowl","floor":47},{"not_picked":["BowlingBash+1","Indignation+1"],"picked":"jedi:nirvanicrebirth+1","floor":48}],"player_experience":106855,"relics_obtained":[{"floor":7,"key":"hubris:64BitClover"},{"floor":9,"key":"vexMod:ConsolationPrize"},{"floor":10,"key":"Girya"},{"floor":23,"key":"aspiration:Stabinomicon"},{"floor":25,"key":"Regal Pillow"},{"floor":26,"key":"infinitespire:Beetle Shell"},{"floor":29,"key":"Anchor"},{"floor":30,"key":"hubris:Metronome"},{"floor":43,"key":"hubris:CrystalStatue"},{"floor":46,"key":"halation:AfternoonTea"}],"event_choices":[{"damage_healed":0,"gold_gain":0,"player_choice":"Upgraded","damage_taken":0,"max_hp_gain":0,"max_hp_loss":0,"event_name":"Upgrade Shrine","floor":21,"gold_loss":0,"cards_upgraded":["Defend_P"]},{"cards_removed":["DeusExMachina"],"damage_healed":0,"gold_gain":0,"player_choice":"Offered Rare","damage_taken":0,"max_hp_gain":10,"max_hp_loss":0,"event_name":"Bonfire Elementals","floor":37,"gold_loss":0},{"damage_healed":0,"gold_gain":100,"player_choice":"Pray","damage_taken":0,"max_hp_gain":0,"max_hp_loss":0,"event_name":"Golden Shrine","floor":41,"gold_loss":0}],"is_beta":false,"boss_relics":[{"not_picked":["aspiration:RitualDagger","halation:Risk","hubris:CrackedHourglass"]},{"not_picked":["Astrolabe","Ring of Chaos","Cursed Key"]}],"items_purged_floors":[0,0,0,0,5,6,8,11,12,15,36,39],"is_endless":false,"potions_floor_spawned":[1,3,14,24,25,29,30,31,38,40,42,46],"ascension_level":1}}