{"host":"6hzrz31j95f2y1pa","time":1609958063,"event":{"mods":["BaseMod","Colored Map","Downfall","Minty Spire (QoL Compilation)","StSLib"],"gold_per_floor":[99,119,119,134,134,154,154,182,197,210,220,145,161,194,208,208,208,208],"floor_reached":16,"playtime":612,"items_purged":[],"score":203,"play_id":"a588876a-976f-4612-9e8a-173f8f86463d","local_time":"20210106133423","is_ascension_mode":true,"campfire_choices":[{"floor":1.0,"key":"RECALL"},{"data":"hexamod:Float","floor":12,"key":"SMITH"}],"circlet_count":0,"master_deck":["AscendersBane","hexamod:Strike","hexamod:Strike","hexamod:Strike","hexamod:Strike","hexamod:Defend","hexamod:Defend","hexamod:Defend","hexamod:Defend","hexamod:Sear","hexamod:Float+1","hexamod:RainOfEmbers+1","hexamod:NightmareStrike","hexamod:StepThrough","hexamod:HauntingEcho","hexamod:FastForward","hexamod:FourthSeal","hexamod:SpectralAdrenaline","hexamod:RadiantFlame","hexamod:ExtraCrispy"],"relics":["hexamod:SpiritBrand","Nunchaku","Gremlin Horn","Mercury Hourglass","Pear","downfall:HeartBlessingRed","Vajra"],"acts_visited":["Exordium"],"potions_floor_usage":[16,16],"damage_taken":[{"damage":0,"enemies":"Small Slimes","floor":2,"turns":3},{"damage":1,"enemies":"2 Louse","floor":4,"turns":2},{"damage":0,"enemies":"Cultist","floor":6,"turns":3},{"damage":6,"enemies":"Gremlin Nob","floor":8,"turns":3},{"damage":0,"enemies":"Large Slime","floor":9,"turns":5},{"damage":0,"enemies":"3 Louse","floor":10,"turns":2},{"damage":0,"enemies":"2 Fungi Beasts","floor":11,"turns":3},{"damage":4,"enemies":"Blue Slaver","floor":13,"turns":4},{"damage":9,"enemies":"Lagavulin","floor":14,"turns":7},{"damage":7,"enemies":"Exordium Thugs","floor":15,"turns":3},{"damage":37,"enemies":"downfall:Defect","floor":16,"turns":5}],"seed_played":"1232286966258304517","potions_obtained":[{"floor":4,"key":"Energy Potion"},{"floor":9,"key":"GamblersBrew"},{"floor":14,"key":"DistilledChaos"},{"floor":15,"key":"PowerPotion"}],"is_trial":false,"path_per_floor":["R","M","?","M","?","M","T","E","M","M","M","R","M","E","M","B"],"character_chosen":"THE_SPIRIT","items_purchased":[],"campfire_rested":0,"item_purchase_floors":[],"current_hp_per_floor":[57,57,52,51,51,51,51,55,55,55,55,55,51,42,35,0,0,0],"gold":208,"neow_bonus":"RANDOM_COMMON_RELIC","is_daily":false,"chose_seed":false,"campfire_upgraded":1,"win_rate":0.0,"timestamp":1609958063,"path_taken":["R","M","?","M","?","M","T","E","?","M","M","R","M","E","M","BOSS"],"items_purchased_type":[],"build_version":"2020-12-22","purchased_purges":0,"victory":false,"max_hp_per_floor":[63,63,63,63,63,63,63,73,73,73,73,73,73,73,73,73,73,73],"card_choices":[{"not_picked":["hexamod:GhostShield","hexamod:SoulSteal"],"picked":"hexamod:RainOfEmbers","floor":2},{"not_picked":["hexamod:BacktrackSmack","hexamod:AdvancingGuard"],"picked":"hexamod:NightmareStrike","floor":4},{"not_picked":["hexamod:GhostShield","hexamod:FlamesFromBeyond"],"picked":"hexamod:StepThrough","floor":6},{"not_picked":["hexamod:InspiringFlames","hexamod:PowerFromBeyond"],"picked":"hexamod:HauntingEcho","floor":8},{"not_picked":["hexamod:ThermalTransfer","hexamod:AdvancingGuard"],"picked":"hexamod:FastForward","floor":9},{"not_picked":["hexamod:Rewind","hexamod:GhostOfSpirePast"],"picked":"hexamod:FourthSeal","floor":10},{"not_picked":["hexamod:DynamicBlow","hexamod:NightmareStrike"],"picked":"hexamod:SpectralAdrenaline","floor":11},{"not_picked":["hexamod:ApocalypticArmor","hexamod:AdvancingGuard"],"picked":"hexamod:RadiantFlame","floor":13},{"not_picked":["hexamod:GhostflameBarrier","hexamod:InspiringFlames","hexamod:Firestarter"],"picked":"SKIP","floor":14},{"not_picked":["hexamod:AdvancingGuard","hexamod:SkipABeat"],"picked":"hexamod:ExtraCrispy","floor":15}],"player_experience":1289612,"relics_obtained":[{"floor":7,"key":"Mercury Hourglass"},{"floor":8,"key":"Pear"},{"floor":14,"key":"Vajra"}],"event_choices":[{"damage_healed":0,"gold_gain":0,"player_choice":"Success","damage_taken":5,"relics_obtained":["Gremlin Horn"],"max_hp_gain":0,"max_hp_loss":0,"event_name":"Scrap Ooze","floor":3,"gold_loss":0},{"damage_healed":0,"gold_gain":0,"player_choice":"Upgraded","damage_taken":0,"max_hp_gain":0,"max_hp_loss":0,"event_name":"Upgrade Shrine","floor":5,"gold_loss":0,"cards_upgraded":["hexamod:RainOfEmbers"]}],"is_beta":false,"boss_relics":[],"items_purged_floors":[],"is_endless":false,"potions_floor_spawned":[4,9,11,14],"killed_by":"downfall:Defect","ascension_level":15}}