{"host":"cs4mnqnj3e1ejebq","time":1609931591,"event":{"mods":["BaseMod","Hermit","Minty Spire (QoL Compilation)","StSLib","The Runesmith"],"gold_per_floor":[119,119,119,136,136,136,161,161,187,220,27,58,22,22,22,125,125,143,143,168,168,19,19,49,49,75,75,75,103,103,132,132,231,231,251,266,266,46,96,127,127,152,152,152,8,8,18,48,48,48],"floor_reached":51,"playtime":2104,"items_purged":["Strike_G"],"score":1249,"play_id":"2e8255fa-9939-4969-a328-99c1915ccf95","local_time":"20210106201311","is_ascension_mode":true,"campfire_choices":[{"data":"Noxious Fumes","floor":6,"key":"SMITH"},{"data":"Neutralize","floor":8,"key":"SMITH"},{"floor":15,"key":"REST"},{"data":"PiercingWail","floor":23,"key":"SMITH"},{"data":"Setup","floor":28,"key":"SMITH"},{"data":"Footwork","floor":32,"key":"SMITH"},{"data":"Adrenaline","floor":41,"key":"SMITH"},{"data":"Acrobatics","floor":44,"key":"SMITH"},{"data":"Well Laid Plans","floor":46,"key":"SMITH"},{"data":"Catalyst","floor":49,"key":"SMITH"}],"circlet_count":0,"master_deck":["Defend_G","Defend_G","Defend_G","Defend_G","Defend_G","Survivor+1","Neutralize+1","Deadly Poison+1","Noxious Fumes+1","PiercingWail+1","Deadly Poison+1","Blur","Prepared+1","Well Laid Plans+1","Corpse Explosion","Bouncing Flask+1","Setup+1","Footwork+1","Acrobatics+1","Adrenaline+1","Blur","Footwork+1","Dodge and Roll+1","Backflip+1","Catalyst+1","Noxious Fumes+1"],"relics":["Ring of the Snake","The Specimen","Bronze Scales","Orichalcum","Nunchaku","Snake Skull","Omamori","Sozu","Red Mask","Bag of Preparation","Strange Spoon","White Beast Statue","Juzu Bracelet","Runesmith:AutoHammer","Prayer Wheel","Tough Bandages","Empty Cage","War Paint","FossilizedHelix","Regal Pillow","MealTicket","Paper Crane","Happy Flower","Dream Catcher"],"acts_visited":["Exordium","TheCity","TheBeyond"],"potions_floor_usage":[33,33,50],"damage_taken":[{"damage":0,"enemies":"Cultist","floor":1,"turns":3},{"damage":3,"enemies":"Jaw Worm","floor":4,"turns":4},{"damage":22,"enemies":"Lagavulin","floor":7,"turns":7},{"damage":16,"enemies":"Gremlin Nob","floor":10,"turns":5},{"damage":6,"enemies":"3 Sentries","floor":12,"turns":6},{"damage":0,"enemies":"Hexaghost","floor":16,"turns":7},{"damage":0,"enemies":"3 Byrds","floor":18,"turns":3},{"damage":1,"enemies":"Masked Bandits","floor":20,"turns":2},{"damage":0,"enemies":"Gremlin Leader","floor":24,"turns":5},{"damage":2,"enemies":"Slavers","floor":29,"turns":3},{"damage":4,"enemies":"Book of Stabbing","floor":31,"turns":5},{"damage":38,"enemies":"Champ","floor":33,"turns":11},{"damage":0,"enemies":"Orb Walker","floor":35,"turns":3},{"damage":13,"enemies":"3 Darklings","floor":36,"turns":3},{"damage":0,"enemies":"Mind Bloom Boss Battle","floor":39,"turns":6},{"damage":0,"enemies":"Reptomancer","floor":40,"turns":6},{"damage":0,"enemies":"Giant Head","floor":42,"turns":9},{"damage":0,"enemies":"Maw","floor":47,"turns":7},{"damage":0,"enemies":"Reptomancer","floor":48,"turns":5},{"damage":19,"enemies":"Donu and Deca","floor":50,"turns":6}],"seed_played":"2414407267428620587","potions_obtained":[{"floor":10,"key":"Strength Potion"},{"floor":12,"key":"SpeedPotion"},{"floor":16,"key":"SkillPotion"}],"is_trial":false,"path_per_floor":["M","T","?","M","?","R","E","R","T","E","$","E","$","?","R","B",null,"M","?","?","?","$","R","E","$","T","?","R","E","T","E","R","B",null,"M","M","?","$","?","E","R","E","T","R","$","R","M","E","R","B",null],"character_chosen":"THE_SILENT","items_purchased":["Snake Skull","Blur","Well Laid Plans","Strange Spoon","War Paint","Happy Flower"],"campfire_rested":1,"item_purchase_floors":[11,11,13,22,38,45],"current_hp_per_floor":[63,63,63,60,60,60,38,38,38,22,22,16,16,2,23,23,58,58,58,57,57,57,57,57,57,57,57,57,55,55,51,51,13,56,56,43,43,43,43,43,43,43,43,43,58,58,58,58,58,39],"gold":48,"neow_bonus":"THREE_CARDS","is_daily":false,"chose_seed":false,"campfire_upgraded":9,"win_rate":0.0,"timestamp":1609931591,"path_taken":["M","?","?","?","?","R","E","R","T","E","$","E","?","?","R","BOSS","M","?","?","?","$","R","E","$","T","?","R","E","?","E","R","BOSS","M","M","?","$","?","E","R","E","T","R","$","R","M","E","R","BOSS"],"items_purchased_type":["Relic","Card","Card","Relic","Relic","Relic"],"build_version":"2020-12-22","purchased_purges":1,"victory":true,"max_hp_per_floor":[70,70,70,70,70,70,70,70,70,70,70,70,70,70,70,70,70,70,70,70,70,70,70,70,70,70,70,70,70,70,70,70,70,70,70,70,70,70,70,70,70,70,70,70,70,70,70,70,70,70],"card_choices":[{"not_picked":["Deflect","Flying Knee"],"picked":"Deadly Poison","floor":0},{"not_picked":["Backflip","Deadly Poison"],"picked":"Noxious Fumes","floor":1},{"not_picked":["Outmaneuver","Choke"],"picked":"Deadly Poison","floor":4},{"not_picked":["Slice","PiercingWail","Phantasmal Killer"],"picked":"SKIP","floor":7},{"not_picked":["All Out Attack","Dodge and Roll","Poisoned Stab"],"picked":"SKIP","floor":10},{"not_picked":["Deflect","Reflex"],"picked":"Prepared","floor":12},{"not_picked":["Die Die Die","Envenom"],"picked":"Corpse Explosion","floor":16},{"not_picked":["Distraction","Calculated Gamble+1"],"picked":"Bouncing Flask+1","floor":18},{"not_picked":["Underhanded Strike+1","Backflip","Quick Slash"],"picked":"SKIP","floor":24},{"not_picked":["Underhanded Strike","Choke"],"picked":"Footwork","floor":29},{"not_picked":["Masterful Stab","Dagger Spray"],"picked":"Acrobatics","floor":31},{"not_picked":["Grand Finale","Glass Knife"],"picked":"Adrenaline","floor":33},{"not_picked":["Reflex+1","Sucker Punch"],"picked":"Blur","floor":35},{"not_picked":["Choke+1","Dagger Spray+1","Flying Knee"],"picked":"SKIP","floor":35},{"not_picked":["Skewer+1","Deadly Poison+1","Dagger Throw+1"],"picked":"SKIP","floor":36},{"not_picked":["Deadly Poison+1","Underhanded Strike","Slice+1"],"picked":"SKIP","floor":36},{"not_picked":["Doppelganger","Flying Knee"],"picked":"Dodge and Roll+1","floor":39},{"not_picked":["Dodge and Roll","Dagger Spray","Underhanded Strike+1"],"picked":"SKIP","floor":40},{"not_picked":["Expertise","Crippling Poison"],"picked":"Backflip+1","floor":42},{"not_picked":["Infinite Blades+1","PiercingWail+1"],"picked":"Catalyst","floor":47},{"not_picked":["Slice+1","Caltrops+1","Deflect"],"picked":"SKIP","floor":47},{"not_picked":["Underhanded Strike+1","Blade Dance"],"picked":"Noxious Fumes+1","floor":48}],"player_experience":208900,"relics_obtained":[{"floor":2,"key":"The Specimen"},{"floor":7,"key":"Bronze Scales"},{"floor":9,"key":"Orichalcum"},{"floor":10,"key":"Nunchaku"},{"floor":12,"key":"Omamori"},{"floor":20,"key":"Red Mask"},{"floor":24,"key":"White Beast Statue"},{"floor":26,"key":"Juzu Bracelet"},{"floor":29,"key":"Runesmith:AutoHammer"},{"floor":30,"key":"Prayer Wheel"},{"floor":31,"key":"Tough Bandages"},{"floor":39,"key":"FossilizedHelix"},{"floor":40,"key":"Regal Pillow"},{"floor":42,"key":"MealTicket"},{"floor":43,"key":"Paper Crane"},{"floor":48,"key":"Dream Catcher"}],"event_choices":[{"damage_healed":0,"gold_gain":0,"cards_transformed":["Strike_G"],"player_choice":"Transformed","damage_taken":0,"max_hp_gain":0,"max_hp_loss":0,"event_name":"Transmorgrifier","floor":3,"gold_loss":0,"cards_obtained":["PiercingWail"]},{"cards_removed":["Strike_G"],"damage_healed":0,"gold_gain":0,"player_choice":"Forget","damage_taken":0,"max_hp_gain":0,"max_hp_loss":0,"event_name":"Living Wall","floor":5,"gold_loss":0},{"damage_healed":0,"gold_gain":0,"player_choice":"Entered Light","damage_taken":14,"max_hp_gain":0,"max_hp_loss":0,"event_name":"Shining Light","floor":14,"gold_loss":0,"cards_upgraded":["Survivor","Deadly Poison"]},{"damage_healed":0,"gold_gain":0,"cards_transformed":["Strike_G","Strike_G"],"player_choice":"Became Test Subject","damage_taken":0,"max_hp_gain":0,"max_hp_loss":0,"event_name":"Drug Dealer","floor":19,"gold_loss":0,"cards_obtained":["All Out Attack","Glass Knife"]},{"damage_healed":0,"gold_gain":0,"player_choice":"Fought Bandits","damage_taken":0,"max_hp_gain":0,"max_hp_loss":0,"event_name":"Masked Bandits","floor":20,"gold_loss":0},{"damage_healed":0,"gold_gain":0,"player_choice":"Stole Relic","damage_taken":0,"relics_obtained":["Bag of Preparation"],"max_hp_gain":0,"max_hp_loss":0,"event_name":"Addict","floor":21,"gold_loss":0,"cards_obtained":["Shame"]},{"damage_healed":0,"gold_gain":0,"player_choice":"Read","damage_taken":0,"max_hp_gain":0,"max_hp_loss":0,"event_name":"The Library","floor":27,"gold_loss":0,"cards_obtained":["Setup"]},{"damage_healed":0,"gold_gain":0,"player_choice":"Copied","damage_taken":0,"max_hp_gain":0,"max_hp_loss":0,"event_name":"Duplicator","floor":37,"gold_loss":0,"cards_obtained":["Footwork"]},{"damage_healed":0,"gold_gain":0,"player_choice":"Fight","damage_taken":0,"max_hp_gain":0,"max_hp_loss":0,"event_name":"MindBloom","floor":39,"gold_loss":0}],"is_beta":false,"boss_relics":[{"not_picked":["HoveringKite","Astrolabe"],"picked":"Sozu"},{"not_picked":["Pandora\u0027s Box","Philosopher\u0027s Stone"],"picked":"Empty Cage"}],"items_purged_floors":[38],"is_endless":false,"potions_floor_spawned":[10,12,16,29,31,33,35,36,39,40,42,47,48],"ascension_level":6}}