{"host":"f5ezd1v29dtbwkzo","time":1609912851,"event":{"mods":["2.2 Compatiblity","BaseMod","Hermit","Hubris","Infinite Spire","Minty Spire (QoL Compilation)","Rare Cards Sparkle","Replay The Spire","StSLib"],"gold_per_floor":[115,115,115,132,144,144,176,190,215,232,258,276,311,331,331,433,433,452,470,196,209,209,209,209,209,282,302,302,302,302,302,302,406,406,428,448,142,158,179,179,234,234,234,234,234,250,295,307,307,307,307],"floor_reached":50,"playtime":2899,"items_purged":["Strike_R","Defend_R"],"score":489,"play_id":"a764688f-189a-4615-9b60-88a09fc9caac","local_time":"20210106090051","is_ascension_mode":false,"campfire_choices":[{"data":"Flame Barrier","floor":6,"key":"SMITH"},{"data":"Shockwave","floor":15,"key":"SMITH"},{"data":"hubris:InfiniteBlow","floor":23,"key":"SMITH"},{"data":"hubris:InfiniteBlow+2","floor":25,"key":"SMITH"},{"data":"hubris:InfiniteBlow+3","floor":28,"key":"SMITH"},{"data":"hubris:InfiniteBlow+4","floor":30,"key":"SMITH"},{"data":"hubris:InfiniteBlow+5","floor":32,"key":"SMITH"},{"data":"hubris:InfiniteBlow+6","floor":40,"key":"SMITH"},{"floor":42,"key":"REST"},{"data":"hubris:InfiniteBlow+7","floor":45,"key":"SMITH"},{"data":"hubris:InfiniteBlow+8","floor":49,"key":"SMITH"}],"circlet_count":0,"master_deck":["Strike_R","Strike_R","Strike_R","Strike_R","Defend_R","Defend_R","Defend_R","Bash","Clash","ReplayTheSpireMod:Uncanny Aura","Dropkick","Flame Barrier+1","Berserk","Blood for Blood","Rage","Defy Death","Impervious","Shockwave+1","Barricade","m_Survivalism","Impervious","ReplayTheSpireMod:Uncanny Aura","hubris:InfiniteBlow+9","Armaments+1","Life Link+1","Metallicize+1"],"relics":["Burning Blood","ReplayTheSpireMod:Lightbulb","Ring of Panic","ReplayTheSpireMod:Ring of Addiction","hubris:EmptyBottle","Toy Ornithopter","MealTicket","King of Hearts","Replay:Baseball","ReplayTheSpireMod:SealedPack","Chemical X","Toxic Egg 2","infinitespire:Joker Card","Nloth\u0027s Gift","Replay:Ancient Bell","Oddly Smooth Stone","Paper Frog","Champion Belt","infinitespire:Joker Card","Incense Burner","Replay:WaspNest","Shovel"],"acts_visited":["Exordium","TheCity","TheBeyond"],"potions_floor_usage":[5,7,7,8,11,12,13,13,16,18,21,27,33,36,39,47,47,47,47,48,50,50,50],"damage_taken":[{"damage":6,"enemies":"Cultist","floor":1,"turns":4},{"damage":11,"enemies":"Jaw Worm","floor":4,"turns":2},{"damage":0,"enemies":"Small Slimes","floor":5,"turns":3},{"damage":11,"enemies":"Lagavulin","floor":7,"turns":5},{"damage":14,"enemies":"Looter","floor":8,"turns":3},{"damage":0,"enemies":"Large Slime","floor":10,"turns":4},{"damage":8,"enemies":"Gremlin Nob","floor":11,"turns":3},{"damage":23,"enemies":"Gremlin Gang","floor":12,"turns":5},{"damage":2,"enemies":"3 Sentries","floor":13,"turns":6},{"damage":10,"enemies":"Looter","floor":14,"turns":3},{"damage":11,"enemies":"Fading Forest","floor":16,"turns":11},{"damage":15,"enemies":"3 Byrds","floor":18,"turns":7},{"damage":0,"enemies":"Chosen","floor":19,"turns":5},{"damage":0,"enemies":"Snake Plant","floor":21,"turns":4},{"damage":0,"enemies":"Shelled Parasite and Fungi","floor":27,"turns":2},{"damage":29,"enemies":"Champ","floor":33,"turns":12},{"damage":3,"enemies":"3 Shapes","floor":35,"turns":6},{"damage":14,"enemies":"Orb Walker","floor":36,"turns":4},{"damage":0,"enemies":"4 Shapes","floor":38,"turns":8},{"damage":0,"enemies":"Jaw Worm Horde","floor":39,"turns":1},{"damage":0,"enemies":"Mind Bloom Boss Battle","floor":41,"turns":10},{"damage":1,"enemies":"Maw","floor":46,"turns":6},{"damage":87,"enemies":"2 Orb Walkers","floor":47,"turns":8},{"damage":5,"enemies":"3 Darklings","floor":48,"turns":5},{"damage":106,"enemies":"LordOfAnnihilation","floor":50,"turns":28}],"seed_played":"3061384925448389360","potions_obtained":[{"floor":2,"key":"BlessingOfTheForge"},{"floor":2,"key":"ColorlessPotion"},{"floor":2,"key":"Swift Potion"},{"floor":7,"key":"Strength Potion"},{"floor":12,"key":"Cursed Concoction"},{"floor":16,"key":"ColorlessPotion"},{"floor":21,"key":"Block Potion"},{"floor":33,"key":"infinitespire:BlackPotion"},{"floor":36,"key":"BloodPotion"},{"floor":39,"key":"BloodPotion"},{"floor":47,"key":"SteroidPotion"}],"is_trial":false,"path_per_floor":["M","?","?","M","M","R","E","M","T","M","E","M","E","M","R","B",null,"M","M","$","M","?","R","?","R","T","M","R","AVR","R","?","R","B",null,"M","M","$","M","M","R","?","R","T","?","R","M","?","M","R","B"],"character_chosen":"IRONCLAD","items_purchased":["Chemical X","ColorlessPotion","infinitespire:Joker Card"],"campfire_rested":1,"item_purchase_floors":[20,20,37],"current_hp_per_floor":[80,80,80,75,80,80,78,72,72,78,78,66,80,76,76,75,80,71,77,80,80,80,80,80,78,78,78,78,78,78,76,76,53,76,76,73,76,76,76,76,76,76,74,74,74,72,39,59,59,0,0],"gold":307,"neow_bonus":"RANDOM_COMMON_RELIC","is_daily":false,"chose_seed":false,"campfire_upgraded":10,"win_rate":0.0,"timestamp":1609912851,"path_taken":["M","?","?","M","M","R","E","M","T","?","E","M","E","M","R","BOSS","M","M","$","M","?","R","?","R","T","M","R","AVR","R","?","R","BOSS","M","M","$","M","?","R","?","R","T","?","R","?","?","M","R","BOSS"],"items_purchased_type":["Relic","Potion","Relic"],"build_version":"2020-12-22","purchased_purges":2,"victory":false,"max_hp_per_floor":[80,80,80,80,80,80,80,80,80,80,80,80,80,80,80,80,80,80,80,80,80,80,80,80,78,78,78,78,78,78,76,76,76,76,76,76,76,76,76,76,76,76,74,74,74,72,72,72,72,72,72],"card_choices":[{"not_picked":["Shockwave","Second Wind"],"picked":"Clash","floor":1},{"not_picked":["True Grit","Twin Strike"],"picked":"Dropkick","floor":4},{"not_picked":["Headbutt","Immolate"],"picked":"Flame Barrier","floor":5},{"not_picked":["Heavy Blade","Iron Wave"],"picked":"Berserk","floor":7},{"not_picked":["Power Through","Feel No Pain"],"picked":"Blood for Blood","floor":8},{"not_picked":["Sword Boomerang","Headbutt"],"picked":"Rage","floor":10},{"not_picked":["ReplayReversal","Cleave","Pummel"],"picked":"SKIP","floor":11},{"not_picked":["Shrug It Off","Armaments"],"picked":"Defy Death","floor":12},{"not_picked":["hubris:ReadiedAction","Body Slam"],"picked":"Impervious","floor":13},{"not_picked":["Heavy Blade","Seeing Red"],"picked":"Shockwave","floor":14},{"not_picked":["Replay:Many Hands","Eclipse"],"picked":"Barricade","floor":16},{"not_picked":["Bash","hermit:Snapshot"],"picked":"m_Survivalism","floor":17},{"not_picked":["Corruption","Brutality"],"picked":"Impervious","floor":17},{"not_picked":["Bandage Up","Jack Of All Trades"],"picked":"ReplayTheSpireMod:Uncanny Aura","floor":17},{"not_picked":["infinitespire:FutureSight","ReplayTheSpireMod:??????????????????????"],"picked":"hubris:InfiniteBlow","floor":17},{"not_picked":["hubris:CleavingFinish+1","Feel No Pain"],"picked":"Armaments+1","floor":18},{"not_picked":["Anger","Perfected Strike","Twin Strike+1"],"picked":"SKIP","floor":19},{"not_picked":["Run Through","hubris:StunningStrike","Havoc"],"picked":"SKIP","floor":21},{"not_picked":["Burning Pact+1","ReplayReversal+1"],"picked":"Life Link+1","floor":27},{"not_picked":["Amnesia","hubris:Gluttony"],"picked":"Clumsy","floor":34},{"not_picked":["ReplayTheSpireMod:Doomed","Delirium"],"picked":"Clumsy","floor":34},{"not_picked":["Replay:Hysterical Blindness","ReplayTheSpireMod:IOU"],"picked":"hubris:Greed","floor":34},{"not_picked":["Cleave","Havoc+1"],"picked":"Metallicize+1","floor":35},{"not_picked":["Abandon+1","Heavy Blade+1","Clash+1"],"picked":"SKIP","floor":36},{"not_picked":["ReplayReversal+1","Replay:Undeath\u0027s Touch","Perfected Strike"],"picked":"SKIP","floor":38},{"not_picked":["infinitespire:OneForAll+1","Sword Boomerang+1","Run Through+1"],"picked":"SKIP","floor":39},{"not_picked":["Warcry+1","Dual Wield+1","infinitespire:OneForAll"],"picked":"SKIP","floor":46},{"not_picked":["Seeing Red+1","Clash","Run Through"],"picked":"SKIP","floor":48}],"player_experience":346006,"relics_obtained":[{"floor":2,"key":"Ring of Panic"},{"floor":2,"key":"ReplayTheSpireMod:Ring of Addiction"},{"floor":2,"key":"hubris:EmptyBottle"},{"floor":2,"key":"Toy Ornithopter"},{"floor":7,"key":"MealTicket"},{"floor":9,"key":"King of Hearts"},{"floor":11,"key":"Omamori"},{"floor":13,"key":"Replay:Baseball"},{"floor":26,"key":"Toxic Egg 2"},{"floor":41,"key":"Incense Burner"},{"floor":43,"key":"Replay:WaspNest"},{"floor":47,"key":"Shovel"}],"event_choices":[{"damage_healed":0,"gold_gain":0,"player_choice":"1 cards matched","damage_taken":0,"max_hp_gain":0,"max_hp_loss":0,"event_name":"Match and Keep!","floor":3,"gold_loss":0,"cards_obtained":["ReplayTheSpireMod:Uncanny Aura"]},{"damage_healed":0,"gold_gain":0,"player_choice":"Traded Relic","damage_taken":0,"relics_obtained":["Nloth\u0027s Gift"],"max_hp_gain":0,"max_hp_loss":0,"event_name":"N\u0027loth","floor":31,"relics_lost":["Omamori"],"gold_loss":0},{"damage_healed":0,"gold_gain":0,"player_choice":"Fight","damage_taken":0,"max_hp_gain":0,"max_hp_loss":0,"event_name":"MindBloom","floor":41,"gold_loss":0},{"cards_removed":["hubris:Greed","Clumsy","Clumsy","Hallucinations"],"damage_healed":0,"gold_gain":0,"player_choice":"Removed Curses","damage_taken":0,"max_hp_gain":0,"max_hp_loss":0,"event_name":"Fountain of Cleansing","floor":44,"gold_loss":0},{"damage_healed":0,"gold_gain":0,"player_choice":"Fight","damage_taken":0,"max_hp_gain":0,"max_hp_loss":0,"event_name":"Mysterious Sphere","floor":47,"gold_loss":0}],"is_beta":false,"boss_relics":[{"not_picked":["Replay:Wanted Poster","Velvet Choker"],"picked":"ReplayTheSpireMod:SealedPack"},{"not_picked":["Fusion Hammer","hubris:TerracottaHorce"],"picked":"Replay:Ancient Bell"},{"not_picked":["War Paint","MawBank"],"picked":"Oddly Smooth Stone"},{"not_picked":["Replay:Bottled Snecko","hubris:PeanutButter"],"picked":"Paper Frog"},{"not_picked":["hubris:64BitClover","infinitespire:Golems Mask"],"picked":"Champion Belt"}],"items_purged_floors":[20,29],"is_endless":false,"potions_floor_spawned":[4,7,12,16,21,33,36,39,41,47],"killed_by":"LordOfAnnihilation","ascension_level":0}}