{"host":"g01l53quoe6lrer0","time":1609960921,"event":{"mods":["2.2 Compatiblity","AchievementEnabler","BaseMod","Colored Map","Highlight Path","Keyboard Shortcuts","Minty Spire (QoL Compilation)","Permanent Neow","StSLib","SuperFastMode","everything is the same but u backflip on backflip"],"gold_per_floor":[119,44,64,74,74,74,104,104,104,114,129,129,129,145,145,249,249,266,286,132,143,143,172,195,220,258,284,296,308,320,349,361,373,373],"floor_reached":33,"playtime":848,"items_purged":["Strike_B","Strike_B"],"score":443,"play_id":"ecb72fd8-7aa2-4e49-8cb9-b7e7a45c8ce7","local_time":"20210107042201","is_ascension_mode":true,"campfire_choices":[{"data":"Zap","floor":6.0,"key":"SMITH"},{"data":"Hologram","floor":8.0,"key":"SMITH"},{"data":"Beam Cell","floor":13.0,"key":"SMITH"},{"data":"Dualcast","floor":15.0,"key":"SMITH"},{"floor":28,"key":"REST"},{"floor":32,"key":"REST"}],"circlet_count":0,"master_deck":["Strike_B","Strike_B","Defend_B","Defend_B","Defend_B","Defend_B","Zap+1","Dualcast+1","Ball Lightning","Hologram+1","Barrage","Beam Cell+1","Rebound+1","All For One+1","Gash+1","Reboot","Gash+1","Beam Cell+1","Gash+1","Flash of Steel+1","Steam","Writhe","Gash+1"],"relics":["Cracked Core","Symbiotic Virus","Pear","Molten Egg 2","Black Star","MawBank","Bottled Lightning","PreservedInsect"],"acts_visited":["Exordium","TheCity"],"potions_floor_usage":[24,24,33],"damage_taken":[{"damage":0.0,"enemies":"2 Louse","floor":1.0,"turns":3.0},{"damage":0.0,"enemies":"Cultist","floor":3.0,"turns":2.0},{"damage":0.0,"enemies":"Small Slimes","floor":4.0,"turns":3.0},{"damage":12.0,"enemies":"3 Sentries","floor":7.0,"turns":5.0},{"damage":3.0,"enemies":"Blue Slaver","floor":10.0,"turns":2.0},{"damage":5.0,"enemies":"Gremlin Gang","floor":11.0,"turns":3.0},{"damage":7.0,"enemies":"Exordium Wildlife","floor":14.0,"turns":2.0},{"damage":13.0,"enemies":"Slime Boss","floor":16.0,"turns":6.0},{"damage":11.0,"enemies":"3 Byrds","floor":18.0,"turns":4.0},{"damage":0.0,"enemies":"Spheric Guardian","floor":19.0,"turns":2.0},{"damage":7.0,"enemies":"3 Cultists","floor":21.0,"turns":4.0},{"damage":21,"enemies":"Book of Stabbing","floor":23,"turns":3},{"damage":9,"enemies":"Snake Plant","floor":24,"turns":2},{"damage":11,"enemies":"Centurion and Healer","floor":25,"turns":4},{"damage":6,"enemies":"Cultist and Chosen","floor":27,"turns":3},{"damage":20,"enemies":"Snecko","floor":31,"turns":4},{"damage":70,"enemies":"Automaton","floor":33,"turns":6}],"seed_played":"-4826749233991682594","potions_obtained":[{"floor":1.0,"key":"SteroidPotion"},{"floor":3.0,"key":"Fire Potion"},{"floor":4.0,"key":"Swift Potion"},{"floor":11.0,"key":"LiquidMemories"},{"floor":18.0,"key":"LiquidBronze"}],"is_trial":false,"path_per_floor":["M","$","M","M","?","R","E","R","T","M","M","?","R","M","R","B",null,"M","M","$","M","?","E","M","M","T","M","R","?","?","M","R","B"],"character_chosen":"DEFECT","items_purchased":["Gash+1"],"campfire_rested":2,"item_purchase_floors":[20],"current_hp_per_floor":[68,68,68,68,43,43,41,41,41,38,33,95,95,88,88,75,90,79,79,79,72,72,51,42,31,31,25,53,53,53,33,61,0,0],"gold":373,"neow_bonus":"ONE_RANDOM_RARE_CARD","is_daily":false,"chose_seed":false,"campfire_upgraded":4,"win_rate":0.0,"timestamp":1609960921,"path_taken":["M","$","M","M","?","R","E","R","T","M","M","?","R","?","R","BOSS","M","M","$","M","?","E","M","M","T","?","R","?","?","M","R","BOSS"],"items_purchased_type":["Card"],"build_version":"2020-12-22","purchased_purges":2,"victory":false,"max_hp_per_floor":[75,75,75,75,75,75,85,85,85,85,85,95,95,95,95,95,95,95,95,95,95,95,95,95,95,95,95,95,95,95,95,95,95,95],"card_choices":[{"not_picked":["Undo","Gash"],"picked":"Ball Lightning","floor":1.0},{"not_picked":["Turbo","Compile Driver"],"picked":"Hologram","floor":3.0},{"not_picked":["Storm","Gash"],"picked":"Barrage","floor":4.0},{"not_picked":["FTL","Leap"],"picked":"Beam Cell","floor":7.0},{"not_picked":["Coolheaded","Static Discharge"],"picked":"Rebound+1","floor":10.0},{"not_picked":["Ball Lightning+1","White Noise"],"picked":"All For One+1","floor":11.0},{"not_picked":["Cold Snap+1","Beam Cell+1"],"picked":"Gash+1","floor":14.0},{"not_picked":["Buffer","Meteor Strike+1"],"picked":"Reboot","floor":16.0},{"not_picked":["Barrage+1","Hello World+1"],"picked":"Gash+1","floor":18.0},{"not_picked":["Sweeping Beam+1","Capacitor"],"picked":"Beam Cell+1","floor":19.0},{"not_picked":["Rip and Tear+1","Compile Driver+1","Beam Cell+1"],"picked":"SKIP","floor":21.0},{"not_picked":["Rip and Tear+1","Compile Driver+1","Beam Cell+1"],"picked":"SKIP","floor":21.0},{"not_picked":["Coolheaded","Tempest","Sunder+1"],"picked":"SKIP","floor":23},{"not_picked":["Loop","Leap","Turbo+1"],"picked":"SKIP","floor":24},{"not_picked":["Aggregate+1","Double Energy"],"picked":"Steam","floor":25},{"not_picked":["Ball Lightning+1","Thunder Strike+1","Sweeping Beam+1"],"picked":"SKIP","floor":27},{"not_picked":["Ball Lightning+1","Steam"],"picked":"Gash+1","floor":31}],"player_experience":41463,"relics_obtained":[{"floor":7.0,"key":"Pear"},{"floor":9.0,"key":"Molten Egg 2"},{"floor":23,"key":"MawBank"},{"floor":23,"key":"Bottled Lightning"}],"event_choices":[{"damage_healed":0.0,"max_hp_gain":0.0,"max_hp_loss":0.0,"gold_gain":0.0,"event_name":"Scrap Ooze","player_choice":"Success","floor":5.0,"gold_loss":0.0,"damage_taken":25.0,"relics_obtained":["Symbiotic Virus"]},{"cards_removed":["Seek"],"damage_healed":52.0,"max_hp_gain":10.0,"max_hp_loss":0.0,"gold_gain":0.0,"event_name":"Bonfire Elementals","player_choice":"Offered Rare","floor":12.0,"gold_loss":0.0,"damage_taken":0.0},{"damage_healed":0,"gold_gain":0,"player_choice":"1 cards matched","damage_taken":0,"max_hp_gain":0,"max_hp_loss":0,"event_name":"Match and Keep!","floor":22,"gold_loss":0,"cards_obtained":["Flash of Steel"]},{"damage_healed":0,"gold_gain":0,"player_choice":"Opened","damage_taken":0,"relics_obtained":["PreservedInsect"],"max_hp_gain":0,"max_hp_loss":0,"event_name":"The Mausoleum","floor":29,"gold_loss":0,"cards_obtained":["Writhe"]},{"damage_healed":0,"gold_gain":0,"player_choice":"Ignored","damage_taken":0,"max_hp_gain":0,"max_hp_loss":0,"event_name":"Ghosts","floor":30,"gold_loss":0}],"is_beta":false,"boss_relics":[{"not_picked":["Snecko Eye","Philosopher\u0027s Stone"],"picked":"Black Star"}],"items_purged_floors":[2,20],"is_endless":false,"potions_floor_spawned":[1,3,4,11,18,19],"killed_by":"Automaton","ascension_level":9}}