{"host":"hcmbbnq9kugrt4gl","time":1609976447,"event":{"mods":["AchievementEnabler","BaseMod","Minty Spire (QoL Compilation)","Permanent Neow","Quick Restart","Relic Stats","Synergy Search","slay the spire mod where everything is the same but ironclad has a cowboy hat"],"gold_per_floor":[118,138,138,13,25,25,44,75,75,75,93,93,93,168,168,266,266,277,277,294,314,77,108,108,126,181,181,198,198,210,223,223,318,318,334,304,317,317,329,329,329],"floor_reached":40,"playtime":2466,"items_purged":[],"score":410,"play_id":"4f30c5e4-5e51-477c-a4c6-53229c3027c4","local_time":"20210107004047","is_ascension_mode":false,"campfire_choices":[{"floor":6,"key":"RECALL"},{"data":"Armaments","floor":13,"key":"SMITH"},{"data":"Infernal Blade","floor":15,"key":"SMITH"},{"data":"Inflame","floor":24,"key":"SMITH"},{"floor":27,"key":"REST"},{"data":"Juggernaut","floor":32,"key":"SMITH"}],"circlet_count":0,"master_deck":["Bash","Rage","Thunderclap","Cleave","Dropkick","Armaments+1","Infernal Blade+1","Bloodletting","Juggernaut+1","Anger","Headbutt+1","Inflame+1","Flex","Wild Strike+1","Carnage","Disarm","Sentinel+1","Uppercut+1","Bludgeon","Sword Boomerang","Heavy Blade","Limit Break","Sword Boomerang","Reaper","Berserk","Feel No Pain","Clash","Power Through","Battle Trance+1","Entrench+1"],"relics":["Black Blood","Pen Nib","Mercury Hourglass","Matryoshka","MutagenicStrength","Medical Kit","Pantograph","Ancient Tea Set","Pandora\u0027s Box"],"acts_visited":["Exordium","TheCity","TheBeyond"],"potions_floor_usage":[7,8,8,8,33,33,35,40],"damage_taken":[{"damage":8,"enemies":"Jaw Worm","floor":1,"turns":3},{"damage":0,"enemies":"2 Louse","floor":2,"turns":2},{"damage":0,"enemies":"Cultist","floor":5,"turns":3},{"damage":21,"enemies":"Exordium Wildlife","floor":7,"turns":5},{"damage":16,"enemies":"Gremlin Nob","floor":8,"turns":4},{"damage":5,"enemies":"Looter","floor":11,"turns":2},{"damage":39,"enemies":"Hexaghost","floor":16,"turns":7},{"damage":3,"enemies":"Chosen","floor":18,"turns":4},{"damage":20,"enemies":"2 Thieves","floor":20,"turns":2},{"damage":12,"enemies":"3 Cultists","floor":21,"turns":4},{"damage":35,"enemies":"Slavers","floor":23,"turns":3},{"damage":37,"enemies":"Shelled Parasite and Fungi","floor":25,"turns":5},{"damage":18,"enemies":"Centurion and Healer","floor":28,"turns":5},{"damage":21,"enemies":"Snake Plant","floor":30,"turns":3},{"damage":0,"enemies":"3 Cultists","floor":31,"turns":4},{"damage":37,"enemies":"Champ","floor":33,"turns":6},{"damage":47,"enemies":"3 Shapes","floor":35,"turns":3},{"damage":21,"enemies":"Orb Walker","floor":37,"turns":3},{"damage":20,"enemies":"Transient","floor":39,"turns":5},{"damage":94,"enemies":"Reptomancer","floor":40,"turns":4}],"seed_played":"-4434709747825492215","potions_obtained":[{"floor":1,"key":"Explosive Potion"},{"floor":2,"key":"Regen Potion"},{"floor":5,"key":"SkillPotion"},{"floor":7,"key":"SneckoOil"},{"floor":20,"key":"HeartOfIron"},{"floor":25,"key":"SkillPotion"},{"floor":33,"key":"BloodPotion"},{"floor":35,"key":"SpeedPotion"},{"floor":36,"key":"HeartOfIron"},{"floor":36,"key":"Dexterity Potion"}],"is_trial":false,"path_per_floor":["M","M","?","$","M","R","M","E","T","?","M","?","R","?","R","B",null,"M","?","M","M","$","E","R","M","T","R","M","?","M","M","R","B",null,"M","?","M","?","M","E"],"character_chosen":"IRONCLAD","items_purchased":["Cleave","Dropkick","Medical Kit","Inflame","Flex"],"campfire_rested":1,"item_purchase_floors":[4,4,22,22,22],"current_hp_per_floor":[86,88,70,70,76,76,73,63,63,56,57,86,86,75,75,42,88,88,88,80,80,80,57,57,32,32,58,52,52,43,55,55,55,88,70,70,61,61,88,0,0],"gold":329,"neow_bonus":"TEN_PERCENT_HP_BONUS","is_daily":false,"chose_seed":false,"campfire_upgraded":4,"win_rate":0.0,"timestamp":1609976447,"path_taken":["M","M","?","$","M","R","M","E","T","?","M","?","R","?","R","BOSS","M","?","M","M","$","E","R","M","T","R","M","?","M","?","R","BOSS","M","?","?","?","M","E"],"items_purchased_type":["Card","Card","Relic","Card","Card"],"build_version":"2020-12-22","purchased_purges":0,"victory":false,"max_hp_per_floor":[88,88,88,88,88,88,88,88,88,88,88,88,88,88,88,88,88,88,88,88,88,88,88,88,88,88,88,88,88,88,88,88,88,88,88,88,88,88,88,88,88],"relic_stats":{"counters":[20,77],"Pantograph":25,"Black Blood":172,"Pandora\u0027s Box":["Sword Boomerang","Heavy Blade","Limit Break","Sword Boomerang","Reaper","Berserk","Feel No Pain","Clash","Power Through"],"Pen Nib":[13],"Medical Kit":[4],"obtain_stats":[{"Matryoshka":10,"MutagenicStrength":19,"Pantograph":23,"Black Blood":17,"Pandora\u0027s Box":34,"Pen Nib":8,"Medical Kit":22,"Ancient Tea Set":26,"Burning Blood":0,"Mercury Hourglass":9},{"Matryoshka":5,"MutagenicStrength":8,"Pantograph":11,"Black Blood":7,"Pandora\u0027s Box":16,"Pen Nib":5,"Medical Kit":10,"Ancient Tea Set":12,"Burning Blood":0,"Mercury Hourglass":5},{"Matryoshka":17,"MutagenicStrength":30,"Pantograph":39,"Black Blood":26,"Pandora\u0027s Box":62,"Pen Nib":17,"Medical Kit":36,"Ancient Tea Set":44,"Burning Blood":0,"Mercury Hourglass":17}],"Mercury Hourglass":[231]},"card_choices":[{"not_picked":["Sword Boomerang","Anger"],"picked":"Rage","floor":1},{"not_picked":["Shrug It Off","Body Slam"],"picked":"Thunderclap","floor":2},{"not_picked":["Pommel Strike","Headbutt","Twin Strike"],"picked":"SKIP","floor":5},{"not_picked":["Clash","Anger"],"picked":"Armaments","floor":7},{"not_picked":["Clothesline","Headbutt"],"picked":"Infernal Blade","floor":8},{"not_picked":["Shrug It Off","Seeing Red"],"picked":"Bloodletting","floor":11},{"not_picked":["Reaper","Offering"],"picked":"Juggernaut","floor":16},{"not_picked":["Iron Wave+1","Feel No Pain"],"picked":"Anger","floor":18},{"not_picked":["Shrug It Off","Armaments","Cleave"],"picked":"SKIP","floor":20},{"not_picked":["Havoc","Seeing Red"],"picked":"Headbutt+1","floor":21},{"not_picked":["Anger","Clash"],"picked":"Wild Strike+1","floor":23},{"not_picked":["Disarm+1","Entrench"],"picked":"Carnage","floor":25},{"not_picked":["Inflame+1","Armaments"],"picked":"Disarm","floor":28},{"not_picked":["Headbutt","Armaments"],"picked":"Sentinel+1","floor":30},{"not_picked":["Power Through","Havoc"],"picked":"Uppercut+1","floor":31},{"not_picked":["Brutality","Fiend Fire"],"picked":"Bludgeon","floor":33},{"not_picked":["Power Through+1","Thunderclap+1"],"picked":"Battle Trance+1","floor":35},{"not_picked":["Clash+1","Sever Soul"],"picked":"Entrench+1","floor":37},{"not_picked":["Sentinel+1","Disarm","Clothesline+1"],"picked":"SKIP","floor":39}],"player_experience":171035,"relics_obtained":[{"floor":8,"key":"Pen Nib"},{"floor":9,"key":"Mercury Hourglass"},{"floor":23,"key":"Pantograph"},{"floor":26,"key":"Ancient Tea Set"}],"event_choices":[{"damage_healed":0,"gold_gain":0,"player_choice":"Entered Light","damage_taken":18,"max_hp_gain":0,"max_hp_loss":0,"event_name":"Shining Light","floor":3,"gold_loss":0,"cards_upgraded":["Strike_R","Defend_R"]},{"damage_healed":0,"gold_gain":0,"player_choice":"Success","damage_taken":7,"relics_obtained":["Matryoshka"],"max_hp_gain":0,"max_hp_loss":0,"event_name":"Scrap Ooze","floor":10,"gold_loss":0},{"damage_healed":29,"gold_gain":0,"player_choice":"Banana","damage_taken":0,"max_hp_gain":0,"max_hp_loss":0,"event_name":"Big Fish","floor":12,"gold_loss":0},{"damage_healed":0,"gold_gain":75,"player_choice":"Gather Gold","damage_taken":11,"max_hp_gain":0,"max_hp_loss":0,"event_name":"World of Goop","floor":14,"gold_loss":0},{"damage_healed":0,"gold_gain":0,"player_choice":"Inject Mutagens","damage_taken":0,"relics_obtained":["MutagenicStrength"],"max_hp_gain":0,"max_hp_loss":0,"event_name":"Drug Dealer","floor":19,"gold_loss":0},{"damage_healed":0,"gold_gain":0,"player_choice":"Simplicity","damage_taken":0,"max_hp_gain":0,"max_hp_loss":0,"event_name":"Back to Basics","floor":29,"gold_loss":0,"cards_upgraded":["Strike_R","Strike_R","Strike_R","Strike_R","Defend_R","Defend_R","Defend_R"]},{"damage_healed":0,"gold_gain":0,"player_choice":"Bought 2 Potions","damage_taken":0,"max_hp_gain":0,"max_hp_loss":0,"event_name":"The Woman in Blue","floor":36,"gold_loss":0},{"damage_healed":0,"gold_gain":0,"player_choice":"Ignored","damage_taken":0,"max_hp_gain":0,"max_hp_loss":0,"event_name":"Tomb of Lord Red Mask","floor":38,"gold_loss":0}],"is_beta":false,"boss_relics":[{"not_picked":["Calling Bell","Cursed Key"],"picked":"Black Blood"},{"not_picked":["Runic Pyramid","SlaversCollar"],"picked":"Pandora\u0027s Box"}],"items_purged_floors":[],"is_endless":false,"potions_floor_spawned":[1,2,5,7,20,25,33,35],"killed_by":"Reptomancer","ascension_level":0}}