{"host":"tj57avznel0uzvp6","time":1609959272,"event":{"mods":["BaseMod","Downfall","Glutton Mod","Minty Spire (QoL Compilation)","Remove Card Discount Mod","Replay The Spire","StSLib"],"gold_per_floor":[115,127,88,88,88,88,163,163,188,188,35,35,46,46,46,159,159,208,208,208,233,157,157,157,157,157,237,237,237,237,512,512,657,757,816,341,419,164,164,164,164,164,164,188,188,197,197,153,153,300,327,354,325,325,387,396,396,437,465,465,71,100,100,70,79,97,245,245,271,271,280,307,245,245,245,274,274,274],"floor_reached":77,"playtime":2505,"items_purged":["Doom and Gloom","Glutton:GoldenArmor"],"score":1263,"play_id":"28fc0681-f937-4e36-b4c5-6d2a75f3ffa5","local_time":"20210106115432","daily_mods":["Blue Cards","Colorless Cards","Time Dilation","Flight","downfall:Jewelcrafting"],"is_ascension_mode":false,"campfire_choices":[{"floor":6,"key":"REST"},{"floor":8,"key":"REST"},{"data":"Slimebound:DuplicatedForm","floor":10,"key":"SMITH"},{"data":"Zap","floor":15,"key":"SMITH"},{"floor":23,"key":"REST"},{"floor":25,"key":"REST"},{"data":"Glutton:StarvationMode","floor":29,"key":"SMITH"},{"data":"Glutton:StarvationMode","floor":30,"key":"SMITH"},{"data":"Guardian:ConstructionForm","floor":32,"key":"SMITH"},{"data":"FIFO Queue","floor":40,"key":"SMITH"},{"data":"Defragment","floor":41,"key":"SMITH"},{"data":"Force Field","floor":42,"key":"SMITH"},{"data":"expansioncontent:DefensiveStance","floor":47,"key":"SMITH"},{"data":"Glacier","floor":49,"key":"SMITH"},{"data":"Glutton:StarvationMode","floor":57,"key":"SMITH"},{"data":"Storm","floor":74,"key":"SMITH"}],"circlet_count":0,"master_deck":["Demon Form","Wraith Form v2","Echo Form+1","DevaForm","Glutton:StarvationMode+1","Guardian:ConstructionForm+1","hexamod:ParanormalForm","Slimebound:DuplicatedForm+1","sneckomod:SerpentMind","Strike_B","Strike_B+1","Strike_B","Strike_B","Defend_B","Defend_B","Defend_B","Defend_B","Zap+1","Dualcast","Guardian:ExploitGems","Guardian:ExploitGems","expansioncontent:AwakenDeath","Glutton:Scab","Conserve Battery+1","Glutton:Mug+1","Ball Lightning","Glutton:StarvationMode+1","Stack","Defragment+1","Spreading Infection","Hologram","expansioncontent:DefensiveStance+1","Regret","Mirror Shield","Glutton:Borborygmi+1","FIFO Queue+1","Force Field+1","Glacier+1","Tempest+1","Writhe","Turbo+1","Glutton:StarvationMode+1","Slimebound:Icky","Writhe","CommonCold","Guardian:ExploitGems","Guardian:ExploitGems","Glutton:Revivification","Glutton:Misery","Glutton:Misery","Leap+1","Capacitor","Buffer","Storm+1","Parasite","Guardian:Gem_Lightblue","Guardian:Gem_Green","expansioncontent:StudyTheSpire","Hologram+1","Decay","Conserve Battery+1","Static Discharge","Redo+1"],"relics":["Cracked Core","Guardian:PickAxe","replay:Trail_Library","Bag of Marbles","Bag of Preparation","Guardian:PocketSentry","Runic Pyramid","Gremlin Food","Art of War","ReplayTheSpireMod:Ring of Collecting","Ring of Shattering","Question Card","ReplayTheSpireMod:Ring of Addiction","SacredBark","Chameleon Ring","MutagenicStrength","Replay:Wanted Poster","CeramicFish","Vajra","Ring of Misfortune","Toxic Egg 2","Cables","Ring of Peace","Blue Candle","Replay:Ancient Bell","Replay:Antivirus Software","White Beast Statue","Ice Cream","Guardian:PickAxe","replay:Trail_Library","Pantograph","Ring of Fury","Replay:Bottled Snecko","Dream Catcher","Snack Pack"],"acts_visited":["Exordium","TheCity","TheBeyond","Exordium","TheCity"],"potions_floor_usage":[27,27,44,55,55,58,62,67,67,72,76,77,77],"damage_taken":[{"damage":12,"enemies":"Cultist","floor":1,"turns":5},{"damage":13,"enemies":"2 Louse","floor":2,"turns":5},{"damage":0,"enemies":"Jaw Worm","floor":13,"turns":3},{"damage":26,"enemies":"Slime Boss","floor":16,"turns":9},{"damage":70,"enemies":"3 Byrds","floor":18,"turns":7},{"damage":10,"enemies":"Shell Parasite","floor":27,"turns":7},{"damage":54,"enemies":"Automaton","floor":33,"turns":11},{"damage":22,"enemies":"3 Shapes","floor":35,"turns":6},{"damage":15,"enemies":"Orb Walker","floor":44,"turns":3},{"damage":20,"enemies":"Replay:Hell Engine","floor":50,"turns":10},{"damage":0,"enemies":"2 Louse","floor":52,"turns":4},{"damage":0,"enemies":"Gremlin Nob","floor":55,"turns":2},{"damage":0,"enemies":"Small Slimes","floor":58,"turns":5},{"damage":0,"enemies":"Cultist","floor":59,"turns":4},{"damage":0,"enemies":"Blue Slaver","floor":62,"turns":4},{"damage":4,"enemies":"The Guardian","floor":67,"turns":7},{"damage":26,"enemies":"Spheric Guardian","floor":69,"turns":3},{"damage":0,"enemies":"Shell Parasite","floor":72,"turns":2},{"damage":25,"enemies":"Centurion and Healer","floor":76,"turns":4},{"damage":65,"enemies":"Slavers","floor":77,"turns":3}],"seed_played":"-2767370034040584159","potions_obtained":[{"floor":2,"key":"AttackPotion"},{"floor":12,"key":"BlessingOfTheForge"},{"floor":12,"key":"FocusPotion"},{"floor":12,"key":"Explosive Potion"},{"floor":26,"key":"FocusPotion"},{"floor":26,"key":"Block Potion"},{"floor":27,"key":"Block Potion"},{"floor":33,"key":"Block Potion"},{"floor":44,"key":"Block Potion"},{"floor":50,"key":"Slimebound:ThreeZeroPotion"},{"floor":55,"key":"Adrenaline Potion"},{"floor":58,"key":"SteroidPotion"},{"floor":59,"key":"BlessingOfTheForge"},{"floor":62,"key":"Reflective Coating"},{"floor":67,"key":"Reflective Coating"},{"floor":69,"key":"SteroidPotion"},{"floor":72,"key":"LiquidBronze"},{"floor":76,"key":"Weak Potion"}],"is_trial":true,"path_per_floor":["M","M","$","?","?","R","?","R","T","R","$","?","M","$","R","B",null,"M","?","$","T","$","R","?","R","T","M","?","R","R","?","R","B",null,"M","$","T","$","?","R","R","R","T","M","?","?","R","$","R","B",null,"M","$","?","?","?","R","M","M","T","$","M","?","$","?","R","B",null,"M","?","?","M","$","R","$","M","E"],"character_chosen":"DEFECT","items_purchased":["Conserve Battery+1","Guardian:PocketSentry","Defragment","FIFO Queue","Force Field","Glacier","CeramicFish","Vajra","Cables","Turbo+1","Glutton:Misery","Dream Catcher","Snack Pack","Storm","Static Discharge"],"campfire_rested":4,"item_purchase_floors":[3,11,22,36,36,36,36,36,38,48,53,61,61,64,73],"current_hp_per_floor":[63,50,50,43,43,65,54,75,75,75,75,75,75,75,75,49,75,25,25,25,25,25,47,47,69,69,75,75,75,75,73,73,54,71,69,69,69,69,69,67,67,67,65,65,65,65,65,63,63,48,61,61,61,64,64,64,64,64,64,64,64,62,62,62,62,60,60,60,34,54,54,54,54,54,54,45,0,0],"gold":274,"neow_bonus":"","is_daily":false,"chose_seed":false,"campfire_upgraded":12,"win_rate":0.0,"timestamp":1609959272,"path_taken":["M","?","$","?","?","R","?","R","T","R","$","?","?","?","R","BOSS","M","?","$","?","$","R","?","R","T","?","?","R","R","?","R","BOSS","M","$","?","$","?","R","R","R","T","M","?","?","R","$","R","BOSS","M","$","?","?","?","R","M","?","T","$","M","?","$","?","R","BOSS","M","?","?","M","$","R","$","?","E"],"items_purchased_type":["Card","Relic","Card","Card","Card","Card","Relic","Relic","Relic","Card","Card","Relic","Relic","Card","Card"],"build_version":"2020-12-22","purchased_purges":2,"victory":false,"max_hp_per_floor":[75,75,75,75,75,75,75,75,75,75,75,75,75,75,75,75,75,75,75,75,75,75,75,75,75,75,75,75,75,75,73,73,73,71,71,71,69,69,69,67,67,67,65,65,65,65,65,63,63,63,61,61,61,64,64,64,64,64,64,64,64,62,62,62,62,60,60,60,60,60,58,58,58,58,58,56,56,56],"card_choices":[{"not_picked":["Go for the Eyes","Glutton:GnawingHunger"],"picked":"expansioncontent:AwakenDeath","floor":1},{"not_picked":["Glutton:Rest","Glutton:Tantrum"],"picked":"Glutton:Scab","floor":2},{"not_picked":["Glutton:Tantrum","expansioncontent:StudyTheSpire"],"picked":"Ball Lightning","floor":13},{"not_picked":["Glutton:Inversion","Apotheosis"],"picked":"Glutton:StarvationMode","floor":16},{"not_picked":["Impatience","Glutton:Demolish"],"picked":"Stack","floor":18},{"not_picked":["Glutton:Strain","Replay:SS_fish_1","expansioncontent:DarkVoid"],"picked":"Hologram","floor":27},{"not_picked":["Glutton:Malignancy","expansioncontent:QuickStudy","Thinking Ahead"],"picked":"Mirror Shield","floor":33},{"not_picked":["Glutton:Rapacity","Blind+1","Rebound"],"picked":"Glutton:Borborygmi+1","floor":35},{"not_picked":["Glutton:Brace+1","Glutton:PainMeditation+1","Glutton:Slam"],"picked":"Tempest+1","floor":44},{"not_picked":["Machine Learning","expansioncontent:QuickStudy+1","Glutton:Reminisce"],"picked":"Glutton:StarvationMode","floor":50},{"not_picked":["Languid","Guardian:Aged","Decay"],"picked":"Slimebound:Icky","floor":51},{"not_picked":["Spreading Infection","Shame","Pain"],"picked":"Writhe","floor":51},{"not_picked":["Slimebound:Icky","ReplayTheSpireMod:IOU","Decay"],"picked":"CommonCold","floor":51},{"not_picked":["Finesse+1","Glutton:SelfFlagellate+1","Glutton:ObsessiveGreed+1"],"picked":"Glutton:Revivification","floor":52},{"not_picked":["Panic Button+1","expansioncontent:AwakenDeath","Streamline"],"picked":"Leap+1","floor":58},{"not_picked":["Glutton:Yearn+1","Glutton:Borborygmi","Glutton:Torment"],"picked":"Capacitor","floor":59},{"not_picked":["Glutton:Regurgitate","Glutton:KneeJerk","Redo+1"],"picked":"Buffer","floor":62},{"not_picked":["expansioncontent:DashGenerateEvil","Transmutation+1","Glutton:Retaliation"],"picked":"expansioncontent:StudyTheSpire","floor":67},{"not_picked":["Reprogram+1","Swift Strike","expansioncontent:DecasProtection+1"],"picked":"Hologram+1","floor":69},{"not_picked":["Glutton:Bite","Cold Snap","Coolheaded+1"],"picked":"Conserve Battery+1","floor":72},{"not_picked":["Panic Button+1","Compile Driver+1","expansioncontent:Chronoboost+1"],"picked":"Redo+1","floor":76}],"player_experience":584450,"relics_obtained":[{"floor":9,"key":"Bag of Preparation"},{"floor":21,"key":"Art of War"},{"floor":24,"key":"ReplayTheSpireMod:Ring of Collecting"},{"floor":24,"key":"Ring of Shattering"},{"floor":26,"key":"Question Card"},{"floor":26,"key":"ReplayTheSpireMod:Ring of Addiction"},{"floor":26,"key":"SacredBark"},{"floor":26,"key":"Chameleon Ring"},{"floor":37,"key":"Ring of Misfortune"},{"floor":37,"key":"Toxic Egg 2"},{"floor":43,"key":"Ring of Peace"},{"floor":43,"key":"Blue Candle"},{"floor":60,"key":"Ring of Fury"},{"floor":60,"key":"Replay:Bottled Snecko"}],"event_choices":[{"damage_healed":0,"gold_gain":0,"player_choice":"Success","damage_taken":7,"relics_obtained":["Bag of Marbles"],"max_hp_gain":0,"max_hp_loss":0,"event_name":"Scrap Ooze","floor":4,"gold_loss":0},{"damage_healed":0,"gold_gain":0,"player_choice":"Grow","damage_taken":0,"max_hp_gain":0,"max_hp_loss":0,"event_name":"Living Wall","floor":5,"gold_loss":0,"cards_upgraded":["Echo Form"]},{"damage_healed":0,"gold_gain":75,"player_choice":"Gather Gold","damage_taken":11,"max_hp_gain":0,"max_hp_loss":0,"event_name":"World of Goop","floor":7,"gold_loss":0},{"damage_healed":0,"gold_gain":0,"player_choice":"Got Potions","damage_taken":0,"max_hp_gain":0,"max_hp_loss":0,"event_name":"Lab","floor":12,"gold_loss":0},{"damage_healed":0,"gold_gain":0,"player_choice":"Gave Potion","damage_taken":0,"relics_obtained":["Gremlin Food"],"max_hp_gain":0,"max_hp_loss":0,"event_name":"WeMeetAgain","floor":19,"gold_loss":0},{"damage_healed":0,"gold_gain":0,"player_choice":"Inject Mutagens","damage_taken":0,"relics_obtained":["MutagenicStrength"],"max_hp_gain":0,"max_hp_loss":0,"event_name":"Drug Dealer","floor":28,"gold_loss":0},{"damage_healed":0,"gold_gain":275,"player_choice":"Desecrate","damage_taken":0,"max_hp_gain":0,"max_hp_loss":0,"event_name":"Golden Shrine","floor":31,"gold_loss":0,"cards_obtained":["Regret"]},{"damage_healed":0,"gold_gain":0,"player_choice":"Ignored","damage_taken":0,"max_hp_gain":0,"max_hp_loss":0,"event_name":"Mysterious Sphere","floor":39,"gold_loss":0},{"damage_healed":0,"gold_gain":0,"player_choice":"Ignored","damage_taken":0,"max_hp_gain":0,"max_hp_loss":0,"event_name":"Tomb of Lord Red Mask","floor":45,"gold_loss":0},{"damage_healed":16,"gold_gain":0,"player_choice":"Writhe","damage_taken":0,"max_hp_gain":0,"max_hp_loss":0,"event_name":"Winding Halls","floor":46,"gold_loss":0,"cards_obtained":["Writhe"]},{"damage_healed":0,"gold_gain":0,"player_choice":"Donut","damage_taken":0,"max_hp_gain":5,"max_hp_loss":0,"event_name":"Big Fish","floor":54,"gold_loss":0},{"damage_healed":0,"gold_gain":0,"player_choice":"Searched \u00272\u0027 times","damage_taken":0,"relics_obtained":["Pantograph"],"max_hp_gain":0,"max_hp_loss":0,"event_name":"Dead Adventurer","floor":55,"gold_loss":0},{"damage_healed":0,"gold_gain":0,"player_choice":"Leave","damage_taken":0,"max_hp_gain":0,"max_hp_loss":0,"event_name":"The Cleric","floor":63,"gold_loss":0},{"damage_healed":15,"gold_gain":0,"player_choice":"Healed and dodged fight","damage_taken":0,"max_hp_gain":0,"max_hp_loss":0,"event_name":"Mushrooms","floor":65,"gold_loss":0,"cards_obtained":["Parasite"]},{"damage_healed":20,"gold_gain":0,"player_choice":"Heal","damage_taken":0,"max_hp_gain":0,"max_hp_loss":0,"event_name":"The Library","floor":70,"gold_loss":0},{"damage_healed":0,"gold_gain":0,"player_choice":"Cursed","damage_taken":0,"max_hp_gain":0,"max_hp_loss":0,"event_name":"Wheel of Change","floor":71,"gold_loss":0,"cards_obtained":["Decay"]}],"is_beta":false,"boss_relics":[{"not_picked":["Empty Cage","Ring of Chaos"],"picked":"Runic Pyramid"},{"not_picked":["Abe\u0027s Treasure","Fusion Hammer"],"picked":"Replay:Wanted Poster"},{"not_picked":["FrozenCore","Black Star"],"picked":"Replay:Ancient Bell"},{"not_picked":["sneckomod:BlankCard","Replay:Mystery Machine"],"picked":"Replay:Antivirus Software"},{"not_picked":["StrikeDummy","Mercury Hourglass"],"picked":"White Beast Statue"},{"not_picked":["Pondfish Scales","Bird Faced Urn"],"picked":"Ice Cream"},{"not_picked":["Kintsugi","Nuclear Battery","Painkiller Herb"]}],"items_purged_floors":[22,38],"is_endless":true,"potions_floor_spawned":[2,18,27,33,35,44,50,52,55,58,59,62,67,69,72,76],"killed_by":"Slavers","ascension_level":0}}