{"host":"mydft8i2zzydgggw","time":1609953824,"event":{"mods":["AchievementEnabler","BaseMod","BetterRewards","Colored Map","Colored Powertips","DeckTracker","Keyboard Shortcuts","Minty Spire (QoL Compilation)","Quick Restart","Rare Cards Sparkle","StSLib","SuperFastMode","The Poker Player","everything is the same but u backflip on backflip"],"gold_per_floor":[118,130,147,166,182,207,207,207,207,234,234,234,309,319,319,418,418,432,118,118,50,62,91,91,122,122,122,122,135,153,53,53,148,148,168,181,181,198,1,28,28,28,28],"floor_reached":42,"playtime":1116,"items_purged":["Strike_G","All Out Attack"],"score":626,"play_id":"4e9ccf3d-da06-4b47-b8af-024ae6441572","local_time":"20210107022344","is_ascension_mode":true,"campfire_choices":[{"floor":7.0,"key":"REST"},{"floor":11.0,"key":"REST"},{"floor":15.0,"key":"REST"},{"data":"Blade Dance","floor":24.0,"key":"SMITH"},{"floor":32.0,"key":"REST"}],"circlet_count":0,"master_deck":["Defend_G","Survivor","Neutralize","Storm of Steel","Blade Dance","Backflip","Blade Dance+1","Bouncing Flask","Cloak And Dagger","Reflex","Die Die Die","Slice+1","Distraction+1","Noxious Fumes+1","Accuracy","Terror","Acrobatics","Accuracy","Panacea","Acrobatics+1","Acrobatics+1"],"relics":["Ring of the Serpent","FossilizedHelix","Paper Crane","Vajra","Astrolabe","Shuriken","Darkstone Periapt","CaptainsWheel","Matryoshka","Membership Card","Gremlin Horn"],"acts_visited":["Exordium","TheCity","TheBeyond"],"potions_floor_usage":[38,39],"damage_taken":[{"damage":4.0,"enemies":"Jaw Worm","floor":1.0,"turns":3.0},{"damage":7.0,"enemies":"2 Louse","floor":2.0,"turns":2.0},{"damage":7.0,"enemies":"Cultist","floor":3.0,"turns":4.0},{"damage":4.0,"enemies":"Red Slaver","floor":4.0,"turns":4.0},{"damage":0.0,"enemies":"2 Fungi Beasts","floor":5.0,"turns":1.0},{"damage":35.0,"enemies":"3 Sentries","floor":6.0,"turns":11.0},{"damage":20.0,"enemies":"Lagavulin","floor":10.0,"turns":5.0},{"damage":4.0,"enemies":"Exordium Wildlife","floor":14.0,"turns":5.0},{"damage":10.0,"enemies":"Slime Boss","floor":16.0,"turns":9.0},{"damage":0.0,"enemies":"3 Byrds","floor":18.0,"turns":4.0},{"damage":0.0,"enemies":"2 Thieves","floor":22.0,"turns":2.0},{"damage":14.0,"enemies":"Book of Stabbing","floor":23.0,"turns":5.0},{"damage":14.0,"enemies":"Slavers","floor":25.0,"turns":3.0},{"damage":0.0,"enemies":"Centurion and Healer","floor":29.0,"turns":4.0},{"damage":2.0,"enemies":"Shelled Parasite and Fungi","floor":30.0,"turns":3.0},{"damage":12.0,"enemies":"Collector","floor":33.0,"turns":4.0},{"damage":0.0,"enemies":"Orb Walker","floor":35.0,"turns":2.0},{"damage":43.0,"enemies":"3 Shapes","floor":36.0,"turns":2.0},{"damage":0,"enemies":"Maw","floor":38,"turns":4},{"damage":0,"enemies":"Giant Head","floor":40,"turns":3},{"damage":41,"enemies":"Nemesis","floor":42,"turns":2}],"seed_played":"1802951932502662806","potions_obtained":[{"floor":2.0,"key":"SteroidPotion"},{"floor":5.0,"key":"Dexterity Potion"},{"floor":10.0,"key":"DuplicationPotion"},{"floor":14.0,"key":"SteroidPotion"},{"floor":18.0,"key":"EssenceOfSteel"},{"floor":23.0,"key":"DistilledChaos"},{"floor":30.0,"key":"ColorlessPotion"},{"floor":36.0,"key":"PowerPotion"}],"is_trial":false,"path_per_floor":["M","M","M","M","M","E","R","?","T","E","R","?","?","M","R","B",null,"M","$","?","$","M","E","R","E","T","?","?","M","M","$","R","B",null,"M","M","?","M","$","E","?","E"],"character_chosen":"THE_SILENT","items_purchased":["Shuriken","Accuracy","Membership Card","Fruit Juice"],"campfire_rested":4,"item_purchase_floors":[19,21,39,39],"current_hp_per_floor":[66,59,52,48,48,13,34,34,34,14,35,28,17,13,34,24,59,59,59,59,59,59,45,45,31,31,31,24,24,22,22,43,31,60,60,17,17,17,22,22,22,0,0],"gold":28,"neow_bonus":"ONE_RANDOM_RARE_CARD","is_daily":false,"chose_seed":false,"campfire_upgraded":1,"win_rate":0.0,"timestamp":1609953824,"path_taken":["M","M","M","M","M","E","R","?","T","E","R","?","?","M","R","BOSS","M","$","?","$","M","E","R","E","T","?","?","M","?","?","R","BOSS","M","M","?","M","$","E","?","E"],"items_purchased_type":["Relic","Card","Relic","Potion"],"build_version":"2020-12-22","purchased_purges":2,"victory":false,"max_hp_per_floor":[70,70,70,70,70,70,70,70,70,70,70,70,70,70,70,70,70,70,70,70,70,70,70,70,70,70,70,70,70,70,70,70,70,70,70,70,70,70,75,75,75,75,75],"card_choices":[{"not_picked":["Cloak And Dagger","Flechettes"],"picked":"Blade Dance","floor":1.0},{"not_picked":["Underhanded Strike","Skewer","Quick Slash"],"picked":"SKIP","floor":2.0},{"not_picked":["Predator","Outmaneuver","Concentrate"],"picked":"SKIP","floor":3.0},{"not_picked":["Outmaneuver","Underhanded Strike"],"picked":"Backflip","floor":4.0},{"not_picked":["Choke","Dodge and Roll"],"picked":"Blade Dance","floor":5.0},{"not_picked":["Cloak And Dagger","Slice"],"picked":"Bouncing Flask","floor":6.0},{"not_picked":["Bane","Slice"],"picked":"Cloak And Dagger","floor":10.0},{"not_picked":["Dodge and Roll","Storm of Steel"],"picked":"Reflex","floor":14.0},{"not_picked":["Unload","Doppelganger"],"picked":"Die Die Die","floor":16.0},{"not_picked":["Cloak And Dagger","Sucker Punch","Outmaneuver"],"picked":"SKIP","floor":18.0},{"not_picked":["Choke","Deadly Poison+1","Sucker Punch+1"],"picked":"SKIP","floor":22.0},{"not_picked":["Night Terror","All Out Attack","Dagger Spray"],"picked":"SKIP","floor":23.0},{"not_picked":["Predator","Poisoned Stab","Quick Slash"],"picked":"SKIP","floor":25.0},{"not_picked":["Slice+1","Deadly Poison"],"picked":"Acrobatics","floor":29.0},{"not_picked":["Backstab+1","Outmaneuver","Escape Plan"],"picked":"SKIP","floor":30.0},{"not_picked":["Backflip","Reflex"],"picked":"Accuracy","floor":35.0},{"not_picked":["Leg Sweep","Endless Agony","Deadly Poison+1"],"picked":"SKIP","floor":36.0},{"not_picked":["Transmutation","Jack Of All Trades"],"picked":"Panacea","floor":37.0},{"not_picked":["Predator+1","Blur+1"],"picked":"Acrobatics+1","floor":38},{"not_picked":["Skewer+1","Dash"],"picked":"Acrobatics+1","floor":40}],"player_experience":122823,"relics_obtained":[{"floor":6.0,"key":"FossilizedHelix"},{"floor":9.0,"key":"Paper Crane"},{"floor":10.0,"key":"Vajra"},{"floor":23.0,"key":"Darkstone Periapt"},{"floor":25.0,"key":"CaptainsWheel"},{"floor":26.0,"key":"Matryoshka"},{"floor":40,"key":"Gremlin Horn"}],"event_choices":[{"cards_removed":["Strike_G"],"damage_healed":0.0,"max_hp_gain":0.0,"max_hp_loss":0.0,"gold_gain":0.0,"event_name":"Living Wall","player_choice":"Forget","floor":8.0,"gold_loss":0.0,"damage_taken":0.0},{"cards_removed":["Strike_G"],"damage_healed":0.0,"max_hp_gain":0.0,"max_hp_loss":0.0,"gold_gain":0.0,"event_name":"Golden Wing","player_choice":"Card Removal","floor":12.0,"gold_loss":0.0,"damage_taken":7.0},{"damage_healed":0.0,"max_hp_gain":0.0,"max_hp_loss":0.0,"gold_gain":75.0,"event_name":"World of Goop","player_choice":"Gather Gold","floor":13.0,"gold_loss":0.0,"damage_taken":11.0},{"cards_removed":["Strike_G"],"damage_healed":0.0,"max_hp_gain":0.0,"max_hp_loss":0.0,"gold_gain":0.0,"event_name":"Back to Basics","player_choice":"Elegance","floor":20.0,"gold_loss":0.0,"damage_taken":0.0},{"damage_healed":0.0,"max_hp_gain":0.0,"max_hp_loss":0.0,"gold_gain":0.0,"cards_transformed":["Defend_G","Defend_G"],"event_name":"Drug Dealer","player_choice":"Became Test Subject","floor":27.0,"gold_loss":0.0,"damage_taken":0.0,"cards_obtained":["Terror","All Out Attack"]},{"damage_healed":0.0,"max_hp_gain":0.0,"max_hp_loss":0.0,"gold_gain":0.0,"event_name":"Wheel of Change","player_choice":"Damaged","floor":28.0,"gold_loss":0.0,"damage_taken":7.0},{"damage_healed":0.0,"max_hp_gain":0.0,"max_hp_loss":0.0,"gold_gain":0.0,"event_name":"SensoryStone","player_choice":"Memory 1","floor":37.0,"gold_loss":0.0,"damage_taken":0.0},{"damage_healed":0,"gold_gain":0,"player_choice":"Ignored","damage_taken":0,"max_hp_gain":0,"max_hp_loss":0,"event_name":"Mysterious Sphere","floor":41,"gold_loss":0}],"is_beta":false,"boss_relics":[{"not_picked":["Fusion Hammer","Black Star"],"picked":"Astrolabe"},{"not_picked":["Runic Dome","SlaversCollar"],"picked":"Ring of the Serpent"}],"items_purged_floors":[19,31],"is_endless":false,"potions_floor_spawned":[2,5,10,14,18,23,30,36],"killed_by":"Nemesis","ascension_level":5}}