{"host":"q8niu1x2pgv94o1d","time":1609946460,"event":{"mods":["AchievementEnabler","BaseMod","Colored Map","Colored Powertips","Minty Spire (QoL Compilation)","StSLib"],"gold_per_floor":[110,110,126,137,151,185,185,110,156,191,201,276,276,289,289,289,289],"floor_reached":16,"playtime":882,"items_purged":["Defend_R"],"score":118,"play_id":"f2628f07-bd43-4db6-abb0-3987dea71830","local_time":"20210106162100","is_ascension_mode":true,"campfire_choices":[{"data":"Bash","floor":7,"key":"SMITH"},{"floor":15,"key":"REST"}],"circlet_count":0,"master_deck":["Strike_R","Strike_R","Strike_R","Strike_R","Defend_R","Bash+1","Armaments","Parasite"],"relics":["Burning Blood","InkBottle","Regal Pillow","Dream Catcher"],"acts_visited":["Exordium"],"potions_floor_usage":[10,16,16],"damage_taken":[{"damage":4,"enemies":"2 Louse","floor":1,"turns":4},{"damage":1,"enemies":"Cultist","floor":3,"turns":3},{"damage":6,"enemies":"Jaw Worm","floor":4,"turns":3},{"damage":12,"enemies":"Looter","floor":5,"turns":5},{"damage":27,"enemies":"Gremlin Nob","floor":6,"turns":4},{"damage":44,"enemies":"Lagavulin","floor":10,"turns":6},{"damage":4,"enemies":"Blue Slaver","floor":11,"turns":4},{"damage":17,"enemies":"Lots of Slimes","floor":14,"turns":5},{"damage":54,"enemies":"Hexaghost","floor":16,"turns":9}],"seed_played":"-1545250506896639731","potions_obtained":[{"floor":1,"key":"GamblersBrew"},{"floor":3,"key":"BloodPotion"},{"floor":11,"key":"PowerPotion"}],"is_trial":false,"path_per_floor":["M","?","M","M","M","E","R","$","T","E","M","?","?","M","R","B"],"character_chosen":"IRONCLAD","items_purchased":[],"campfire_rested":1,"item_purchase_floors":[],"current_hp_per_floor":[58,58,63,63,57,36,36,36,36,14,16,5,25,14,53,0,0],"gold":289,"neow_bonus":"REMOVE_TWO","is_daily":false,"chose_seed":false,"campfire_upgraded":1,"win_rate":0.0,"timestamp":1609946460,"path_taken":["M","?","?","M","?","E","R","$","T","E","M","?","?","M","R","BOSS"],"items_purchased_type":[],"build_version":"2020-12-22","purchased_purges":1,"victory":false,"max_hp_per_floor":[80,80,80,80,80,80,80,80,80,80,80,80,80,80,80,80,80],"card_choices":[{"not_picked":["Infernal Blade","Cleave","Warcry"],"picked":"SKIP","floor":1},{"not_picked":["Reckless Charge","Flex","Whirlwind"],"picked":"SKIP","floor":3},{"not_picked":["Feel No Pain","Ghostly Armor","Pummel"],"picked":"SKIP","floor":4},{"not_picked":["Pommel Strike","Carnage","Cleave"],"picked":"SKIP","floor":5},{"not_picked":["Second Wind","Infernal Blade","Disarm"],"picked":"SKIP","floor":6},{"not_picked":["Feel No Pain","Sentinel"],"picked":"Armaments","floor":10},{"not_picked":["Wild Strike","Heavy Blade","Perfected Strike"],"picked":"SKIP","floor":11},{"not_picked":["Flame Barrier","Blood for Blood","Entrench"],"picked":"SKIP","floor":14}],"player_experience":1753429,"relics_obtained":[{"floor":6,"key":"InkBottle"},{"floor":9,"key":"Regal Pillow"},{"floor":10,"key":"Dream Catcher"}],"event_choices":[{"cards_removed":["Defend_R"],"damage_healed":0,"gold_gain":0,"player_choice":"Purged","damage_taken":0,"max_hp_gain":0,"max_hp_loss":0,"event_name":"Purifier","floor":2,"gold_loss":0},{"damage_healed":0,"gold_gain":75,"player_choice":"Gather Gold","damage_taken":11,"max_hp_gain":0,"max_hp_loss":0,"event_name":"World of Goop","floor":12,"gold_loss":0},{"damage_healed":20,"gold_gain":0,"player_choice":"Healed and dodged fight","damage_taken":0,"max_hp_gain":0,"max_hp_loss":0,"event_name":"Mushrooms","floor":13,"gold_loss":0,"cards_obtained":["Parasite"]}],"is_beta":false,"boss_relics":[],"items_purged_floors":[8],"is_endless":false,"potions_floor_spawned":[1,3,11],"killed_by":"Hexaghost","ascension_level":1}}