{"host":"3a1ypf1irl30q4k8","time":1609957241,"event":{"mods":["AchievementEnabler","BaseMod","Bestiary","Colored Map","Minty Spire (QoL Compilation)","Relic Stats"],"gold_per_floor":[367,385,402,412,362,395,409,420,420,44,55,55,66,80,80,80,80],"floor_reached":16,"playtime":1095,"items_purged":["Strike_G"],"score":113,"play_id":"3f703d71-ac03-473d-9060-a657ac30dc26","local_time":"20210106182041","is_ascension_mode":true,"campfire_choices":[{"floor":12,"key":"REST"},{"data":"Dagger Spray","floor":15,"key":"SMITH"}],"circlet_count":0,"master_deck":["Strike_G","Strike_G","Strike_G","Defend_G","Defend_G","Defend_G","Defend_G","Defend_G","Survivor","Neutralize","Quick Slash","Escape Plan","Deflect","Dagger Throw","Burst","Footwork","Dagger Spray+1","Noxious Fumes","Crippling Poison"],"relics":["Ring of the Snake","Letter Opener","Singing Bowl","OrangePellets"],"acts_visited":["Exordium"],"potions_floor_usage":[8,8,16],"damage_taken":[{"damage":1,"enemies":"Cultist","floor":1,"turns":6},{"damage":0,"enemies":"Jaw Worm","floor":2,"turns":4},{"damage":0,"enemies":"2 Louse","floor":3,"turns":2},{"damage":2,"enemies":"Looter","floor":4,"turns":4},{"damage":19,"enemies":"3 Sentries","floor":6,"turns":12},{"damage":0,"enemies":"Exordium Wildlife","floor":7,"turns":3},{"damage":9,"enemies":"Large Slime","floor":8,"turns":11},{"damage":15,"enemies":"Blue Slaver","floor":11,"turns":4},{"damage":0,"enemies":"Red Slaver","floor":13,"turns":4},{"damage":3,"enemies":"Lots of Slimes","floor":14,"turns":4},{"damage":41,"enemies":"Slime Boss","floor":16,"turns":10}],"seed_played":"-5445208059231959977","potions_obtained":[{"floor":1,"key":"SneckoOil"},{"floor":7,"key":"EssenceOfSteel"},{"floor":11,"key":"FearPotion"}],"is_trial":false,"path_per_floor":["M","M","M","M","?","E","M","M","T","$","M","R","M","M","R","B"],"character_chosen":"THE_SILENT","items_purchased":["OrangePellets","Noxious Fumes","Crippling Poison"],"campfire_rested":1,"item_purchase_floors":[10,10,10],"current_hp_per_floor":[62,62,62,60,60,41,41,32,32,32,19,38,40,39,39,0,0],"gold":80,"neow_bonus":"TWO_FIFTY_GOLD","is_daily":false,"chose_seed":false,"campfire_upgraded":1,"win_rate":0.0,"timestamp":1609957241,"path_taken":["M","M","M","?","?","E","M","M","T","$","M","R","M","M","R","BOSS"],"items_purchased_type":["Relic","Card","Card"],"build_version":"2020-12-22","purchased_purges":1,"victory":false,"max_hp_per_floor":[63,63,63,63,63,63,63,63,63,63,65,65,67,69,69,69,69],"relic_stats":{"OrangePellets":[2],"Singing Bowl":6,"counters":[11,64],"Letter Opener":[128],"obtain_stats":[{"OrangePellets":10,"Singing Bowl":9,"Letter Opener":6,"Ring of the Snake":0},{"OrangePellets":7,"Singing Bowl":7,"Letter Opener":5,"Ring of the Snake":0},{"OrangePellets":42,"Singing Bowl":42,"Letter Opener":28,"Ring of the Snake":0}],"Ring of the Snake":[22]},"card_choices":[{"not_picked":["Setup","Outmaneuver"],"picked":"Quick Slash","floor":1},{"not_picked":["Calculated Gamble","Outmaneuver"],"picked":"Escape Plan","floor":2},{"not_picked":["Distraction","Bane"],"picked":"Deflect","floor":3},{"not_picked":["Outmaneuver","Slice"],"picked":"Dagger Throw","floor":4},{"not_picked":["Prepared","Bane"],"picked":"Burst","floor":6},{"not_picked":["Quick Slash","Dagger Throw"],"picked":"Footwork","floor":7},{"not_picked":["Skewer","Setup"],"picked":"Dagger Spray","floor":8},{"not_picked":["All Out Attack","Heel Hook","Prepared"],"picked":"Singing Bowl","floor":11},{"not_picked":["Quick Slash","Flechettes","Poisoned Stab"],"picked":"Singing Bowl","floor":13},{"not_picked":["Heel Hook","Dagger Throw","Flying Knee"],"picked":"Singing Bowl","floor":14}],"player_experience":979112,"relics_obtained":[{"floor":6,"key":"Letter Opener"},{"floor":9,"key":"Singing Bowl"}],"event_choices":[{"cards_removed":["Strike_G"],"damage_healed":0,"gold_gain":0,"player_choice":"Card Removal","damage_taken":0,"max_hp_gain":0,"max_hp_loss":0,"event_name":"The Cleric","floor":5,"gold_loss":50}],"is_beta":false,"boss_relics":[],"items_purged_floors":[10],"is_endless":false,"potions_floor_spawned":[1,7,11],"killed_by":"Slime Boss","ascension_level":1}}