{"host":"zcz0awyw9el3eccp","time":1609964678,"event":{"mods":["AchievementEnabler","BaseMod","Colored Powertips","Googly Eyes","Minty Spire (QoL Compilation)","Quick Restart","StSLib"],"gold_per_floor":[116,191,40,40,59,59,79,114,114,39,55,80,80,80,80,211,211,211,126,126,126,126,126,126,126,126,126,126,26,26,26,26,26,26,26,26,26,26,26,26,26,26,26,26,26,26,26,26,26,26,26,26,26,26,26,26],"floor_reached":55,"playtime":2568,"items_purged":["Strike_R","Strike_R"],"score":720,"play_id":"9833a92c-9098-4faf-821c-64b15a137412","local_time":"20210106212438","is_ascension_mode":false,"campfire_choices":[{"floor":6,"key":"RECALL"},{"data":"Inflame","floor":13,"key":"SMITH"},{"floor":15,"key":"REST"},{"data":"Barricade","floor":24,"key":"SMITH"},{"data":"Berserk","floor":27,"key":"SMITH"},{"floor":32,"key":"REST"},{"data":"Inflame","floor":40,"key":"SMITH"},{"data":"Metallicize","floor":42,"key":"SMITH"},{"data":"Inflame","floor":49,"key":"SMITH"},{"data":"Disarm","floor":52,"key":"SMITH"}],"circlet_count":0,"master_deck":["Strike_R","Defend_R","Defend_R","Defend_R","Defend_R","Bash+1","Rampage+1","Pommel Strike+1","Inflame+1","Juggernaut","Disarm+1","Barricade+1","Metallicize+1","Armaments","Shockwave","Shrug It Off","Flame Barrier+1","Heavy Blade","Berserk+1","Twin Strike","Disarm+1","Thunderclap+1","Armaments+1","Inflame+1","Headbutt+1","Shrug It Off","Body Slam+1","Rampage+1","Uppercut+1","Inflame+1"],"relics":["Burning Blood","Tiny Chest","Golden Idol","Mercury Hourglass","Paper Frog","Ectoplasm","Boot","Juzu Bracelet","Singing Bowl","Whetstone","Red Mask","Coffee Dripper","Bird Faced Urn","Shuriken","Vajra","Blood Vial","Nunchaku","Magic Flower","Bag of Preparation"],"acts_visited":["Exordium","TheCity","TheBeyond","TheEnding"],"potions_floor_usage":[8,16,23,28,33,33,38,48,50,50,55],"damage_taken":[{"damage":7,"enemies":"Small Slimes","floor":1,"turns":3},{"damage":8,"enemies":"Jaw Worm","floor":5,"turns":4},{"damage":9,"enemies":"Cultist","floor":7,"turns":4},{"damage":34,"enemies":"Lagavulin","floor":8,"turns":6},{"damage":8,"enemies":"Lots of Slimes","floor":11,"turns":3},{"damage":5,"enemies":"Looter","floor":12,"turns":3},{"damage":16,"enemies":"Slime Boss","floor":16,"turns":9},{"damage":7,"enemies":"Chosen","floor":18,"turns":5},{"damage":17,"enemies":"Shell Parasite","floor":20,"turns":7},{"damage":9,"enemies":"Centurion and Healer","floor":21,"turns":6},{"damage":10,"enemies":"Snecko","floor":22,"turns":4},{"damage":42,"enemies":"Book of Stabbing","floor":23,"turns":9},{"damage":0,"enemies":"Cultist and Chosen","floor":28,"turns":6},{"damage":30,"enemies":"Masked Bandits","floor":31,"turns":6},{"damage":24,"enemies":"Collector","floor":33,"turns":10},{"damage":6,"enemies":"3 Shapes","floor":35,"turns":5},{"damage":21,"enemies":"Mind Bloom Boss Battle","floor":36,"turns":6},{"damage":20,"enemies":"3 Darklings","floor":38,"turns":5},{"damage":41,"enemies":"Transient","floor":39,"turns":5},{"damage":9,"enemies":"Nemesis","floor":41,"turns":7},{"damage":15,"enemies":"Spire Growth","floor":44,"turns":6},{"damage":0,"enemies":"Giant Head","floor":45,"turns":7},{"damage":22,"enemies":"Sphere and 2 Shapes","floor":47,"turns":4},{"damage":3,"enemies":"2 Orb Walkers","floor":48,"turns":2},{"damage":27,"enemies":"Donu and Deca","floor":50,"turns":10},{"damage":68,"enemies":"Shield and Spear","floor":54,"turns":6},{"damage":63,"enemies":"The Heart","floor":55,"turns":6}],"seed_played":"-6930760336604294987","potions_obtained":[{"floor":1,"key":"PowerPotion"},{"floor":11,"key":"SpeedPotion"},{"floor":16,"key":"Fire Potion"},{"floor":20,"key":"GamblersBrew"},{"floor":22,"key":"Ancient Potion"},{"floor":28,"key":"Strength Potion"},{"floor":31,"key":"ColorlessPotion"},{"floor":35,"key":"Regen Potion"},{"floor":44,"key":"SteroidPotion"},{"floor":45,"key":"DistilledChaos"},{"floor":47,"key":"Block Potion"},{"floor":48,"key":"Dexterity Potion"},{"floor":54,"key":"Strength Potion"}],"is_trial":false,"path_per_floor":["M","?","$","?","M","R","M","E","T","$","M","M","R","T","R","B",null,"M","?","M","M","M","E","R","?","T","R","M","$","T","?","R","B",null,"M","?","?","M","M","R","E","R","T","M","E","T","M","?","R","B",null,"R","$","E","B"],"character_chosen":"IRONCLAD","items_purchased":["Tiny Chest"],"campfire_rested":2,"item_purchase_floors":[3],"current_hp_per_floor":[79,68,68,48,46,46,43,15,15,15,13,14,14,14,38,28,80,79,79,68,65,61,25,25,25,25,25,31,31,31,7,31,15,82,82,67,67,71,44,44,53,53,53,56,74,74,68,77,77,70,82,82,82,37,0,0],"gold":26,"neow_bonus":"UPGRADE_CARD","is_daily":false,"chose_seed":false,"campfire_upgraded":7,"win_rate":0.0,"timestamp":1609964678,"path_taken":["M","?","$","?","M","R","M","E","T","?","M","?","R","?","R","BOSS","M","?","M","M","M","E","R","?","T","R","M","?","?","?","R","BOSS","M","?","?","M","M","R","E","R","T","M","E","?","M","?","R","BOSS","R","$","E","BOSS"],"items_purchased_type":["Relic"],"build_version":"2020-12-22","purchased_purges":2,"victory":false,"max_hp_per_floor":[80,80,80,80,80,80,80,80,80,80,80,80,80,80,80,80,80,80,80,80,80,80,80,80,80,80,80,80,80,80,80,80,82,82,82,82,82,82,82,82,82,82,82,82,82,82,82,82,82,82,82,82,82,84,84,84],"card_choices":[{"not_picked":["Sword Boomerang","Iron Wave"],"picked":"Rampage","floor":1},{"not_picked":["Power Through","Evolve"],"picked":"Pommel Strike","floor":5},{"not_picked":["Heavy Blade","Iron Wave"],"picked":"Inflame","floor":7},{"not_picked":["Offering","Heavy Blade"],"picked":"Juggernaut","floor":8},{"not_picked":["Perfected Strike","Heavy Blade"],"picked":"Disarm","floor":11},{"not_picked":["True Grit","Wild Strike","Havoc"],"picked":"SKIP","floor":12},{"not_picked":["Corruption","Immolate"],"picked":"Barricade","floor":16},{"not_picked":["Thunderclap","Clash+1"],"picked":"Metallicize","floor":18},{"not_picked":["Sever Soul+1","Body Slam"],"picked":"Armaments","floor":20},{"not_picked":["Rupture","Havoc"],"picked":"Shockwave","floor":21},{"not_picked":["Twin Strike","Bloodletting"],"picked":"Shrug It Off","floor":22},{"not_picked":["Flex+1","Bludgeon"],"picked":"Flame Barrier+1","floor":23},{"not_picked":["Hemokinesis","Fire Breathing"],"picked":"Twin Strike","floor":28},{"not_picked":["Perfected Strike","Shrug It Off"],"picked":"Disarm+1","floor":31},{"not_picked":["Brutality","Barricade","Limit Break"],"picked":"Singing Bowl","floor":33},{"not_picked":["Clothesline","Perfected Strike+1"],"picked":"Thunderclap+1","floor":35},{"not_picked":["Havoc","Wild Strike"],"picked":"Armaments+1","floor":36},{"not_picked":["Shockwave+1","Power Through+1"],"picked":"Inflame","floor":38},{"not_picked":["Armaments+1","Feed"],"picked":"Headbutt+1","floor":39},{"not_picked":["Anger+1","Reckless Charge"],"picked":"Shrug It Off","floor":41},{"not_picked":["Combust+1","Iron Wave+1"],"picked":"Body Slam+1","floor":44},{"not_picked":["Clash+1","Whirlwind"],"picked":"Rampage+1","floor":45},{"not_picked":["Twin Strike+1","Warcry"],"picked":"Uppercut+1","floor":47},{"not_picked":["Body Slam","Feel No Pain+1"],"picked":"Inflame","floor":48},{"not_picked":["Rupture+1","Exhume","Brutality"],"picked":"Singing Bowl","floor":54}],"player_experience":92431,"relics_obtained":[{"floor":8,"key":"Mercury Hourglass"},{"floor":14,"key":"Paper Frog"},{"floor":23,"key":"Juzu Bracelet"},{"floor":26,"key":"Singing Bowl"},{"floor":30,"key":"Whetstone"},{"floor":31,"key":"Red Mask"},{"floor":36,"key":"Bird Faced Urn"},{"floor":41,"key":"Shuriken"},{"floor":43,"key":"Vajra"},{"floor":45,"key":"Blood Vial"},{"floor":46,"key":"Nunchaku"},{"floor":48,"key":"Magic Flower"},{"floor":54,"key":"Bag of Preparation"}],"event_choices":[{"damage_healed":0,"gold_gain":75,"player_choice":"Gather Gold","damage_taken":11,"max_hp_gain":0,"max_hp_loss":0,"event_name":"World of Goop","floor":2,"gold_loss":0},{"damage_healed":0,"gold_gain":0,"player_choice":"Take Damage","damage_taken":20,"relics_obtained":["Golden Idol"],"max_hp_gain":0,"max_hp_loss":0,"event_name":"Golden Idol","floor":4,"gold_loss":0},{"damage_healed":0,"gold_gain":0,"player_choice":"Obtained Relic","damage_taken":0,"relics_obtained":["Boot"],"max_hp_gain":0,"max_hp_loss":0,"event_name":"Addict","floor":19,"gold_loss":85},{"damage_healed":0,"gold_gain":0,"cards_transformed":["Strike_R","Strike_R"],"player_choice":"Became Test Subject","damage_taken":0,"max_hp_gain":0,"max_hp_loss":0,"event_name":"Drug Dealer","floor":25,"gold_loss":0,"cards_obtained":["Heavy Blade","Berserk"]},{"damage_healed":0,"gold_gain":0,"player_choice":"Fought Bandits","damage_taken":0,"max_hp_gain":0,"max_hp_loss":0,"event_name":"Masked Bandits","floor":31,"gold_loss":0},{"damage_healed":0,"gold_gain":0,"player_choice":"Fight","damage_taken":0,"max_hp_gain":0,"max_hp_loss":0,"event_name":"MindBloom","floor":36,"gold_loss":0},{"damage_healed":0,"gold_gain":222,"player_choice":"Wore Mask","damage_taken":0,"max_hp_gain":0,"max_hp_loss":0,"event_name":"Tomb of Lord Red Mask","floor":37,"gold_loss":0},{"damage_healed":0,"gold_gain":0,"player_choice":"Fight","damage_taken":0,"max_hp_gain":0,"max_hp_loss":0,"event_name":"Mysterious Sphere","floor":48,"gold_loss":0}],"is_beta":false,"boss_relics":[{"not_picked":["Runic Cube","Runic Dome"],"picked":"Ectoplasm"},{"not_picked":["Mark of Pain","Empty Cage"],"picked":"Coffee Dripper"}],"items_purged_floors":[10,29],"is_endless":false,"potions_floor_spawned":[1,11,16,20,22,28,31,35,44,45,47,48,54],"killed_by":"The Heart","ascension_level":0}}