{"host":"18wi9kpcl4eah7pe","time":1609916328,"event":{"mods":["BaseMod","Colored Powertips","Downfall","Minty Spire (QoL Compilation)","StSLib"],"gold_per_floor":[99,99,99,99,99,130,130,55,155,173,185,200,213,213,228,328,328,253,253,265,175,193,193,218,143,143,163,190,208,208,293,306,408,458,458,468,518,529,542,542,566,233,218,235,235,309,329,329,329,329],"floor_reached":48,"playtime":3632,"items_purged":["Regret"],"score":574,"play_id":"6f67455b-79e4-47df-be88-c933f5a67b6c","local_time":"20210106005848","is_ascension_mode":false,"campfire_choices":[{"floor":1.0,"key":"RECALL"},{"floor":8.0,"key":"REST"},{"data":"champ:MurderStrike","floor":18.0,"key":"SMITH"},{"data":"champ:DefensiveStyle","floor":23.0,"key":"SMITH"},{"data":"champ:PreciseThrust","floor":25.0,"key":"SMITH"},{"floor":30.0,"key":"REST"},{"data":"champ:Devastate","floor":35.0,"key":"SMITH"},{"data":"champ:FanOfKnives","floor":45.0,"key":"SMITH"}],"circlet_count":0,"master_deck":["champ:Strike","champ:Strike","champ:Strike","champ:Defend","champ:Defend+1","champ:Defend+1","champ:Defend","champ:Execute","champ:Taunt","champ:CrookedStrike+1","champ:Control","champ:Circumvent","champ:CalledShot","champ:HoldFirm","champ:FaceSlap","champ:DefensiveShout","champ:Taunt","Blind","champ:FlashCut","champ:BringItOn","champ:DefensiveStyle+1","champ:TornadoPunch","champ:Haymaker","champ:GladiatorsShout","champ:MurderStrike+1","champ:ArenaPreparation+1","champ:PreciseThrust+1","champ:GutPunch+1","champ:BerserkerStyle","champ:RapidStrikes+1","champ:FanOfKnives","champ:Backstep+1","champ:Devastate+1","champ:GutPunch","champ:FalseCounter+1","champ:FlashCut","champ:Backstep+1","champ:HeartStrike+1","expansioncontent:Flail","champ:SwordThrow","champ:FanOfKnives+1","champ:StanceDance"],"relics":["champ:ChampionCrown","downfall:HeartsMalice","Pocketwatch","Torii","downfall:HeartBlessingRed","downfall:GremlinSack","SlaversCollar","downfall:HeartBlessingGreen","downfall:HeartBlessingBlue","Spirit Poop","Gambling Chip","Tiny House","Lizard Tail","Potion Belt","Peace Pipe","Strawberry"],"acts_visited":["Exordium","TheCity","TheBeyond"],"potions_floor_usage":[47],"damage_taken":[{"damage":0.0,"enemies":"Cultist","floor":2.0,"turns":1.0},{"damage":0.0,"enemies":"Small Slimes","floor":3.0,"turns":1.0},{"damage":0.0,"enemies":"2 Louse","floor":5.0,"turns":1.0},{"damage":40.0,"enemies":"Lagavulin","floor":6.0,"turns":5.0},{"damage":56.0,"enemies":"Lagavulin","floor":9.0,"turns":6.0},{"damage":18.0,"enemies":"Gremlin Gang","floor":10.0,"turns":6.0},{"damage":9.0,"enemies":"Blue Slaver","floor":11.0,"turns":2.0},{"damage":2.0,"enemies":"Exordium Wildlife","floor":12.0,"turns":4.0},{"damage":6.0,"enemies":"Lots of Slimes","floor":13.0,"turns":3.0},{"damage":0.0,"enemies":"Blue Slaver","floor":15.0,"turns":3.0},{"damage":15.0,"enemies":"downfall:Ironclad","floor":16.0,"turns":9.0},{"damage":7.0,"enemies":"Chosen","floor":20.0,"turns":5.0},{"damage":23.0,"enemies":"downfall:FleeingMerchant","floor":21.0,"turns":4.0},{"damage":10.0,"enemies":"Spheric Guardian","floor":22.0,"turns":3.0},{"damage":11.0,"enemies":"Centurion and Healer","floor":27.0,"turns":8.0},{"damage":40.0,"enemies":"Book of Stabbing","floor":28.0,"turns":4.0},{"damage":41.0,"enemies":"Sentry and Sphere","floor":29.0,"turns":5.0},{"damage":27.0,"enemies":"3 Cultists","floor":32.0,"turns":6.0},{"damage":64.0,"enemies":"downfall:Defect","floor":33.0,"turns":6.0},{"damage":13.0,"enemies":"3 Shapes","floor":36.0,"turns":5.0},{"damage":43.0,"enemies":"Mind Bloom Boss Battle","floor":37.0,"turns":13.0},{"damage":57.0,"enemies":"Orb Walker","floor":38.0,"turns":5.0},{"damage":49.0,"enemies":"3 Darklings","floor":39.0,"turns":7.0},{"damage":15.0,"enemies":"downfall:FleeingMerchant","floor":43.0,"turns":4.0},{"damage":37.0,"enemies":"Maw","floor":44.0,"turns":8.0},{"damage":100.0,"enemies":"2 Orb Walkers","floor":46.0,"turns":7.0},{"damage":38,"enemies":"Spire Growth","floor":47,"turns":6},{"damage":57,"enemies":"Writhing Mass","floor":48,"turns":3}],"seed_played":"-6420413514483452777","potions_obtained":[{"floor":6.0,"key":"SkillPotion"},{"floor":10.0,"key":"champ:UltimateStancePotion"},{"floor":12.0,"key":"sneckomod:MuddlingPotion"},{"floor":15.0,"key":"Weak Potion"},{"floor":16.0,"key":"DistilledChaos"},{"floor":22.0,"key":"PowerPotion"},{"floor":27.0,"key":"Fire Potion"},{"floor":34.0,"key":"GamblersBrew"},{"floor":39.0,"key":"SkillPotion"},{"floor":46,"key":"champ:CounterPotion"}],"is_trial":false,"path_per_floor":["R","M","M","?","M","E","T","R","?","M","M","M","M","?","M","B",null,"R","?","M","$","M","R","T","R","?","M","E","M","R","?","M","B",null,"R","M","?","M","M","?","T","?","$","M","R","?","M","M"],"character_chosen":"THE_CHAMP","items_purchased":[],"campfire_rested":2,"item_purchase_floors":[],"current_hp_per_floor":[90,90,90,90,90,70,70,90,39,29,20,18,12,12,12,1,90,90,90,88,84,84,84,84,94,94,93,79,59,89,71,65,55,105,105,92,92,70,61,61,61,118,118,101,101,10,48,0,0,0],"gold":329,"neow_bonus":"THREE_ENEMY_KILL","is_daily":false,"chose_seed":false,"campfire_upgraded":5,"win_rate":0.0,"timestamp":1609916328,"path_taken":["R","M","?","?","M","E","T","R","?","?","M","?","M","?","M","BOSS","R","?","M","$","M","R","T","R","?","M","E","?","R","?","M","BOSS","R","M","?","M","M","?","T","?","$","M","R","?","M","M"],"items_purchased_type":[],"build_version":"2020-12-22","purchased_purges":1,"victory":false,"max_hp_per_floor":[90,90,90,90,90,90,90,90,90,90,90,90,90,90,90,90,90,90,90,90,90,90,90,90,100,100,100,100,100,100,100,100,100,105,105,105,105,105,105,105,105,118,118,118,118,125,125,125,125,125],"card_choices":[{"not_picked":["champ:ViciousMockery","champ:SkillfulDodge"],"picked":"champ:CrookedStrike","floor":2.0},{"not_picked":["champ:RapidStrikes","champ:FightOn"],"picked":"champ:Control","floor":3.0},{"not_picked":["champ:DefensiveShout","champ:BerserkersShout"],"picked":"champ:Circumvent","floor":5.0},{"not_picked":["champ:ShieldWall","champ:EnGarde"],"picked":"champ:CalledShot","floor":6.0},{"not_picked":["champ:FalseCounter","champ:CrookedStrike"],"picked":"champ:FlashCut","floor":9.0},{"not_picked":["champ:HeartStrike","champ:DefensiveShout"],"picked":"champ:BringItOn","floor":10.0},{"not_picked":["champ:BerserkersShout","champ:BladeFlurry"],"picked":"champ:DefensiveStyle","floor":11.0},{"not_picked":["champ:Riposte","champ:LastStand"],"picked":"champ:TornadoPunch","floor":12.0},{"not_picked":["champ:AdrenalArmor","champ:ShieldWall"],"picked":"champ:Haymaker","floor":13.0},{"not_picked":["champ:AdrenalArmor","champ:BladeFlurry"],"picked":"champ:GladiatorsShout","floor":15.0},{"not_picked":["champ:VampiricStrike","champ:DancingMaster"],"picked":"champ:MurderStrike","floor":16.0},{"not_picked":["champ:CrookedStrike","champ:AdrenalArmor"],"picked":"champ:ArenaPreparation+1","floor":20.0},{"not_picked":["champ:HeavySlash","champ:DefensiveShout"],"picked":"champ:PreciseThrust","floor":21.0},{"not_picked":["champ:Backstep+1","champ:DefensiveShout"],"picked":"champ:GutPunch+1","floor":22.0},{"not_picked":["champ:DefensiveShout","champ:BerserkersShout"],"picked":"champ:BerserkerStyle","floor":27.0},{"not_picked":["champ:CalledShot+1","champ:PerfectedStrike"],"picked":"champ:RapidStrikes+1","floor":28.0},{"not_picked":["champ:GladiatorsShout","champ:BringItOn"],"picked":"champ:FanOfKnives","floor":29.0},{"not_picked":["champ:BladeFlurry","champ:Encircle"],"picked":"champ:Backstep","floor":32.0},{"not_picked":["champ:IgnorePain","champ:HeavySlash"],"picked":"champ:Devastate","floor":33.0},{"not_picked":["champ:FocusedGladiator+1","champ:CrookedStrike"],"picked":"champ:GutPunch","floor":34.0},{"not_picked":["champ:Circumvent+1","champ:StanceDance+1"],"picked":"champ:FalseCounter+1","floor":36.0},{"not_picked":["champ:EnragedBash","champ:PerfectedStrike+1"],"picked":"champ:FlashCut","floor":37.0},{"not_picked":["champ:FalseCounter+1","champ:FlashCut+1"],"picked":"champ:Backstep+1","floor":38.0},{"not_picked":["champ:StanceDance","champ:CrookedStrike+1"],"picked":"champ:HeartStrike+1","floor":39.0},{"not_picked":["expansioncontent:PrepareCrush","expansioncontent:SlimeTackle"],"picked":"expansioncontent:Flail","floor":40.0},{"not_picked":["champ:StanceDance+1","champ:PerfectedStrike+1"],"picked":"champ:SwordThrow","floor":43.0},{"not_picked":["champ:GutPunch","champ:BringItOn+1"],"picked":"champ:FanOfKnives","floor":44.0},{"not_picked":["champ:GladiatorsShout","champ:GutPunch"],"picked":"champ:StanceDance","floor":47}],"player_experience":871696,"relics_obtained":[{"floor":6.0,"key":"Pocketwatch"},{"floor":7.0,"key":"Torii"},{"floor":9.0,"key":"downfall:GremlinSack"},{"floor":28.0,"key":"Gambling Chip"},{"floor":37.0,"key":"Lizard Tail"},{"floor":41.0,"key":"Potion Belt"},{"floor":46,"key":"Peace Pipe"},{"floor":46,"key":"Strawberry"}],"event_choices":[{"cards_removed":["Shame"],"damage_healed":0.0,"max_hp_gain":0.0,"max_hp_loss":0.0,"gold_gain":0.0,"event_name":"Bonfire Elementals","player_choice":"Offered Curse","floor":26.0,"gold_loss":0.0,"damage_taken":0.0,"relics_obtained":["Spirit Poop"]},{"damage_healed":0.0,"max_hp_gain":0.0,"max_hp_loss":0.0,"gold_gain":0.0,"event_name":"Mysterious Sphere","player_choice":"Fight","floor":46.0,"gold_loss":0.0,"damage_taken":0.0}],"is_beta":false,"boss_relics":[{"not_picked":["Fusion Hammer","Astrolabe"],"picked":"SlaversCollar"},{"not_picked":["Velvet Choker","SacredBark"],"picked":"Tiny House"}],"items_purged_floors":[21],"is_endless":false,"potions_floor_spawned":[6,10,12,15,16,22,27,28,39,46],"killed_by":"Writhing Mass","ascension_level":0}}