{"host":"iyvjjqtjrywxqc57","time":1609905317,"event":{"mods":["AchievementEnabler","BaseMod","Bestiary","Better Altar","Better Match","Better Note","Better Sensory Stone","Better Skull","Better Third Choice","Colored Map","Colored Powertips","Displayed Cursed Tome","Downfall","Jorbs\u0027s Wanderer Trilogy","Minty Spire (QoL Compilation)","Quick Restart","Rare Cards Sparkle","Relic Stats","StSLib"],"gold_per_floor":[118,97,197,208,223,223,551,551,551,567,567,587,92,92,92,196,196,210,210,56,256,256,256,287,305,354,354,368,392,392,392,392,496,496,512,512,512,525,525,555,219,245,245,13,13,13,0,11,11,11],"floor_reached":51,"playtime":4142,"items_purged":[],"score":737,"play_id":"49ffbc03-2d95-4491-939f-a691e9c6994a","local_time":"20210105215517","is_ascension_mode":false,"campfire_choices":[{"data":"Deadly Poison","floor":6,"key":"SMITH"},{"data":"Adrenaline","floor":8,"key":"SMITH"},{"data":"Bane","floor":11,"key":"SMITH"},{"data":"Noxious Fumes","floor":15,"key":"SMITH"},{"data":"Corpse Explosion","floor":23,"key":"SMITH"},{"data":"Discovery","floor":27,"key":"SMITH"},{"data":"Dash","floor":30,"key":"SMITH"},{"data":"PiercingWail","floor":32,"key":"SMITH"},{"data":"1","floor":46,"key":"LIFT"},{"data":"2","floor":49,"key":"LIFT"}],"circlet_count":0,"master_deck":["Strike_G","Strike_G","Defend_G","Defend_G","Defend_G","Defend_G","Defend_G","Survivor","Neutralize","PiercingWail+1","Deadly Poison+1","Deflect","Adrenaline+1","Bane+1","Dash+1","Noxious Fumes+1","Sadistic Nature","Discovery+1","Corpse Explosion+1","Dagger Spray+1","Infinite Blades","Crippling Poison+1","Bullet Time","PiercingWail+1","Footwork+1","Dramatic Entrance","expansioncontent:DefensiveStance","Dodge and Roll","Bouncing Flask","Die Die Die+1","Writhe"],"relics":["Coffee Dripper","betterThird:SlimedRelic","Old Coin","FossilizedHelix","Juzu Bracelet","Mango","SlaversCollar","PreservedInsect","Mummified Hand","Ancient Tea Set","Lantern","Sozu","Happy Flower","Girya","Membership Card","Strawberry","Oddly Smooth Stone","HornCleat","Lizard Tail","Whetstone","Red Mask"],"acts_visited":["Exordium","TheCity","TheBeyond"],"potions_floor_usage":[7,16,33,33,33],"damage_taken":[{"damage":0,"enemies":"Cultist","floor":1,"turns":4},{"damage":0,"enemies":"Small Slimes","floor":4,"turns":5},{"damage":0,"enemies":"2 Louse","floor":5,"turns":3},{"damage":15,"enemies":"3 Sentries","floor":7,"turns":12},{"damage":0,"enemies":"2 Fungi Beasts","floor":10,"turns":4},{"damage":0,"enemies":"Exordium Wildlife","floor":12,"turns":3},{"damage":18,"enemies":"Hexaghost","floor":16,"turns":6},{"damage":0,"enemies":"Shell Parasite","floor":18,"turns":5},{"damage":0,"enemies":"Book of Stabbing","floor":24,"turns":4},{"damage":0,"enemies":"Chosen","floor":25,"turns":3},{"damage":0,"enemies":"Snake Plant","floor":28,"turns":4},{"damage":7,"enemies":"Automaton","floor":33,"turns":7},{"damage":0,"enemies":"Orb Walker","floor":35,"turns":4},{"damage":10,"enemies":"3 Darklings","floor":38,"turns":4},{"damage":57,"enemies":"Reptomancer","floor":40,"turns":6},{"damage":14,"enemies":"Spire Growth","floor":48,"turns":6},{"damage":66,"enemies":"Time Eater","floor":50,"turns":15}],"seed_played":"4350328134504479726","potions_obtained":[{"floor":4,"key":"GamblersBrew"},{"floor":5,"key":"Energy Potion"},{"floor":10,"key":"Poison Potion"},{"floor":16,"key":"BlessingOfTheForge"},{"floor":24,"key":"FearPotion"},{"floor":28,"key":"Strength Potion"}],"is_trial":false,"path_per_floor":["M","?","?","M","M","R","E","R","T","M","R","M","$","T","R","B",null,"M","?","$","?","?","R","E","M","T","R","M","T","R","?","R","B",null,"M","?","T","M","?","E","$","T","T","$","?","R","?","M","R","B",null],"character_chosen":"THE_SILENT","items_purchased":["Noxious Fumes","Sadistic Nature","Discovery","Juzu Bracelet","PreservedInsect","Membership Card","Strawberry","Bouncing Flask","Die Die Die","Lizard Tail","Whetstone"],"campfire_rested":0,"item_purchase_floors":[13,13,13,13,20,41,41,41,41,44,44],"current_hp_per_floor":[70,59,59,59,59,59,44,44,44,44,44,44,44,58,58,40,84,84,84,84,84,84,84,84,84,84,84,84,84,84,84,84,77,84,84,84,84,74,74,17,24,24,24,24,47,47,47,33,33,32],"gold":11,"neow_bonus":"BOSS_RELIC","is_daily":false,"chose_seed":false,"campfire_upgraded":8,"win_rate":0.0,"timestamp":1609905317,"path_taken":["M","?","?","M","M","R","E","R","T","M","R","?","$","?","R","BOSS","M","?","$","?","?","R","E","M","T","R","M","?","R","?","R","BOSS","M","?","?","M","?","E","$","?","T","$","?","R","?","M","R","BOSS"],"items_purchased_type":["Card","Card","Card","Relic","Relic","Relic","Relic","Card","Card","Relic","Relic"],"build_version":"2020-12-22","purchased_purges":0,"victory":true,"max_hp_per_floor":[70,70,70,70,70,70,70,70,70,70,70,70,70,84,84,84,84,84,84,84,84,84,84,84,84,84,84,84,84,84,84,84,84,84,84,84,84,84,84,84,91,91,91,91,91,91,91,91,91,91],"relic_stats":{"Sozu":1,"Lizard Tail":45,"Happy Flower":[10],"counters":[17,95],"Mummified Hand":[31],"PreservedInsect":100,"Juzu Bracelet":2,"Whetstone":["Die Die Die","Dagger Spray"],"obtain_stats":[{"Girya":40,"Lantern":29,"Happy Flower":37,"Oddly Smooth Stone":42,"Mango":14,"PreservedInsect":20,"Juzu Bracelet":13,"Whetstone":44,"Ancient Tea Set":26,"Old Coin":7,"Sozu":34,"SlaversCollar":17,"Lizard Tail":44,"HornCleat":43,"Mummified Hand":24,"betterThird:SlimedRelic":2,"Strawberry":41,"Coffee Dripper":0,"Red Mask":47,"Membership Card":41,"FossilizedHelix":9,"Ring of the Snake":0},{"Girya":15,"Lantern":11,"Happy Flower":13,"Oddly Smooth Stone":15,"Mango":6,"PreservedInsect":8,"Juzu Bracelet":6,"Whetstone":15,"Ancient Tea Set":10,"Old Coin":4,"Sozu":12,"SlaversCollar":7,"Lizard Tail":15,"HornCleat":15,"Mummified Hand":9,"betterThird:SlimedRelic":1,"Strawberry":15,"Coffee Dripper":0,"Red Mask":15,"Membership Card":15,"FossilizedHelix":4,"Ring of the Snake":0},{"Girya":74,"Lantern":53,"Happy Flower":64,"Oddly Smooth Stone":74,"Mango":31,"PreservedInsect":42,"Juzu Bracelet":31,"Whetstone":74,"Ancient Tea Set":49,"Old Coin":24,"Sozu":60,"SlaversCollar":37,"Lizard Tail":74,"HornCleat":74,"Mummified Hand":46,"betterThird:SlimedRelic":4,"Strawberry":74,"Coffee Dripper":0,"Red Mask":74,"Membership Card":74,"FossilizedHelix":24,"Ring of the Snake":0}]},"card_choices":[{"not_picked":["Dodge and Roll","Deflect"],"picked":"PiercingWail","floor":1},{"not_picked":["Flechettes","Deflect"],"picked":"Deadly Poison","floor":4},{"not_picked":["Finisher","Tactician"],"picked":"Deflect","floor":5},{"not_picked":["Infinite Blades","Cloak And Dagger"],"picked":"Adrenaline","floor":7},{"not_picked":["Outmaneuver","Blade Dance"],"picked":"Bane","floor":10},{"not_picked":["Infinite Blades","Tactician"],"picked":"Dash","floor":12},{"not_picked":["Malaise","Night Terror"],"picked":"Corpse Explosion","floor":16},{"not_picked":["Skewer","Underhanded Strike","Bane"],"picked":"SKIP","floor":18},{"not_picked":["Storm of Steel","Dodge and Roll"],"picked":"Dagger Spray","floor":24},{"not_picked":["Expertise","Bane"],"picked":"Infinite Blades","floor":25},{"not_picked":["Backflip","Poisoned Stab+1"],"picked":"Crippling Poison+1","floor":28},{"not_picked":["Corpse Explosion","A Thousand Cuts"],"picked":"Bullet Time","floor":33},{"not_picked":["Choke","Cloak And Dagger"],"picked":"PiercingWail+1","floor":35},{"not_picked":["Blade Dance","Escape Plan"],"picked":"Footwork+1","floor":38},{"not_picked":["expansioncontent:DonusPower","Deep Breath"],"picked":"Dramatic Entrance","floor":39},{"not_picked":["Deep Breath","expansioncontent:Chronoboost"],"picked":"expansioncontent:DefensiveStance","floor":39},{"not_picked":["PiercingWail","Dagger Throw+1"],"picked":"Dodge and Roll","floor":40},{"not_picked":["Flying Knee","Terror","Quick Slash"],"picked":"SKIP","floor":48}],"player_experience":93154,"relics_obtained":[{"floor":7,"key":"Old Coin"},{"floor":9,"key":"FossilizedHelix"},{"floor":14,"key":"Mango"},{"floor":24,"key":"Mummified Hand"},{"floor":26,"key":"Ancient Tea Set"},{"floor":29,"key":"Lantern"},{"floor":37,"key":"Happy Flower"},{"floor":40,"key":"Girya"},{"floor":42,"key":"Oddly Smooth Stone"},{"floor":43,"key":"HornCleat"}],"event_choices":[{"damage_healed":0,"gold_gain":0,"player_choice":"Slimed","damage_taken":11,"max_hp_gain":0,"max_hp_loss":0,"event_name":"betterThird:BetterGoop","floor":2,"gold_loss":21},{"damage_healed":0,"gold_gain":100,"player_choice":"Pray","damage_taken":0,"max_hp_gain":0,"max_hp_loss":0,"event_name":"Golden Shrine","floor":3,"gold_loss":0},{"cards_removed":["Strike_G"],"damage_healed":0,"gold_gain":0,"player_choice":"Offered Basic","damage_taken":0,"max_hp_gain":0,"max_hp_loss":0,"event_name":"Bonfire Elementals","floor":19,"gold_loss":0},{"damage_healed":0,"gold_gain":250,"player_choice":"Bet on Owner","damage_taken":0,"max_hp_gain":0,"max_hp_loss":0,"event_name":"The Joust","floor":21,"gold_loss":50},{"cards_removed":["Strike_G"],"damage_healed":0,"gold_gain":0,"player_choice":"Purged","damage_taken":0,"max_hp_gain":0,"max_hp_loss":0,"event_name":"Purifier","floor":22,"gold_loss":0},{"damage_healed":0,"gold_gain":0,"player_choice":"Bought 0 Potions","damage_taken":0,"max_hp_gain":0,"max_hp_loss":0,"event_name":"The Woman in Blue","floor":31,"gold_loss":0},{"cards_removed":["Strike_G"],"damage_healed":0,"gold_gain":0,"player_choice":"Removed Attack","damage_taken":0,"max_hp_gain":0,"max_hp_loss":0,"event_name":"Falling","floor":36,"gold_loss":0},{"damage_healed":0,"gold_gain":3,"player_choice":"1","damage_taken":0,"max_hp_gain":0,"max_hp_loss":0,"event_name":"betterStone:BetterStone","floor":39,"gold_loss":0},{"damage_healed":23,"gold_gain":0,"player_choice":"Writhe","damage_taken":0,"max_hp_gain":0,"max_hp_loss":0,"event_name":"Winding Halls","floor":45,"gold_loss":0,"cards_obtained":["Writhe"]},{"damage_healed":0,"gold_gain":0,"player_choice":"Paid","damage_taken":0,"relics_obtained":["Red Mask"],"max_hp_gain":0,"max_hp_loss":0,"event_name":"Tomb of Lord Red Mask","floor":47,"gold_loss":13}],"is_beta":false,"boss_relics":[{"not_picked":["Philosopher\u0027s Stone","WristBlade"],"picked":"SlaversCollar"},{"not_picked":["Runic Dome","Busted Crown"],"picked":"Sozu"}],"items_purged_floors":[],"is_endless":false,"potions_floor_spawned":[4,5,10,16,24,25,28,35,40],"ascension_level":0}}