{"host":"hwrdjx5eod2cxh09","time":1609949927,"event":{"mods":["AchievementEnabler","BaseMod","Bestiary","Minty Spire (QoL Compilation)","Relic Stats"],"gold_per_floor":[116,135,155,165,176,202,202,202,202,215,215,248,267,284,284,385,385,403,403,415,61,78,78,105,117,117,117,130,130,130,142,142,142,142],"floor_reached":33,"playtime":1523,"items_purged":["Strike_G"],"score":303,"play_id":"2c5fd01c-e3e6-4109-a691-056589db66a4","local_time":"20210107011847","is_ascension_mode":false,"campfire_choices":[{"data":"Noxious Fumes","floor":8,"key":"SMITH"},{"floor":11,"key":"REST"},{"floor":15,"key":"REST"},{"data":"1","floor":23,"key":"LIFT"},{"floor":27,"key":"REST"},{"floor":32,"key":"REST"}],"circlet_count":0,"master_deck":["Strike_G","Strike_G","Strike_G","Strike_G+1","Defend_G","Defend_G","Defend_G","Defend_G","Defend_G","Survivor","Neutralize","Blade Dance","Dagger Throw+1","Noxious Fumes+1","PiercingWail","Heel Hook","Footwork","Dodge and Roll","Glass Knife","Blur+1","Crippling Poison","Slice","Footwork","Accuracy"],"relics":["Ring of the Snake","Smiling Mask","MealTicket","WristBlade","Girya","Shuriken","Blue Candle"],"acts_visited":["Exordium","TheCity"],"potions_floor_usage":[12,14,16,25,28,30],"damage_taken":[{"damage":2,"enemies":"Small Slimes","floor":1,"turns":4},{"damage":0,"enemies":"Jaw Worm","floor":2,"turns":5},{"damage":0,"enemies":"2 Louse","floor":3,"turns":2},{"damage":9,"enemies":"Lots of Slimes","floor":4,"turns":5},{"damage":2,"enemies":"Blue Slaver","floor":5,"turns":4},{"damage":22,"enemies":"Lagavulin","floor":6,"turns":8},{"damage":5,"enemies":"2 Fungi Beasts","floor":10,"turns":4},{"damage":24,"enemies":"Gremlin Nob","floor":12,"turns":4},{"damage":0,"enemies":"Large Slime","floor":13,"turns":5},{"damage":8,"enemies":"Exordium Thugs","floor":14,"turns":5},{"damage":23,"enemies":"The Guardian","floor":16,"turns":12},{"damage":10,"enemies":"2 Thieves","floor":18,"turns":4},{"damage":0,"enemies":"Chosen","floor":20,"turns":6},{"damage":13,"enemies":"Centurion and Healer","floor":22,"turns":11},{"damage":44,"enemies":"Slavers","floor":24,"turns":7},{"damage":3,"enemies":"Snecko","floor":25,"turns":4},{"damage":9,"enemies":"Chosen and Byrds","floor":28,"turns":8},{"damage":3,"enemies":"Book of Stabbing","floor":30,"turns":4},{"damage":15,"enemies":"Centurion and Healer","floor":31,"turns":5},{"damage":16,"enemies":"Automaton","floor":33,"turns":6}],"seed_played":"2847607009784441993","potions_obtained":[{"floor":3,"key":"SmokeBomb"},{"floor":5,"key":"Fire Potion"},{"floor":10,"key":"Swift Potion"},{"floor":12,"key":"BlessingOfTheForge"},{"floor":22,"key":"DistilledChaos"},{"floor":25,"key":"ColorlessPotion"},{"floor":31,"key":"SmokeBomb"}],"is_trial":false,"path_per_floor":["M","M","M","M","M","E","?","R","T","M","R","E","M","M","R","B",null,"M","?","M","$","M","R","E","M","T","R","M","?","E","M","R","B"],"character_chosen":"THE_SILENT","items_purchased":["Girya"],"campfire_rested":4,"item_purchase_floors":[21],"current_hp_per_floor":[75,75,75,66,64,42,27,27,27,22,45,21,21,13,36,13,77,67,53,53,68,55,55,11,8,8,32,23,23,20,5,29,13,13],"gold":142,"neow_bonus":"TEN_PERCENT_HP_BONUS","is_daily":false,"chose_seed":false,"campfire_upgraded":1,"win_rate":0.0,"timestamp":1609949927,"path_taken":["M","M","M","M","M","E","?","R","T","M","R","E","M","M","R","BOSS","M","?","M","$","M","R","E","M","T","R","M","?","E","M","R","BOSS"],"items_purchased_type":["Relic"],"build_version":"2020-12-22","purchased_purges":1,"victory":false,"max_hp_per_floor":[77,77,77,77,77,77,77,77,77,77,77,77,77,77,77,77,77,77,82,82,82,82,82,82,82,82,82,82,82,82,82,82,82,82],"relic_stats":{"counters":[20,113],"Shuriken":[6],"Blue Candle":[0],"MealTicket":15,"Smiling Mask":25,"obtain_stats":[{"Girya":21,"WristBlade":17,"Shuriken":24,"Blue Candle":26,"MealTicket":12,"Smiling Mask":6,"Ring of the Snake":0},{"Girya":13,"WristBlade":11,"Shuriken":15,"Blue Candle":16,"MealTicket":8,"Smiling Mask":6,"Ring of the Snake":0},{"Girya":68,"WristBlade":58,"Shuriken":86,"Blue Candle":90,"MealTicket":36,"Smiling Mask":28,"Ring of the Snake":0}],"Ring of the Snake":[40]},"card_choices":[{"not_picked":["Footwork","Distraction"],"picked":"Blade Dance","floor":1},{"not_picked":["Eviscerate","Underhanded Strike"],"picked":"Dagger Throw","floor":2},{"not_picked":["Dagger Spray","Heel Hook"],"picked":"Noxious Fumes","floor":3},{"not_picked":["Backflip","Poisoned Stab"],"picked":"PiercingWail","floor":4},{"not_picked":["A Thousand Cuts","Flying Knee"],"picked":"Heel Hook","floor":5},{"not_picked":["Quick Slash","Blade Dance"],"picked":"Footwork","floor":6},{"not_picked":["Acrobatics","Dagger Throw","Flying Knee"],"picked":"SKIP","floor":10},{"not_picked":["Deadly Poison","Dagger Throw"],"picked":"Dodge and Roll","floor":12},{"not_picked":["Flying Knee","Poisoned Stab","Deflect"],"picked":"SKIP","floor":13},{"not_picked":["Poisoned Stab","Escape Plan","Dagger Spray"],"picked":"SKIP","floor":14},{"not_picked":["Burst","Night Terror"],"picked":"Glass Knife","floor":16},{"not_picked":["Acrobatics+1","Dagger Spray+1"],"picked":"Blur+1","floor":18},{"not_picked":["Poisoned Stab","Bane"],"picked":"Crippling Poison","floor":20},{"not_picked":["Sucker Punch","Backflip","Expertise"],"picked":"SKIP","floor":22},{"not_picked":["Well Laid Plans","Deflect"],"picked":"Slice","floor":24},{"not_picked":["Burst","Dagger Spray+1"],"picked":"Footwork","floor":25},{"not_picked":["Dagger Throw+1","Backflip","Footwork"],"picked":"SKIP","floor":28},{"not_picked":["Terror","Bane"],"picked":"Accuracy","floor":31}],"player_experience":186640,"relics_obtained":[{"floor":6,"key":"Smiling Mask"},{"floor":12,"key":"MealTicket"},{"floor":24,"key":"Shuriken"},{"floor":26,"key":"Blue Candle"}],"event_choices":[{"damage_healed":0,"gold_gain":0,"player_choice":"Entered Light","damage_taken":15,"max_hp_gain":0,"max_hp_loss":0,"event_name":"Shining Light","floor":7,"gold_loss":0,"cards_upgraded":["Dagger Throw","Strike_G"]},{"damage_healed":0,"gold_gain":0,"player_choice":"Shed Blood","damage_taken":19,"max_hp_gain":5,"max_hp_loss":0,"event_name":"Forgotten Altar","floor":19,"gold_loss":0},{"damage_healed":0,"gold_gain":0,"player_choice":"Ignored","damage_taken":0,"max_hp_gain":0,"max_hp_loss":0,"event_name":"Vampires","floor":29,"gold_loss":0}],"is_beta":false,"boss_relics":[{"not_picked":["HoveringKite","Cursed Key"],"picked":"WristBlade"}],"items_purged_floors":[21],"is_endless":false,"potions_floor_spawned":[3,5,10,12,22,25,30,31],"killed_by":"Automaton","ascension_level":0}}