{"host":"3twtdwjpiqhvvn5s","time":1609896746,"event":{"mods":["AchievementEnabler","Act Like it!","BaseMod","BetterRewards","Colored Map","Colored Powertips","Downfall","Duelist Mod","Friendly Minions","GifTheSpireLib","Hallownest","Hermit","Hubris","Infinite Spire","Jorbs\u0027s Wanderer Trilogy","Koishi","KomeijiMod","Marisa????????","Minty Spire (QoL Compilation)","Random Character Mod","Rare Cards Sparkle","Replay The Spire","Shop Mod","StSLib","Td1madao Mod","The Administrix","The Animator","The Bug Knight","The Caster","The Cursed","The Disciple","The Hierophant","The Necromancer","The Poker Player","The Runesmith","The Servant 0.9.4","TheFirefly"],"gold_per_floor":[119,129,204,204,169,169,200,227,227,0,15,15,15,26,26,130,130,150,150,164,193,13,13,13,13],"floor_reached":24,"playtime":73583,"items_purged":[],"score":322,"play_id":"e3097521-8cdf-4cd6-8bec-2eee17979dc6","local_time":"20210105193224","daily_mods":["Specialized","downfall:Improvised","DeadlyEvents"],"is_ascension_mode":false,"campfire_choices":[{"data":"Koishi:MassHysteria","floor":6.0,"key":"SMITH"},{"floor":13,"key":"REST"},{"floor":15,"key":"REST"},{"floor":23,"key":"REST"}],"circlet_count":0,"master_deck":["Koishi:BasicStrike","Koishi:BasicStrike","Koishi:BasicStrike","Koishi:BasicDefend","Koishi:BasicDefend","Koishi:BasicDefend","Koishi:BasicDefend","Koishi:Provoke","Koishi:HauntingSlash","sneckomod:UnknownCommonAttack","sneckomod:UnknownCommonAttack","sneckomod:UnknownCommonAttack","sneckomod:UnknownCommonSkill","sneckomod:UnknownCommonSkill","sneckomod:UnknownCommonSkill","sneckomod:UnknownUncommonAttack","sneckomod:UnknownUncommonSkill","sneckomod:UnknownUncommonPower","sneckomod:Unknown","Koishi:EmbryosDream","Koishi:EmbryosDream","Koishi:EmbryosDream","Koishi:EmbryosDream","Koishi:EmbryosDream","Koishi:MassHysteria+1","Koishi:EmbersOfLove","Koishi:Heartbroken","Koishi:SubconsciousSweep","Koishi:UnconsciousUrges","Koishi:ApparitionsStalkTheNight","Koishi:SubterraneanRose","Koishi:RoseHell","Koishi:Prune","Koishi:PredatoryInstincts","Koishi:LastRemote","RidiculousThoughts"],"relics":["Koishi:ImaginaryFriend","Ancient Tea Set","Vajra","infinitespire:Eraser","OrangePellets","Ring of Chaos","infinitespire:Beetle Shell"],"acts_visited":["Exordium","TheCity"],"potions_floor_usage":[14,18,21],"damage_taken":[{"damage":0.0,"enemies":"Small Slimes","floor":1.0,"turns":4.0},{"damage":0.0,"enemies":"2 Louse","floor":2.0,"turns":1.0},{"damage":20.0,"enemies":"HollowMod:MossKnight","floor":7.0,"turns":5.0},{"damage":4.0,"enemies":"3 Sentries","floor":8.0,"turns":9.0},{"damage":0,"enemies":"Jaw Worm","floor":11,"turns":5},{"damage":1,"enemies":"Large Slime","floor":14,"turns":2},{"damage":5,"enemies":"Slime Boss","floor":16,"turns":6},{"damage":20,"enemies":"Shell Parasite","floor":18,"turns":11},{"damage":7,"enemies":"Chosen","floor":20,"turns":6},{"damage":34,"enemies":"Slavers","floor":21,"turns":5},{"damage":27,"enemies":"theDuelist:KaibaA2","floor":24,"turns":7}],"seed_played":"-7645999869256121426","potions_obtained":[{"floor":2.0,"key":"Block Potion"},{"floor":11,"key":"champ:CounterPotion"},{"floor":14,"key":"SpeedPotion"},{"floor":16,"key":"Venom Potion"},{"floor":20,"key":"BlessingOfTheForge"}],"is_trial":true,"path_per_floor":["M","M","?","?","?","R","E","E","T","$","M","$","R","M","R","B",null,"M","?","M","E","$","R","E"],"character_chosen":"KOISHI","items_purchased":["OrangePellets","Koishi:UnconsciousUrges","RidiculousThoughts"],"campfire_rested":3,"item_purchase_floors":[10,10,22],"current_hp_per_floor":[60,60,49,31,46,46,27,23,23,23,23,23,41,40,58,53,60,41,41,35,5,5,23,0,0],"gold":13,"neow_bonus":"","is_daily":false,"chose_seed":false,"campfire_upgraded":1,"win_rate":0.0,"timestamp":1609896744,"path_taken":["M","M","?","?","?","R","?","E","T","?","?","$","R","?","R","BOSS","M","?","M","?","$","R","?"],"items_purchased_type":["Relic","Card","Card"],"build_version":"2020-12-22","purchased_purges":0,"victory":false,"max_hp_per_floor":[60,60,60,60,60,60,60,60,60,60,60,60,60,60,60,60,60,60,60,60,60,60,60,60,60],"card_choices":[{"not_picked":["Koishi:FourthEye","Koishi:PhantomStrike"],"picked":"Koishi:MassHysteria","floor":1.0},{"not_picked":["Koishi:JumpScare","Koishi:BloodcurdlingScream"],"picked":"Koishi:EmbersOfLove","floor":2.0},{"not_picked":["Koishi:RacingHeart","Koishi:MindNumbingTerror"],"picked":"Koishi:Heartbroken","floor":7.0},{"not_picked":["Koishi:MindNumbingTerror","Koishi:JumpScare"],"picked":"Koishi:SubconsciousSweep","floor":8.0},{"not_picked":["Koishi:FourthEye","Koishi:HeartfeltFancy"],"picked":"Koishi:ApparitionsStalkTheNight","floor":11},{"not_picked":["Koishi:UnconsciousUprising","Koishi:RorschachInDanmaku"],"picked":"Koishi:SubterraneanRose","floor":14},{"not_picked":["Koishi:HeartStoppingHorror","Koishi:PerfectMindControl"],"picked":"Koishi:RoseHell","floor":16},{"not_picked":["Koishi:Untouchable","Koishi:FidgetySnatcher+1"],"picked":"Koishi:Prune","floor":18},{"not_picked":["Koishi:StingingMind","Koishi:ReflexRadar+1"],"picked":"Koishi:PredatoryInstincts","floor":20},{"not_picked":["Koishi:ReflexRadar","Koishi:StingingMind"],"picked":"Koishi:LastRemote","floor":21}],"player_experience":1142702,"relics_obtained":[{"floor":7.0,"key":"Vajra"},{"floor":8.0,"key":"infinitespire:Eraser"},{"floor":21,"key":"infinitespire:Beetle Shell"}],"event_choices":[{"damage_healed":0.0,"max_hp_gain":0.0,"max_hp_loss":0.0,"gold_gain":75.0,"event_name":"World of Goop","player_choice":"Gather Gold","floor":3.0,"gold_loss":0.0,"damage_taken":11.0},{"damage_healed":0.0,"max_hp_gain":0.0,"max_hp_loss":0.0,"gold_gain":0.0,"event_name":"Scrap Ooze","player_choice":"Success","floor":4.0,"gold_loss":0.0,"damage_taken":18.0,"relics_obtained":["Ancient Tea Set"]},{"damage_healed":15.0,"max_hp_gain":0.0,"max_hp_loss":0.0,"gold_gain":0.0,"event_name":"The Cleric","player_choice":"Healed","floor":5.0,"gold_loss":35.0,"damage_taken":0.0},{"cards_removed":["Koishi:BasicStrike"],"damage_healed":0,"gold_gain":0,"player_choice":"Purged","damage_taken":0,"max_hp_gain":0,"max_hp_loss":0,"event_name":"Purifier","floor":19,"gold_loss":0}],"is_beta":false,"boss_relics":[{"not_picked":["hubris:Backtick","Replay:Bronze Core"],"picked":"Ring of Chaos"}],"items_purged_floors":[],"is_endless":false,"potions_floor_spawned":[2,11,14,16,20],"killed_by":"theDuelist:KaibaA2","ascension_level":0}}