{"host":"alk2ftu785mujiir","time":1609908152,"event":{"mods":["BaseMod","Colored Map","Downfall","Minty Spire (QoL Compilation)","StSLib"],"gold_per_floor":[166,116,128,12,23,55,69,69,69,83,95,95,95,125,125,221,221,221,221,221,161,161,161,161,70,70,70,70,70,70,70,70,70,70,70,70,70,70,70,70,70,70,70,32,32,32,32,32,32,32],"floor_reached":51,"playtime":2029,"items_purged":[],"score":760,"play_id":"8c66e607-0226-4152-916c-1aaa3aad4a62","local_time":"20210105234232","is_ascension_mode":false,"campfire_choices":[{"data":"Darkness","floor":8.0,"key":"SMITH"},{"data":"Self Repair","floor":13.0,"key":"SMITH"},{"data":"Echo Form","floor":15.0,"key":"SMITH"},{"data":"Zap","floor":23.0,"key":"SMITH"},{"data":"expansioncontent:TimeRipple","floor":27.0,"key":"SMITH"},{"floor":32.0,"key":"REST"},{"data":"Thunder Strike","floor":40.0,"key":"SMITH"},{"data":"Conserve Battery","floor":42.0,"key":"SMITH"},{"floor":49,"key":"REST"}],"circlet_count":0,"master_deck":["Strike_B+1","Strike_B","Defend_B","Defend_B","Defend_B","Zap+1","Dualcast","Sweeping Beam","Leap","FTL","Self Repair+1","Darkness+1","Streamline","Echo Form+1","Coolheaded","Melter","Go for the Eyes","Electrodynamics","Beam Cell+1","Genetic Algorithm","Capacitor+1","expansioncontent:TimeRipple+1","BootSequence","Conserve Battery+1","Thunder Strike+1","Barrage+1","Conserve Battery+1","Defragment+1","Cold Snap+1","Rip and Tear+1","Buffer","Parasite","sneckomod:Bewildered"],"relics":["Tiny House","Pen Nib","Potion Belt","Cables","Ectoplasm","Torii","White Beast Statue","Matryoshka","Enchiridion","Cursed Key","Molten Egg 2","Strawberry","Bag of Preparation","Thread and Needle"],"acts_visited":["Exordium","TheCity","TheBeyond"],"potions_floor_usage":[50,50,50],"damage_taken":[{"damage":6.0,"enemies":"Jaw Worm","floor":1.0,"turns":3.0},{"damage":1.0,"enemies":"Small Slimes","floor":3.0,"turns":4.0},{"damage":0.0,"enemies":"2 Louse","floor":5.0,"turns":3.0},{"damage":17.0,"enemies":"Lagavulin","floor":6.0,"turns":6.0},{"damage":4.0,"enemies":"2 Fungi Beasts","floor":7.0,"turns":4.0},{"damage":15.0,"enemies":"Large Slime","floor":10.0,"turns":5.0},{"damage":13.0,"enemies":"Red Slaver","floor":11.0,"turns":2.0},{"damage":6.0,"enemies":"3 Sentries","floor":14.0,"turns":9.0},{"damage":27.0,"enemies":"Hexaghost","floor":16.0,"turns":6.0},{"damage":0.0,"enemies":"Spheric Guardian","floor":18.0,"turns":1.0},{"damage":17.0,"enemies":"2 Thieves","floor":21.0,"turns":3.0},{"damage":12.0,"enemies":"Centurion and Healer","floor":24.0,"turns":5.0},{"damage":16.0,"enemies":"Snake Plant","floor":28.0,"turns":4.0},{"damage":20.0,"enemies":"Book of Stabbing","floor":29.0,"turns":6.0},{"damage":65.0,"enemies":"Collector","floor":33.0,"turns":9.0},{"damage":31.0,"enemies":"3 Darklings","floor":35.0,"turns":6.0},{"damage":4.0,"enemies":"3 Shapes","floor":37.0,"turns":4.0},{"damage":1.0,"enemies":"Transient","floor":39.0,"turns":5.0},{"damage":8.0,"enemies":"Reptomancer","floor":41.0,"turns":5.0},{"damage":43,"enemies":"Sphere and 2 Shapes","floor":45,"turns":8},{"damage":23,"enemies":"Writhing Mass","floor":46,"turns":6},{"damage":23,"enemies":"Giant Head","floor":48,"turns":9},{"damage":79,"enemies":"Awakened One","floor":50,"turns":12}],"seed_played":"9133228848639939921","potions_obtained":[{"floor":0.0,"key":"FairyPotion"},{"floor":5.0,"key":"Ancient Potion"},{"floor":6.0,"key":"FearPotion"},{"floor":11.0,"key":"DistilledChaos"},{"floor":14.0,"key":"ColorlessPotion"},{"floor":28.0,"key":"champ:CounterPotion"},{"floor":29.0,"key":"Weak Potion"},{"floor":33.0,"key":"LiquidMemories"},{"floor":35.0,"key":"SteroidPotion"},{"floor":37.0,"key":"Swift Potion"},{"floor":38.0,"key":"Energy Potion"},{"floor":38.0,"key":"FairyPotion"},{"floor":39.0,"key":"sneckomod:MuddlingPotion"},{"floor":41.0,"key":"FocusPotion"},{"floor":45,"key":"FocusPotion"},{"floor":46,"key":"SteroidPotion"}],"is_trial":false,"path_per_floor":["M","?","M","$","M","E","M","R","T","M","M","?","R","E","R","B",null,"M","?","?","M","?","R","M","$","T","R","M","E","?","$","R","B",null,"M","?","M","?","M","R","E","R","T","$","M","M","T","E","R","B",null],"character_chosen":"DEFECT","items_purchased":["Self Repair","Darkness","expansioncontent:TimeRipple","Rip and Tear+1"],"campfire_rested":2,"item_purchase_floors":[4,4,25,44],"current_hp_per_floor":[74,74,73,73,80,70,73,73,73,65,59,52,52,56,56,39,80,80,80,80,73,73,73,80,80,80,80,64,54,38,38,62,34,80,59,59,65,65,80,80,80,80,80,80,57,44,51,48,74,24],"gold":32,"neow_bonus":"BOSS_RELIC","is_daily":false,"chose_seed":false,"campfire_upgraded":7,"win_rate":0.0,"timestamp":1609908152,"path_taken":["M","?","M","$","M","E","M","R","T","M","M","?","R","E","R","BOSS","M","?","?","M","?","R","M","$","T","R","M","E","?","?","R","BOSS","M","?","M","?","?","R","E","R","T","?","M","M","?","E","R","BOSS"],"items_purchased_type":["Card","Card","Card","Card"],"build_version":"2020-12-22","purchased_purges":0,"victory":true,"max_hp_per_floor":[80,80,80,80,80,80,80,80,80,80,80,80,80,80,80,80,80,80,80,80,80,80,80,80,80,80,80,80,80,80,80,80,80,80,80,80,80,80,80,80,80,80,80,80,80,80,87,87,87,87],"card_choices":[{"not_picked":["Turbo","Rebound"],"picked":"Sweeping Beam","floor":0.0},{"not_picked":["Compile Driver","Stack"],"picked":"Leap","floor":1.0},{"not_picked":["Leap","Hologram"],"picked":"FTL","floor":3.0},{"not_picked":["Undo","Compile Driver"],"picked":"Streamline","floor":5.0},{"not_picked":["Blizzard","Turbo"],"picked":"Echo Form","floor":6.0},{"not_picked":["Consume","Rebound"],"picked":"Coolheaded","floor":7.0},{"not_picked":["Hello World","Steam Power","Blizzard"],"picked":"SKIP","floor":10.0},{"not_picked":["Heatsinks","Leap"],"picked":"Melter","floor":11.0},{"not_picked":["Melter","Meteor Strike"],"picked":"Go for the Eyes","floor":14.0},{"not_picked":["Biased Cognition","All For One"],"picked":"Electrodynamics","floor":16.0},{"not_picked":["Redo","Loop"],"picked":"Beam Cell+1","floor":18.0},{"not_picked":["Fusion","Doom and Gloom"],"picked":"Genetic Algorithm","floor":21.0},{"not_picked":["Static Discharge+1","Cold Snap"],"picked":"Capacitor+1","floor":24.0},{"not_picked":["Recycle","Leap"],"picked":"BootSequence","floor":28.0},{"not_picked":["Beam Cell","Stack+1"],"picked":"Conserve Battery","floor":29.0},{"not_picked":["Reboot","Meteor Strike"],"picked":"Thunder Strike","floor":33.0},{"not_picked":["Stack","Coolheaded+1"],"picked":"Barrage+1","floor":35.0},{"not_picked":["Rebound","Aggregate+1"],"picked":"Conserve Battery+1","floor":37.0},{"not_picked":["Capacitor+1","Undo"],"picked":"Defragment+1","floor":39.0},{"not_picked":["Hologram+1","Turbo"],"picked":"Cold Snap+1","floor":41.0},{"not_picked":["Hologram","Aggregate"],"picked":"Buffer","floor":45},{"not_picked":["Beam Cell+1","Coolheaded","Conserve Battery"],"picked":"SKIP","floor":46},{"not_picked":["Stack+1","Storm","Coolheaded+1"],"picked":"SKIP","floor":48}],"player_experience":1734822,"relics_obtained":[{"floor":6.0,"key":"Pen Nib"},{"floor":9.0,"key":"Potion Belt"},{"floor":14.0,"key":"Cables"},{"floor":26.0,"key":"White Beast Statue"},{"floor":29.0,"key":"Matryoshka"},{"floor":30.0,"key":"Enchiridion"},{"floor":41.0,"key":"Molten Egg 2"},{"floor":47,"key":"Strawberry"},{"floor":47,"key":"Bag of Preparation"},{"floor":48,"key":"Thread and Needle"}],"event_choices":[{"cards_removed":["Strike_B"],"damage_healed":0.0,"max_hp_gain":0.0,"max_hp_loss":0.0,"gold_gain":0.0,"event_name":"The Cleric","player_choice":"Card Removal","floor":2.0,"gold_loss":50.0,"damage_taken":0.0},{"cards_removed":["Strike_B"],"damage_healed":0.0,"max_hp_gain":0.0,"max_hp_loss":0.0,"gold_gain":0.0,"event_name":"Golden Wing","player_choice":"Card Removal","floor":12.0,"gold_loss":0.0,"damage_taken":7.0},{"damage_healed":0.0,"max_hp_gain":0.0,"max_hp_loss":0.0,"gold_gain":0.0,"event_name":"The Mausoleum","player_choice":"Opened","floor":19.0,"gold_loss":0.0,"damage_taken":0.0,"relics_obtained":["Torii"]},{"damage_healed":0.0,"max_hp_gain":0.0,"max_hp_loss":0.0,"gold_gain":0.0,"event_name":"Ghosts","player_choice":"Ignored","floor":20.0,"gold_loss":0.0,"damage_taken":0.0},{"damage_healed":0.0,"max_hp_gain":0.0,"max_hp_loss":0.0,"gold_gain":0.0,"event_name":"Vampires","player_choice":"Ignored","floor":22.0,"gold_loss":0.0,"damage_taken":0.0},{"damage_healed":0.0,"max_hp_gain":0.0,"max_hp_loss":0.0,"gold_gain":0.0,"event_name":"Cursed Tome","player_choice":"Obtained Book","floor":30.0,"gold_loss":0.0,"damage_taken":16.0},{"cards_removed":["Defend_B"],"damage_healed":0.0,"max_hp_gain":0.0,"max_hp_loss":0.0,"gold_gain":0.0,"event_name":"Falling","player_choice":"Removed Skill","floor":36.0,"gold_loss":0.0,"damage_taken":0.0},{"damage_healed":0.0,"max_hp_gain":0.0,"max_hp_loss":0.0,"gold_gain":0.0,"event_name":"Lab","player_choice":"Got Potions","floor":38.0,"gold_loss":0.0,"damage_taken":0.0}],"is_beta":false,"boss_relics":[{"not_picked":["Busted Crown","Runic Pyramid"],"picked":"Ectoplasm"},{"not_picked":["SlaversCollar","Pandora\u0027s Box"],"picked":"Cursed Key"}],"items_purged_floors":[],"is_endless":false,"potions_floor_spawned":[5,6,11,14,28,29,33,35,37,39,41,45,46,48],"ascension_level":0}}