{"host":"w01zow3jg16g8jdh","time":1609949968,"event":{"mods":["AchievementEnabler","BaseMod","DeckTracker","Keyboard Shortcuts","Minty Spire (QoL Compilation)","Permanent Neow","StSLib","SuperFastMode"],"gold_per_floor":[117,134,145,145,163,194,214,245,324,324,341,341,83,97,97,97,97],"floor_reached":16,"playtime":373,"items_purged":[],"score":228,"play_id":"4bc05372-87ab-4ff0-b5dd-a3f308c1ce3f","local_time":"20210107011928","is_ascension_mode":true,"campfire_choices":[{"floor":15,"key":"REST"}],"circlet_count":0,"master_deck":["AscendersBane","Strike_B","Strike_B","Strike_B","Strike_B","Defend_B","Defend_B","Defend_B","Defend_B","Zap+1","Dualcast","Sweeping Beam+1","Undo","Cold Snap","Ball Lightning","Cold Snap","Conserve Battery","Compile Driver","Hologram","Defragment","Coolheaded"],"relics":["Cracked Core","Sundial","Shovel","Shuriken","Bag of Preparation"],"acts_visited":["Exordium"],"potions_floor_usage":[11,16],"damage_taken":[{"damage":0.0,"enemies":"Small Slimes","floor":1.0,"turns":2.0},{"damage":1.0,"enemies":"Cultist","floor":2.0,"turns":3.0},{"damage":0.0,"enemies":"Jaw Worm","floor":3.0,"turns":3.0},{"damage":9.0,"enemies":"Large Slime","floor":5.0,"turns":6.0},{"damage":29.0,"enemies":"Gremlin Nob","floor":6.0,"turns":4.0},{"damage":0.0,"enemies":"2 Fungi Beasts","floor":7.0,"turns":2.0},{"damage":17.0,"enemies":"3 Sentries","floor":8.0,"turns":9.0},{"damage":4,"enemies":"Exordium Thugs","floor":11,"turns":4},{"damage":0,"enemies":"Large Slime","floor":14,"turns":4},{"damage":27,"enemies":"Slime Boss","floor":16,"turns":10}],"seed_played":"6900658258448095931","potions_obtained":[{"floor":6.0,"key":"PotionOfCapacity"},{"floor":7.0,"key":"SteroidPotion"},{"floor":8.0,"key":"Block Potion"}],"is_trial":false,"path_per_floor":["M","M","M","?","M","E","M","E","T","?","M","?","$","M","R","B"],"character_chosen":"DEFECT","items_purchased":["Bag of Preparation","Defragment"],"campfire_rested":1,"item_purchase_floors":[13,13],"current_hp_per_floor":[64,63,63,63,54,25,25,8,8,8,4,4,4,4,25,0,0],"gold":97,"neow_bonus":"UPGRADE_CARD","is_daily":false,"chose_seed":false,"campfire_upgraded":0,"win_rate":0.0,"timestamp":1609949968,"path_taken":["M","M","M","?","?","E","M","E","T","?","M","?","$","M","R","BOSS"],"items_purchased_type":["Relic","Card"],"build_version":"2020-12-22","purchased_purges":0,"victory":false,"max_hp_per_floor":[71,71,71,71,71,71,71,71,71,71,71,71,71,71,71,71,71],"card_choices":[{"not_picked":["Gash","Conserve Battery"],"picked":"Sweeping Beam","floor":1.0},{"not_picked":["Melter","Barrage"],"picked":"Undo","floor":2.0},{"not_picked":["Reprogram","Redo"],"picked":"Cold Snap","floor":3.0},{"not_picked":["White Noise","Steam Power"],"picked":"Ball Lightning","floor":5.0},{"not_picked":["Hyperbeam","Undo"],"picked":"Cold Snap","floor":6.0},{"not_picked":["Sunder","Turbo"],"picked":"Conserve Battery","floor":7.0},{"not_picked":["Beam Cell","Thunder Strike"],"picked":"Compile Driver","floor":8.0},{"not_picked":["Conserve Battery","Heatsinks"],"picked":"Hologram","floor":11},{"not_picked":["Steam","Conserve Battery"],"picked":"Coolheaded","floor":14}],"player_experience":302295,"relics_obtained":[{"floor":6.0,"key":"Sundial"},{"floor":8.0,"key":"Shovel"},{"floor":9.0,"key":"Shuriken"}],"event_choices":[{"damage_healed":0.0,"max_hp_gain":0.0,"max_hp_loss":0.0,"gold_gain":0.0,"event_name":"Accursed Blacksmith","player_choice":"Forge","floor":4.0,"gold_loss":0.0,"damage_taken":0.0,"cards_upgraded":["Sweeping Beam"]},{"damage_healed":0,"gold_gain":0,"player_choice":"Ignored","damage_taken":0,"max_hp_gain":0,"max_hp_loss":0,"event_name":"Liars Game","floor":10,"gold_loss":0},{"damage_healed":0,"gold_gain":0,"player_choice":"Ignored","damage_taken":0,"max_hp_gain":0,"max_hp_loss":0,"event_name":"Shining Light","floor":12,"gold_loss":0}],"is_beta":false,"boss_relics":[],"items_purged_floors":[],"is_endless":false,"potions_floor_spawned":[6,7,8],"killed_by":"Slime Boss","ascension_level":20}}