{"host":"kn32u0f2pym5bozc","time":1609933457,"event":{"mods":["2.2 Compatiblity","BaseMod","Better Third Choice","Minty Spire (QoL Compilation)","Permanent Neow","Relic Stats","StSLib","The Animator"],"gold_per_floor":[119,143,143,0,0,35,35,49,49,64,64,64,35,46,46,117,117,132,132,145,161,176,176,206,206,206,219,219,235,254,254,254,254,254],"floor_reached":33,"playtime":2267,"items_purged":[],"score":529,"play_id":"8e486f42-c745-4321-b8fb-e82fc4994ba4","local_time":"20210106064417","is_ascension_mode":true,"campfire_choices":[{"data":"Enlightenment","floor":7.0,"key":"SMITH"},{"data":"animator:Kaijin","floor":12.0,"key":"SMITH"},{"floor":15.0,"key":"REST"},{"data":"animator:SilverFang","floor":23.0,"key":"SMITH"},{"floor":25.0,"key":"REST"},{"data":"animator:Kuribayashi","floor":32.0,"key":"SMITH"}],"circlet_count":0,"master_deck":["AscendersBane","animator:Strike_GATE+1","animator:Defend_GATE","animator:Strike","animator:Strike","animator:Defend+1","animator:Defend","animator:Defend+1","animator:TukaLunaMarceau","animator:Kuribayashi+1","animator:Rider","animator:Hakurou+1","Enlightenment+1","animator:HiiragiShinya","animator:Kaijin+1","animator:Shichika","animator:Emonzaemon","animator:AcuraTooru","animator:Ainz","animator:Kaijin","animator:TsurugaMeisai","animator:ZankiKiguchi+1","animator:SilverFang+1","animator:SwordMaiden","animator:Hakurou","animator:HiiragiShinya","animator:DolaCouronne"],"relics":["animator:LivingPicture","animator:TheMissingPiece","animator:PurgingStone","NeowsBlessing","Nunchaku","Meat on the Bone","Sozu","animator:HeavyHalberd","Frozen Egg 2"],"acts_visited":["Exordium","TheCity"],"potions_floor_usage":[],"damage_taken":[{"damage":0.0,"enemies":"2 Louse","floor":1.0,"turns":1.0},{"damage":0.0,"enemies":"Small Slimes","floor":2.0,"turns":1.0},{"damage":0.0,"enemies":"Gremlin Nob","floor":6.0,"turns":1.0},{"damage":3.0,"enemies":"Cultist","floor":8.0,"turns":6.0},{"damage":12.0,"enemies":"Exordium Thugs","floor":10.0,"turns":5.0},{"damage":1.0,"enemies":"2 Fungi Beasts","floor":14.0,"turns":3.0},{"damage":49.0,"enemies":"Slime Boss","floor":16.0,"turns":12.0},{"damage":0.0,"enemies":"Chosen","floor":18.0,"turns":4.0},{"damage":27.0,"enemies":"2 Thieves","floor":20.0,"turns":4.0},{"damage":22.0,"enemies":"Shelled Parasite and Fungi","floor":21.0,"turns":7.0},{"damage":11.0,"enemies":"Sentry and Sphere","floor":22.0,"turns":3.0},{"damage":18.0,"enemies":"Gremlin Leader","floor":24.0,"turns":8.0},{"damage":0.0,"enemies":"Centurion and Healer","floor":27.0,"turns":7.0},{"damage":14.0,"enemies":"Chosen and Byrds","floor":29.0,"turns":8.0},{"damage":1.0,"enemies":"Snecko","floor":30.0,"turns":5.0},{"damage":35,"enemies":"Collector","floor":33,"turns":5}],"seed_played":"-1289124056419216775","potions_obtained":[{"floor":2.0,"key":"AttackPotion"},{"floor":6.0,"key":"SneckoOil"},{"floor":16.0,"key":"SkillPotion"}],"is_trial":false,"path_per_floor":["M","M","?","?","?","E","R","M","T","M","?","R","$","M","R","B",null,"M","?","M","M","M","R","E","R","T","M","?","M","M","?","R","B"],"character_chosen":"THE_ANIMATOR","items_purchased":["animator:Emonzaemon"],"campfire_rested":2,"item_purchase_floors":[13],"current_hp_per_floor":[54,54,54,60,40,40,40,38,38,38,38,38,38,37,57,20,55,55,55,40,30,31,31,25,45,45,45,27,25,36,32,32,0,0],"gold":254,"neow_bonus":"THREE_ENEMY_KILL","is_daily":false,"chose_seed":false,"campfire_upgraded":4,"win_rate":0.0,"timestamp":1609933457,"path_taken":["M","M","?","?","?","E","R","M","T","M","?","R","?","M","R","BOSS","M","?","M","M","M","R","E","R","T","M","?","M","M","?","R","BOSS"],"items_purchased_type":["Card"],"build_version":"2020-12-22","purchased_purges":0,"victory":false,"max_hp_per_floor":[60,60,60,66,66,66,66,67,67,67,67,67,67,67,67,67,67,67,67,67,67,67,67,67,67,67,67,72,72,72,72,72,72,72],"relic_stats":{"Sozu":4,"Nunchaku":[16],"counters":[16,80],"obtain_stats":[{"Sozu":17,"Nunchaku":6,"animator:PurgingStone":0,"NeowsBlessing":0,"animator:TheMissingPiece":0,"animator:LivingPicture":0,"animator:HeavyHalberd":24,"Frozen Egg 2":26,"Meat on the Bone":9},{"Sozu":7,"Nunchaku":3,"animator:PurgingStone":0,"NeowsBlessing":0,"animator:TheMissingPiece":0,"animator:LivingPicture":0,"animator:HeavyHalberd":12,"Frozen Egg 2":12,"Meat on the Bone":4},{"Sozu":29,"Nunchaku":3,"animator:PurgingStone":0,"NeowsBlessing":0,"animator:TheMissingPiece":0,"animator:LivingPicture":0,"animator:HeavyHalberd":55,"Frozen Egg 2":55,"Meat on the Bone":9}],"Meat on the Bone":96},"card_choices":[{"not_picked":["animator:Vanir","animator:Laby"],"picked":"animator:Rider","floor":1.0},{"not_picked":["animator:Guy","animator:DolaCouronne"],"picked":"animator:Hakurou","floor":2.0},{"not_picked":["animator:Vesta","animator:Alexander"],"picked":"animator:HiiragiShinya","floor":6.0},{"not_picked":["animator:Hakurou","animator:Shuna"],"picked":"animator:Kaijin","floor":8.0},{"not_picked":["animator:Aqua","animator:Priestess"],"picked":"animator:Shichika","floor":10.0},{"not_picked":["animator:Mitsurugi","animator:SilverFang"],"picked":"animator:AcuraTooru","floor":14.0},{"not_picked":["animator:FeridBathory","animator:Guren"],"picked":"animator:Ainz","floor":16.0},{"not_picked":["animator:SilverFang","animator:Sebas"],"picked":"animator:Kaijin","floor":18.0},{"not_picked":["animator:Hitei","animator:Togame"],"picked":"animator:TsurugaMeisai","floor":20.0},{"not_picked":["animator:LizardPriest","animator:Yuuichirou"],"picked":"animator:ZankiKiguchi+1","floor":21.0},{"not_picked":["animator:Sebas","animator:Hakurou"],"picked":"animator:SilverFang","floor":22.0},{"not_picked":["animator:Spearman","animator:Hakurou"],"picked":"animator:SwordMaiden","floor":24.0},{"not_picked":["animator:Kaijin+1","animator:Vesta"],"picked":"animator:Hakurou","floor":27.0},{"not_picked":["animator:RoryMercury","animator:YaoHaDucy"],"picked":"animator:HiiragiShinya","floor":29.0},{"not_picked":["animator:Hitei+1","animator:SilverFang"],"picked":"animator:DolaCouronne","floor":30.0}],"player_experience":797499,"relics_obtained":[{"floor":6.0,"key":"Nunchaku"},{"floor":9.0,"key":"Meat on the Bone"},{"floor":24.0,"key":"animator:HeavyHalberd"},{"floor":26.0,"key":"Frozen Egg 2"}],"event_choices":[{"damage_healed":0.0,"max_hp_gain":0.0,"max_hp_loss":0.0,"gold_gain":0.0,"event_name":"The Cleric","player_choice":"Leave","floor":3.0,"gold_loss":0.0,"damage_taken":0.0},{"damage_healed":0.0,"max_hp_gain":0.0,"max_hp_loss":0.0,"gold_gain":0.0,"event_name":"betterThird:BetterSerpent","player_choice":"RENOUNCE","floor":4.0,"gold_loss":143.0,"damage_taken":143.0,"cards_obtained":["Enlightenment"]},{"damage_healed":60.0,"max_hp_gain":0.0,"max_hp_loss":66.0,"gold_gain":0.0,"event_name":"betterThird:BetterShining","player_choice":"Upgrade","floor":5.0,"gold_loss":0.0,"damage_taken":20.0,"cards_upgraded":["animator:Hakurou","animator:Strike_GATE"]},{"cards_removed":["animator:Strike"],"damage_healed":0.0,"max_hp_gain":0.0,"max_hp_loss":0.0,"gold_gain":0.0,"event_name":"betterThird:BetterWriting","player_choice":"Elegance","floor":19.0,"gold_loss":0.0,"damage_taken":0.0},{"damage_healed":0.0,"max_hp_gain":5.0,"max_hp_loss":0.0,"gold_gain":0.0,"event_name":"Forgotten Altar","player_choice":"Shed Blood","floor":28.0,"gold_loss":0.0,"damage_taken":23.0},{"damage_healed":0.0,"max_hp_gain":0.0,"max_hp_loss":0.0,"gold_gain":0.0,"event_name":"The Woman in Blue","player_choice":"Bought 0 Potions","floor":31.0,"gold_loss":0.0,"damage_taken":0.0}],"is_beta":false,"boss_relics":[{"not_picked":["Empty Cage","Coffee Dripper"],"picked":"Sozu"}],"items_purged_floors":[],"is_endless":false,"potions_floor_spawned":[2,6,16,22,24,27,30],"killed_by":"Collector","ascension_level":16}}