{"host":"tj57avznel0uzvp6","time":1609956731,"event":{"mods":["BaseMod","Downfall","Glutton Mod","Minty Spire (QoL Compilation)","Remove Card Discount Mod","Replay The Spire","StSLib"],"gold_per_floor":[111,123,123,66,66,66,66,66,66,66,83,83,83,83,83,113,113],"floor_reached":16,"playtime":441,"items_purged":[],"score":136,"play_id":"6084cf1d-3615-4bec-a2b0-5b3b57ae918c","local_time":"20210106111211","daily_mods":["Blue Cards","Colorless Cards","Time Dilation","Flight"],"is_ascension_mode":false,"campfire_choices":[{"floor":6,"key":"REST"},{"data":"Glutton:StarvationMode","floor":7,"key":"SMITH"},{"data":"Slimebound:DuplicatedForm","floor":10,"key":"SMITH"},{"floor":15,"key":"REST"}],"circlet_count":0,"master_deck":["Demon Form","Wraith Form v2","Echo Form+1","DevaForm","Glutton:StarvationMode+1","Guardian:ConstructionForm","hexamod:ParanormalForm","Slimebound:DuplicatedForm+1","sneckomod:SerpentMind","Strike_B","Strike_B","Strike_B","Strike_B","Defend_B","Defend_B","Defend_B","Zap","Dualcast","Leap","Glutton:Mug","FIFO Queue","FIFO Queue","expansioncontent:ChargeUp","Sweeping Beam","Redo","Heatsinks+1"],"relics":["Cracked Core","replay:Trail_Library","Singing Bowl","Solar Panel"],"acts_visited":["Exordium"],"potions_floor_usage":[16],"damage_taken":[{"damage":1,"enemies":"Cultist","floor":1,"turns":5},{"damage":26,"enemies":"Jaw Worm","floor":2,"turns":5},{"damage":19,"enemies":"2 Louse","floor":11,"turns":5},{"damage":78,"enemies":"Hexaghost","floor":16,"turns":11}],"seed_played":"2841474868106797905","potions_obtained":[{"floor":8,"key":"Guardian:BlockOnCardUsePotion"},{"floor":8,"key":"Explosive Potion"},{"floor":8,"key":"CultistPotion"}],"is_trial":true,"path_per_floor":["M","M","?","$","?","R","R","?","T","R","M","T","?","$","R","B"],"character_chosen":"DEFECT","items_purchased":["FIFO Queue"],"campfire_rested":2,"item_purchase_floors":[4],"current_hp_per_floor":[74,63,63,63,63,75,75,75,75,75,56,56,56,56,75,0,0],"gold":113,"neow_bonus":"","is_daily":false,"chose_seed":false,"campfire_upgraded":2,"win_rate":0.0,"timestamp":1609956731,"path_taken":["M","?","?","?","?","R","R","?","T","R","?","?","?","$","R","BOSS"],"items_purchased_type":["Card"],"build_version":"2020-12-22","purchased_purges":0,"victory":false,"max_hp_per_floor":[75,75,75,75,75,75,75,75,75,75,75,75,75,75,75,75,75],"card_choices":[{"not_picked":["Glutton:Rest","Glutton:Thrombosis"],"picked":"Leap","floor":1},{"not_picked":["Panic Button","Glutton:Tantrum"],"picked":"Glutton:Mug","floor":2},{"not_picked":["Blizzard","Lockon"],"picked":"Sweeping Beam","floor":11}],"player_experience":584009,"relics_obtained":[{"floor":9,"key":"Singing Bowl"},{"floor":12,"key":"Solar Panel"}],"event_choices":[{"damage_healed":0,"gold_gain":0,"player_choice":"Upgraded","damage_taken":0,"max_hp_gain":0,"max_hp_loss":0,"event_name":"Upgrade Shrine","floor":3,"gold_loss":0,"cards_upgraded":["Echo Form"]},{"damage_healed":0,"gold_gain":0,"player_choice":"Leave","damage_taken":0,"max_hp_gain":0,"max_hp_loss":0,"event_name":"The Cleric","floor":5,"gold_loss":0},{"damage_healed":0,"gold_gain":0,"player_choice":"Got Potions","damage_taken":0,"max_hp_gain":0,"max_hp_loss":0,"event_name":"Lab","floor":8,"gold_loss":0}],"is_beta":false,"boss_relics":[],"items_purged_floors":[],"is_endless":true,"potions_floor_spawned":[11],"killed_by":"Hexaghost","ascension_level":0}}