{"host":"98ajcw3do3zsggh8","time":1609967054,"event":{"mods":["BaseMod","Minty Spire (QoL Compilation)","Replay The Spire","StSLib","The Marked"],"gold_per_floor":[112,112,129,129,43,70,85,110,110,129,204,204,223,237,237,237,237],"floor_reached":16,"playtime":362,"items_purged":[],"score":158,"play_id":"ed754c5e-71be-4750-ac90-661f34cf4bcf","local_time":"20210106220414","is_ascension_mode":true,"campfire_choices":[{"data":"Whirlwind","floor":15,"key":"SMITH"}],"circlet_count":0,"master_deck":["Strike_R","Strike_R+1","Strike_R+1","Strike_R","Strike_R","Defend_R","Defend_R","Defend_R","Defend_R","Bash","Bloodletting","Hallucinations","Carnage","ReplayTheSpireMod:Private Reserves","Flex","Clash","Whirlwind+1","Clash"],"relics":["Burning Blood","NeowsBlessing","ReplayTheSpireMod:Ring of Exchange","Ring of Peace","PreservedInsect","Replay:Wax Seal","Letter Opener","Replay:Accelerometer"],"acts_visited":["Exordium"],"potions_floor_usage":[10,16,16],"damage_taken":[{"damage":0,"enemies":"Small Slimes","floor":1,"turns":1},{"damage":0,"enemies":"2 Louse","floor":3,"turns":1},{"damage":0,"enemies":"Lagavulin","floor":6,"turns":2},{"damage":0,"enemies":"Jaw Worm","floor":7,"turns":3},{"damage":24,"enemies":"Gremlin Nob","floor":8,"turns":4},{"damage":12,"enemies":"Exordium Wildlife","floor":10,"turns":5},{"damage":7,"enemies":"Large Slime","floor":13,"turns":5},{"damage":0,"enemies":"Red Slaver","floor":14,"turns":2},{"damage":32,"enemies":"The Guardian","floor":16,"turns":4}],"seed_played":"7262004211511992720","potions_obtained":[{"floor":3,"key":"Flashbang"},{"floor":6,"key":"PowerPotion"},{"floor":8,"key":"ColorlessPotion"},{"floor":10,"key":"Weak Potion"},{"floor":14,"key":"Strength Potion"}],"is_trial":false,"path_per_floor":["M","?","M","?","$","E","M","E","T","M","?","?","M","M","R","B"],"character_chosen":"IRONCLAD","items_purchased":["ReplayTheSpireMod:Private Reserves"],"campfire_rested":0,"item_purchase_floors":[5],"current_hp_per_floor":[80,80,80,64,64,70,76,58,58,52,41,23,22,28,28,0,0],"gold":237,"neow_bonus":"THREE_ENEMY_KILL","is_daily":false,"chose_seed":false,"campfire_upgraded":1,"win_rate":0.0,"timestamp":1609967054,"path_taken":["M","?","M","?","$","E","M","E","T","M","?","?","M","?","R","BOSS"],"items_purchased_type":["Card"],"build_version":"2020-12-22","purchased_purges":0,"victory":false,"max_hp_per_floor":[80,80,80,80,80,80,80,80,80,80,80,80,80,80,80,80,80],"card_choices":[{"not_picked":["Wild Strike","Heavy Blade"],"picked":"Bloodletting","floor":1},{"not_picked":["Headbutt","ReplayTheSpireMod:Stacked"],"picked":"Carnage","floor":3},{"not_picked":["Sword Boomerang","Wild Strike"],"picked":"Flex","floor":6},{"not_picked":["Body Slam","ReplayTheSpireMod:Strike From Hell","Battle Trance"],"picked":"SKIP","floor":7},{"not_picked":["Double Tap","Sword Boomerang"],"picked":"Clash","floor":8},{"not_picked":["Headbutt","True Grit","Dark Embrace"],"picked":"SKIP","floor":10},{"not_picked":["Havoc","Warcry"],"picked":"Whirlwind","floor":13},{"not_picked":["Warcry","Sword Boomerang"],"picked":"Clash","floor":14}],"player_experience":318784,"relics_obtained":[{"floor":2,"key":"ReplayTheSpireMod:Ring of Exchange"},{"floor":2,"key":"Ring of Peace"},{"floor":6,"key":"PreservedInsect"},{"floor":8,"key":"Replay:Wax Seal"},{"floor":9,"key":"Letter Opener"}],"event_choices":[{"damage_healed":0,"gold_gain":0,"player_choice":"Entered Light","damage_taken":16,"max_hp_gain":0,"max_hp_loss":0,"event_name":"Shining Light","floor":4,"gold_loss":0,"cards_upgraded":["Strike_R","Strike_R"]},{"damage_healed":0,"gold_gain":75,"player_choice":"Gather Gold","damage_taken":11,"max_hp_gain":0,"max_hp_loss":0,"event_name":"World of Goop","floor":11,"gold_loss":0},{"damage_healed":0,"gold_gain":0,"player_choice":"Success","damage_taken":18,"relics_obtained":["Replay:Accelerometer"],"max_hp_gain":0,"max_hp_loss":0,"event_name":"Scrap Ooze","floor":12,"gold_loss":0}],"is_beta":false,"boss_relics":[],"items_purged_floors":[],"is_endless":false,"potions_floor_spawned":[3,6,8,10,14],"killed_by":"The Guardian","ascension_level":3}}