{"host":"j4g6ia6asvpyu2b0","time":1609969670,"event":{"mods":["BaseMod","Colored Map","Minty Spire (QoL Compilation)","Permanent Neow","Quick Restart","Relic Stats","StSLib","Unceasing Turn Reminder"],"gold_per_floor":[118,118,118,142,163,176,246,279,279,279,279],"floor_reached":10,"playtime":195,"items_purged":[],"score":82,"play_id":"b4f177a0-c089-40f2-b7ca-5307f2bc232d","local_time":"20210106144750","is_ascension_mode":true,"campfire_choices":[],"circlet_count":0,"master_deck":["Strike_P","Strike_P+1","Strike_P","Strike_P+1","Defend_P","Defend_P","Defend_P","Defend_P","Eruption","Vigilance","Consecrate","ReachHeaven","FollowUp","WheelKick","CutThroughFate"],"relics":["Black Star","Golden Idol","Question Card","Omamori","Ginger","Gremlin Horn"],"acts_visited":["Exordium"],"potions_floor_usage":[10],"damage_taken":[{"damage":0.0,"enemies":"Jaw Worm","floor":1.0,"turns":3.0},{"damage":0.0,"enemies":"2 Louse","floor":4.0,"turns":2.0},{"damage":7.0,"enemies":"Cultist","floor":5.0,"turns":3.0},{"damage":6.0,"enemies":"Looter","floor":6.0,"turns":2.0},{"damage":35,"enemies":"3 Sentries","floor":8,"turns":7},{"damage":32,"enemies":"Gremlin Nob","floor":10,"turns":2}],"seed_played":"-3228417106062110785","potions_obtained":[{"floor":1.0,"key":"FearPotion"},{"floor":5.0,"key":"EssenceOfSteel"}],"is_trial":false,"path_per_floor":["M","?","?","M","M","M","T","E","T","E"],"character_chosen":"WATCHER","items_purchased":[],"campfire_rested":0,"item_purchase_floors":[],"current_hp_per_floor":[72,67,54,54,47,41,41,6,6,0,0],"gold":279,"neow_bonus":"BOSS_RELIC","is_daily":false,"chose_seed":false,"campfire_upgraded":0,"win_rate":0.0,"timestamp":1609969670,"path_taken":["M","?","?","M","M","M","?","E","T","E"],"items_purchased_type":[],"build_version":"2020-12-22","purchased_purges":0,"victory":false,"max_hp_per_floor":[72,67,67,67,67,67,67,67,67,67,67],"relic_stats":{"Gremlin Horn":[0,0],"counters":[6,19],"Golden Idol":19,"Black Star":1,"Ginger":[0],"Question Card":1,"obtain_stats":[{"Gremlin Horn":9,"Golden Idol":2,"Black Star":0,"Omamori":8,"Ginger":8,"PureWater":0,"Question Card":7},{"Gremlin Horn":5,"Golden Idol":1,"Black Star":0,"Omamori":5,"Ginger":5,"PureWater":0,"Question Card":4},{"Gremlin Horn":17,"Golden Idol":3,"Black Star":0,"Omamori":17,"Ginger":17,"PureWater":0,"Question Card":10}]},"card_choices":[{"not_picked":["WindmillStrike","Swivel"],"picked":"Consecrate","floor":1.0},{"not_picked":["BowlingBash","FlurryOfBlows"],"picked":"ReachHeaven","floor":4.0},{"not_picked":["ThirdEye","Evaluate"],"picked":"FollowUp","floor":5.0},{"not_picked":["Protect","CutThroughFate"],"picked":"WheelKick","floor":6.0},{"not_picked":["Wireheading","WindmillStrike","EmptyBody"],"picked":"CutThroughFate","floor":8}],"player_experience":738371,"relics_obtained":[{"floor":7.0,"key":"Question Card"},{"floor":8,"key":"Omamori"},{"floor":8,"key":"Ginger"},{"floor":9,"key":"Gremlin Horn"}],"event_choices":[{"damage_healed":0.0,"max_hp_gain":0.0,"max_hp_loss":5.0,"gold_gain":0.0,"event_name":"Golden Idol","player_choice":"Lose Max HP","floor":2.0,"gold_loss":0.0,"damage_taken":0.0,"relics_obtained":["Golden Idol"]},{"damage_healed":0.0,"max_hp_gain":0.0,"max_hp_loss":0.0,"gold_gain":0.0,"event_name":"Shining Light","player_choice":"Entered Light","floor":3.0,"gold_loss":0.0,"damage_taken":13.0,"cards_upgraded":["Strike_P","Strike_P"]}],"is_beta":false,"boss_relics":[],"items_purged_floors":[],"is_endless":false,"potions_floor_spawned":[1,5],"killed_by":"Gremlin Nob","ascension_level":4}}