{"host":"1ewlj51w384ajcbv","time":1609912937,"event":{"mods":["BaseMod","Better Third Choice","Downfall","Minty Spire (QoL Compilation)","StSLib"],"gold_per_floor":[13,31,31,31,51,51,71,23,71,71,88,88,116,133,133,234,284,303,316,330,330,342,342,361,361,386,386,386,386,414,433,433,433,433],"floor_reached":33,"playtime":3057,"items_purged":[],"score":319,"play_id":"678d823c-d976-4bdb-9536-4b8be9fd052f","local_time":"20210105220217","is_ascension_mode":false,"campfire_choices":[{"data":"Crippling Poison","floor":6.0,"key":"SMITH"},{"floor":12.0,"key":"REST"},{"floor":15.0,"key":"REST"},{"floor":23.0,"key":"REST"},{"floor":25.0,"key":"REST"},{"floor":29.0,"key":"REST"},{"floor":32,"key":"REST"}],"circlet_count":0,"master_deck":["Strike_G","Strike_G","Strike_G","Strike_G","Defend_G","Defend_G","Defend_G","Defend_G","Defend_G","Survivor","Neutralize","Dagger Spray","Crippling Poison+1","Quick Slash+1","Backstab","Infinite Blades+1","Blade Dance","Bouncing Flask","Prepared","Dagger Spray","Adrenaline","Terror","Backflip+1","Infinite Blades","Backflip","Writhe","Dodge and Roll+1","Catalyst","Ghostly","Ghostly","Ghostly","Ghostly","Ghostly","Deadly Poison","Finisher"],"relics":["Ring of the Snake","Lizard Tail","Bronze Scales","Potion Belt","Tiny House","Snake Skull","PreservedInsect","Toy Ornithopter"],"acts_visited":["Exordium","TheCity"],"potions_floor_usage":[33,33,33],"damage_taken":[{"damage":1.0,"enemies":"Cultist","floor":1.0,"turns":4.0},{"damage":0.0,"enemies":"2 Louse","floor":2.0,"turns":2.0},{"damage":0.0,"enemies":"Small Slimes","floor":5.0,"turns":3.0},{"damage":9.0,"enemies":"Gremlin Gang","floor":7.0,"turns":2.0},{"damage":10.0,"enemies":"Exordium Thugs","floor":11.0,"turns":3.0},{"damage":16.0,"enemies":"Lagavulin","floor":13.0,"turns":6.0},{"damage":2.0,"enemies":"Large Slime","floor":14.0,"turns":4.0},{"damage":42.0,"enemies":"Slime Boss","floor":16.0,"turns":11.0},{"damage":22.0,"enemies":"Shell Parasite","floor":18.0,"turns":4.0},{"damage":17.0,"enemies":"Spheric Guardian","floor":19.0,"turns":4.0},{"damage":26.0,"enemies":"Cultist and Chosen","floor":20.0,"turns":5.0},{"damage":8.0,"enemies":"Snecko","floor":22.0,"turns":4.0},{"damage":43.0,"enemies":"Snake Plant","floor":24.0,"turns":5.0},{"damage":21.0,"enemies":"Book of Stabbing","floor":30.0,"turns":4.0},{"damage":3,"enemies":"Centurion and Healer","floor":31,"turns":7},{"damage":45,"enemies":"Champ","floor":33,"turns":11}],"seed_played":"5302127045527461248","potions_obtained":[{"floor":1.0,"key":"ColorlessPotion"},{"floor":5.0,"key":"Energy Potion"},{"floor":7.0,"key":"FearPotion"},{"floor":13.0,"key":"Block Potion"},{"floor":14.0,"key":"SpeedPotion"},{"floor":17.0,"key":"LiquidMemories"},{"floor":18.0,"key":"BlessingOfTheForge"},{"floor":24.0,"key":"Dexterity Potion"},{"floor":30.0,"key":"Fire Potion"},{"floor":31,"key":"Guardian:BlockOnCardUsePotion"}],"is_trial":false,"path_per_floor":["M","M","?","$","M","R","M","$","T","?","M","R","E","M","R","B",null,"M","M","M","?","M","R","M","R","T","?","?","R","E","M","R","B"],"character_chosen":"THE_SILENT","items_purchased":["Blade Dance"],"campfire_rested":6,"item_purchase_floors":[8],"current_hp_per_floor":[69,69,69,69,69,69,60,60,60,60,50,70,54,52,70,28,75,53,36,10,10,2,24,23,45,45,37,33,42,21,18,30,0,0],"gold":433,"neow_bonus":"ONE_RARE_RELIC","is_daily":false,"chose_seed":false,"campfire_upgraded":1,"win_rate":0.0,"timestamp":1609912937,"path_taken":["M","?","?","$","?","R","M","?","T","?","M","R","E","M","R","BOSS","M","M","?","?","M","R","M","R","T","?","?","R","E","M","R","BOSS"],"items_purchased_type":["Card"],"build_version":"2020-12-22","purchased_purges":0,"victory":false,"max_hp_per_floor":[70,70,70,70,70,70,70,70,70,70,70,70,70,70,70,70,75,75,75,75,75,75,75,75,75,75,37,42,42,42,42,42,42,42],"card_choices":[{"not_picked":["Escape Plan","Masterful Stab"],"picked":"Dagger Spray","floor":1.0},{"not_picked":["Flechettes","Footwork"],"picked":"Crippling Poison","floor":2.0},{"not_picked":["Choke","Underhanded Strike"],"picked":"Backstab","floor":5.0},{"not_picked":["Caltrops","Dagger Throw"],"picked":"Infinite Blades","floor":7.0},{"not_picked":["Finisher","Quick Slash"],"picked":"Bouncing Flask","floor":11.0},{"not_picked":["Unload","Dagger Spray"],"picked":"Prepared","floor":13.0},{"not_picked":["Leg Sweep","Finisher"],"picked":"Dagger Spray","floor":14.0},{"not_picked":["Doppelganger","Wraith Form v2"],"picked":"Adrenaline","floor":16.0},{"not_picked":["Tactician","Dash"],"picked":"Terror","floor":17.0},{"not_picked":["Escape Plan+1","Bane"],"picked":"Backflip+1","floor":18.0},{"not_picked":["Deflect","Well Laid Plans"],"picked":"Infinite Blades","floor":19.0},{"not_picked":["Tactician","Endless Agony"],"picked":"Backflip","floor":20.0},{"not_picked":["Acrobatics+1","Dagger Spray+1"],"picked":"Dodge and Roll+1","floor":22.0},{"not_picked":["Flechettes","Calculated Gamble"],"picked":"Catalyst","floor":24.0},{"not_picked":["Eviscerate","Backstab"],"picked":"Deadly Poison","floor":30.0},{"not_picked":["Dodge and Roll+1","Slice"],"picked":"Finisher","floor":31}],"player_experience":102406,"relics_obtained":[{"floor":9.0,"key":"Bronze Scales"},{"floor":13.0,"key":"Potion Belt"},{"floor":26.0,"key":"PreservedInsect"},{"floor":30.0,"key":"Toy Ornithopter"}],"event_choices":[{"damage_healed":0.0,"max_hp_gain":0.0,"max_hp_loss":0.0,"gold_gain":0.0,"cards_transformed":["Strike_G"],"event_name":"Transmorgrifier","player_choice":"Transformed","floor":3.0,"gold_loss":0.0,"damage_taken":0.0,"cards_obtained":["Quick Slash"]},{"damage_healed":0.0,"max_hp_gain":0.0,"max_hp_loss":0.0,"gold_gain":0.0,"event_name":"Upgrade Shrine","player_choice":"Upgraded","floor":10.0,"gold_loss":0.0,"damage_taken":0.0,"cards_upgraded":["Infinite Blades"]},{"damage_healed":0.0,"max_hp_gain":0.0,"max_hp_loss":0.0,"gold_gain":0.0,"event_name":"The Mausoleum","player_choice":"Opened","floor":21.0,"gold_loss":0.0,"damage_taken":0.0,"relics_obtained":["Snake Skull"],"cards_obtained":["Writhe"]},{"damage_healed":0.0,"max_hp_gain":0.0,"max_hp_loss":38.0,"gold_gain":0.0,"event_name":"Ghosts","player_choice":"Became a Ghost","floor":27.0,"gold_loss":0.0,"damage_taken":0.0,"cards_obtained":["Ghostly","Ghostly","Ghostly","Ghostly","Ghostly"]},{"damage_healed":0.0,"max_hp_gain":5.0,"max_hp_loss":0.0,"gold_gain":0.0,"event_name":"Forgotten Altar","player_choice":"Shed Blood","floor":28.0,"gold_loss":0.0,"damage_taken":9.0}],"is_beta":false,"boss_relics":[{"not_picked":["Runic Dome","Coffee Dripper"],"picked":"Tiny House"}],"items_purged_floors":[],"is_endless":false,"potions_floor_spawned":[1,5,7,13,14,18,24,30,31],"killed_by":"Champ","ascension_level":0}}