{"host":"d2y4rmbezebiv8aj","time":1609929508,"event":{"mods":["AchievementEnabler","BaseMod","Bestiary","BetterRewards","Colored Map","Colored Powertips","Custom Start","Highlight Path","Minty Spire (QoL Compilation)","Quick Restart","Rare Cards Sparkle","Relic Sorter","Relic Stats","Shop Mod","Slay-I","StSLib","SuperFastMode"],"gold_per_floor":[117,117,130,140,65,65,65],"floor_reached":6,"playtime":197,"items_purged":["Regret"],"score":47,"play_id":"1eaaee4a-036d-443e-9309-2dbf4b4d8917","local_time":"20210106113828","is_ascension_mode":true,"campfire_choices":[],"circlet_count":0,"master_deck":["Strike_G","Strike_G","Strike_G","Strike_G","Strike_G","Defend_G","Defend_G","Defend_G","Defend_G","Defend_G","Survivor","Neutralize","Noxious Fumes","Accuracy","Infinite Blades","Masterful Stab"],"relics":["Ring of the Snake","InkBottle"],"acts_visited":["Exordium"],"potions_floor_usage":[],"damage_taken":[{"damage":1,"enemies":"2 Louse","floor":1,"turns":4},{"damage":7,"enemies":"Cultist","floor":3,"turns":5},{"damage":4,"enemies":"Jaw Worm","floor":4,"turns":5},{"damage":55,"enemies":"Gremlin Nob","floor":6,"turns":5}],"seed_played":"3105158496862145517","potions_obtained":[{"floor":1,"key":"ColorlessPotion"},{"floor":3,"key":"ColorlessPotion"}],"is_trial":false,"path_per_floor":["M","?","M","M","$","E"],"character_chosen":"THE_SILENT","items_purchased":["Noxious Fumes"],"campfire_rested":0,"item_purchase_floors":[0],"current_hp_per_floor":[62,62,55,51,51,0,0],"gold":65,"neow_bonus":"","is_daily":false,"chose_seed":false,"campfire_upgraded":0,"win_rate":0.0,"timestamp":1609929508,"path_taken":["M","?","M","M","$","E"],"items_purchased_type":["Card"],"build_version":"2020-12-22","purchased_purges":1,"victory":false,"max_hp_per_floor":[70,70,70,70,70,70,70],"relic_stats":{"counters":[146,722],"obtain_stats":[{"Gremlin Horn":0,"Spirit Poop":3,"Whetstone":6,"Boot":27,"Blood Vial":27,"Centennial Puzzle":3,"Lizard Tail":36,"Strawberry":6,"MealTicket":9,"Prayer Wheel":13,"Fusion Hammer":17,"Kunai":27,"Girya":26,"Happy Flower":14,"Oddly Smooth Stone":9,"Eternal Feather":7,"Pen Nib":25,"Letter Opener":8,"Paper Crane":9,"War Paint":17,"WarpedTongs":2,"Bottled Flame":25,"Shuriken":26,"Bird Faced Urn":7,"Molten Egg 2":10,"CultistMask":12,"Nloth\u0027s Gift":19,"Black Star":17,"Meat on the Bone":9,"Darkstone Periapt":23,"Mango":17,"Bag of Preparation":2,"Juzu Bracelet":8,"Cursed Key":17,"Smiling Mask":6,"Ancient Tea Set":10,"Nunchaku":0,"Dream Catcher":14,"Tough Bandages":0,"Matryoshka":6,"WristBlade":17,"Mummified Hand":27,"Ninja Scroll":25,"Toolbox":44,"Tiny Chest":7,"Red Mask":45,"InkBottle":2,"Ring of the Snake":0,"The Specimen":26,"Golden Idol":2,"Thread and Needle":31,"PreservedInsect":43,"Omamori":19,"Orichalcum":14,"Frozen Egg 2":9,"MawBank":9,"White Beast Statue":9,"Mercury Hourglass":6,"Calling Bell":17,"CaptainsWheel":9,"Ornamental Fan":6,"Membership Card":14,"Bottled Lightning":44,"TungstenRod":27,"Toy Ornithopter":44},{"Gremlin Horn":72,"Spirit Poop":41,"Whetstone":112,"Boot":88,"Blood Vial":37,"Centennial Puzzle":1,"Lizard Tail":94,"Strawberry":52,"MealTicket":5,"Prayer Wheel":62,"Fusion Hammer":115,"Kunai":88,"Girya":68,"Happy Flower":62,"Oddly Smooth Stone":13,"Eternal Feather":125,"Pen Nib":22,"Letter Opener":53,"Paper Crane":27,"War Paint":129,"WarpedTongs":73,"Bottled Flame":37,"Shuriken":87,"Bird Faced Urn":60,"Molten Egg 2":53,"CultistMask":80,"Nloth\u0027s Gift":64,"Black Star":82,"Meat on the Bone":79,"Darkstone Periapt":21,"Mango":129,"Bag of Preparation":1,"Juzu Bracelet":79,"Cursed Key":17,"Smiling Mask":43,"Ancient Tea Set":126,"Nunchaku":0,"Dream Catcher":16,"Tough Bandages":55,"Matryoshka":137,"WristBlade":32,"Mummified Hand":22,"Ninja Scroll":87,"Toolbox":95,"Tiny Chest":13,"Red Mask":95,"InkBottle":143,"Ring of the Snake":0,"The Specimen":119,"Golden Idol":41,"Thread and Needle":91,"PreservedInsect":95,"Omamori":18,"Orichalcum":8,"Frozen Egg 2":104,"MawBank":53,"White Beast Statue":137,"Mercury Hourglass":26,"Calling Bell":129,"CaptainsWheel":60,"Ornamental Fan":4,"Membership Card":62,"Bottled Lightning":95,"TungstenRod":68,"Toy Ornithopter":95},{"Gremlin Horn":368,"Spirit Poop":199,"Whetstone":546,"Boot":436,"Blood Vial":185,"Centennial Puzzle":8,"Lizard Tail":456,"Strawberry":254,"MealTicket":35,"Prayer Wheel":288,"Fusion Hammer":561,"Kunai":436,"Girya":332,"Happy Flower":288,"Oddly Smooth Stone":74,"Eternal Feather":610,"Pen Nib":124,"Letter Opener":258,"Paper Crane":146,"War Paint":632,"WarpedTongs":371,"Bottled Flame":185,"Shuriken":432,"Bird Faced Urn":280,"Molten Egg 2":258,"CultistMask":399,"Nloth\u0027s Gift":311,"Black Star":412,"Meat on the Bone":398,"Darkstone Periapt":115,"Mango":632,"Bag of Preparation":8,"Juzu Bracelet":398,"Cursed Key":94,"Smiling Mask":212,"Ancient Tea Set":614,"Nunchaku":0,"Dream Catcher":84,"Tough Bandages":264,"Matryoshka":670,"WristBlade":166,"Mummified Hand":124,"Ninja Scroll":432,"Toolbox":460,"Tiny Chest":74,"Red Mask":460,"InkBottle":707,"Ring of the Snake":0,"The Specimen":584,"Golden Idol":199,"Thread and Needle":443,"PreservedInsect":460,"Omamori":97,"Orichalcum":49,"Frozen Egg 2":505,"MawBank":258,"White Beast Statue":670,"Mercury Hourglass":143,"Calling Bell":632,"CaptainsWheel":280,"Ornamental Fan":32,"Membership Card":288,"Bottled Lightning":460,"TungstenRod":332,"Toy Ornithopter":460}],"InkBottle":[5],"Ring of the Snake":[274]},"card_choices":[{"not_picked":["Dagger Throw","Calculated Gamble"],"picked":"Accuracy","floor":1},{"not_picked":["Choke","Outmaneuver"],"picked":"Infinite Blades","floor":3},{"not_picked":["Endless Agony","Poisoned Stab"],"picked":"Masterful Stab","floor":4}],"player_experience":355529,"relics_obtained":[],"event_choices":[{"damage_healed":0,"gold_gain":0,"player_choice":"Box","damage_taken":0,"relics_obtained":["InkBottle"],"max_hp_gain":0,"max_hp_loss":0,"event_name":"Big Fish","floor":2,"gold_loss":0,"cards_obtained":["Regret"]}],"is_beta":false,"boss_relics":[],"items_purged_floors":[5],"is_endless":false,"potions_floor_spawned":[1,3],"killed_by":"Gremlin Nob","ascension_level":6}}