{"host":"l84l8xigz5v5foa2","time":1609892614,"event":{"mods":["2.2 Compatiblity","AchievementEnabler","BaseMod","Better Note","Better Vampires","Card Filter","Colored Map","DeckTracker","Downfall","Gremlin Skip","Highlight Path","Keyboard Shortcuts","Minty Spire (QoL Compilation)","Permanent Neow","Quick Restart","Relic Filter","Relic Stats","StSLib","SuperFastMode","Transform Curses","Unknown Chances"],"gold_per_floor":[199,212,222,222,207,117,164,176,205,205,218,229,229,39,52,129,129,129,144,158,174,274,199,280,292,308,308,308,308,336,347,362,437,437,437,447,460,209,209,226,226,483,333,333,333,333],"floor_reached":44,"playtime":2301,"items_purged":["hexamod:Defend","hexamod:Strike","hexamod:Strike","hexamod:Defend"],"score":889,"play_id":"0992526b-b9fa-40d4-a1c3-555f209041a3","local_time":"20210106092334","is_ascension_mode":true,"campfire_choices":[{"data":"hexamod:Float","floor":1.0,"key":"SMITH"},{"data":"hexamod:DynamicBlow","floor":10.0,"key":"SMITH"},{"data":"hexamod:Incineration","floor":13.0,"key":"SMITH"},{"data":"hexamod:Rewind","floor":18.0,"key":"SMITH"},{"data":"hexamod:FastForward","floor":23.0,"key":"SMITH"},{"data":"hexamod:ShieldOfDarkness","floor":27.0,"key":"SMITH"},{"data":"hexamod:AdvancingGuard","floor":29.0,"key":"SMITH"},{"floor":35.0,"key":"RECALL"},{"data":"expansioncontent:Chronoboost","floor":43.0,"key":"SMITH"}],"circlet_count":0,"master_deck":["AscendersBane","hexamod:Defend","hexamod:Float+1","hexamod:ShieldOfDarkness+1","hexamod:AdvancingGuard+1","hexamod:DynamicBlow+1","hexamod:Hexaguard","hexamod:FourthSeal","hexamod:Incineration+1","hexamod:Rewind+1","hexamod:TimeOfNeed","hexamod:SpectersWail+1","hexamod:FastForward+1","hexamod:StepThrough","hexamod:SoulSteal+1","hexamod:NightmareGuise+1","hexamod:Rewind+1","hexamod:ApocalypticArmor+1","hexamod:GhostShield","hexamod:HauntingEcho","expansioncontent:Chronoboost+1","expansioncontent:BronzeBeam","hexamod:InspiringFlames"],"relics":["hexamod:SpiritBrand","PreservedInsect","MealTicket","Philosopher\u0027s Stone","Thread and Needle","Letter Opener","downfall:HeartBlessingGreen","Matryoshka","Eternal Feather","Astrolabe","Membership Card","Omamori","downfall:HeartBlessingRed","downfall:HeartBlessingBlue"],"acts_visited":["Exordium","TheCity","TheBeyond"],"potions_floor_usage":[44],"damage_taken":[{"damage":0.0,"enemies":"Cultist","floor":2.0,"turns":3.0},{"damage":0.0,"enemies":"Small Slimes","floor":3.0,"turns":4.0},{"damage":0.0,"enemies":"downfall:FleeingMerchant","floor":5.0,"turns":4.0},{"damage":0.0,"enemies":"downfall:FleeingMerchant","floor":6.0,"turns":4.0},{"damage":1.0,"enemies":"Jaw Worm","floor":8.0,"turns":3.0},{"damage":7.0,"enemies":"Lagavulin","floor":9.0,"turns":7.0},{"damage":5.0,"enemies":"Exordium Thugs","floor":11.0,"turns":5.0},{"damage":0.0,"enemies":"3 Louse","floor":12.0,"turns":4.0},{"damage":9.0,"enemies":"downfall:FleeingMerchant","floor":14.0,"turns":4.0},{"damage":0.0,"enemies":"Blue Slaver","floor":15.0,"turns":3.0},{"damage":18.0,"enemies":"downfall:Silent","floor":16.0,"turns":9.0},{"damage":7.0,"enemies":"Chosen","floor":19.0,"turns":3.0},{"damage":7.0,"enemies":"Snecko","floor":20.0,"turns":5.0},{"damage":5.0,"enemies":"Centurion and Healer","floor":21.0,"turns":6.0},{"damage":27.0,"enemies":"downfall:Defect","floor":22.0,"turns":6.0},{"damage":3.0,"enemies":"Snake Plant","floor":25.0,"turns":3.0},{"damage":0.0,"enemies":"Cultist and Chosen","floor":26.0,"turns":5.0},{"damage":11.0,"enemies":"Book of Stabbing","floor":30.0,"turns":5.0},{"damage":0.0,"enemies":"3 Cultists","floor":31.0,"turns":3.0},{"damage":1.0,"enemies":"Centurion and Healer","floor":32.0,"turns":4.0},{"damage":17.0,"enemies":"downfall:Ironclad","floor":33.0,"turns":9.0},{"damage":0.0,"enemies":"3 Darklings","floor":36.0,"turns":3.0},{"damage":0.0,"enemies":"3 Shapes","floor":37.0,"turns":3.0},{"damage":14.0,"enemies":"downfall:FleeingMerchant","floor":38.0,"turns":4.0},{"damage":10.0,"enemies":"Sphere and 2 Shapes","floor":40.0,"turns":7.0},{"damage":0.0,"enemies":"downfall:FleeingMerchant","floor":42.0,"turns":1.0},{"damage":77,"enemies":"Reptomancer","floor":44,"turns":6}],"seed_played":"1770785372509137388","potions_obtained":[{"floor":3.0,"key":"LiquidMemories"},{"floor":8.0,"key":"Guardian:BlockOnCardUsePotion"},{"floor":11.0,"key":"SteroidPotion"},{"floor":14.0,"key":"hexamod:InfernoChargePotion"},{"floor":15.0,"key":"CultistPotion"},{"floor":15.0,"key":"Weak Potion"},{"floor":16.0,"key":"champ:CounterPotion"},{"floor":19.0,"key":"SneckoOil"},{"floor":20.0,"key":"Fire Potion"},{"floor":21.0,"key":"Swift Potion"},{"floor":22.0,"key":"Regen Potion"},{"floor":25.0,"key":"Energy Potion"},{"floor":26.0,"key":"GamblersBrew"},{"floor":30.0,"key":"Block Potion"},{"floor":31.0,"key":"Regen Potion"},{"floor":32.0,"key":"Regen Potion"},{"floor":33.0,"key":"hexamod:DoubleChargePotion"},{"floor":33.0,"key":"hexamod:DoubleChargePotion"},{"floor":36.0,"key":"BlessingOfTheForge"},{"floor":37.0,"key":"DistilledChaos"},{"floor":38.0,"key":"FearPotion"},{"floor":40.0,"key":"Block Potion"}],"is_trial":false,"path_per_floor":["R","M","M","?","$","$","T","M","E","R","M","M","R","$","M","B",null,"R","M","M","M","?","R","T","M","M","R","?","R","E","M","M","B",null,"R","M","M","?","?","M","T","$","R","E"],"character_chosen":"THE_SPIRIT","items_purchased":["hexamod:Rewind","Membership Card","hexamod:InspiringFlames"],"campfire_rested":0,"item_purchase_floors":[14,38,42],"current_hp_per_floor":[57,57,57,57,57,57,57,56,49,49,44,44,44,50,50,32,55,55,48,41,36,9,9,9,18,18,18,18,18,7,7,18,16,51,63,63,63,49,39,29,29,44,66,0,0,0],"gold":333,"neow_bonus":"HUNDRED_GOLD","is_daily":false,"chose_seed":false,"campfire_upgraded":8,"win_rate":0.0,"timestamp":1609892614,"path_taken":["R","M","M","?","?","$","T","M","E","R","M","M","R","$","M","BOSS","R","M","M","M","?","R","T","M","M","R","?","R","E","M","M","BOSS","R","M","M","?","?","M","T","$","R","E"],"items_purchased_type":["Card","Relic","Card"],"build_version":"2020-12-22","purchased_purges":4,"victory":false,"max_hp_per_floor":[63,63,63,63,63,63,63,63,63,63,63,63,63,63,63,63,63,63,63,63,63,63,63,63,63,63,63,63,63,63,63,63,63,63,63,63,63,63,63,63,63,63,73,73,73,73],"relic_stats":{"counters":[27,123],"Astrolabe":["hexamod:NightmareGuise","hexamod:Rewind","hexamod:ApocalypticArmor"],"MealTicket":30,"Eternal Feather":24,"PreservedInsect":148,"Letter Opener":[213],"obtain_stats":[{"downfall:HeartBlessingRed":43,"Astrolabe":34,"Thread and Needle":22,"downfall:HeartBlessingGreen":23,"Eternal Feather":30,"PreservedInsect":7,"Omamori":41,"Letter Opener":22,"Matryoshka":24,"downfall:HeartBlessingBlue":43,"MealTicket":9,"Philosopher\u0027s Stone":17,"Membership Card":38,"hexamod:SpiritBrand":0},{"downfall:HeartBlessingRed":26,"Astrolabe":21,"Thread and Needle":15,"downfall:HeartBlessingGreen":15,"Eternal Feather":18,"PreservedInsect":4,"Omamori":25,"Letter Opener":15,"Matryoshka":15,"downfall:HeartBlessingBlue":26,"MealTicket":6,"Philosopher\u0027s Stone":11,"Membership Card":24,"hexamod:SpiritBrand":0},{"downfall:HeartBlessingRed":117,"Astrolabe":99,"Thread and Needle":70,"downfall:HeartBlessingGreen":70,"Eternal Feather":83,"PreservedInsect":15,"Omamori":116,"Letter Opener":70,"Matryoshka":70,"downfall:HeartBlessingBlue":117,"MealTicket":25,"Philosopher\u0027s Stone":50,"Membership Card":109,"hexamod:SpiritBrand":0}]},"card_choices":[{"not_picked":["hexamod:BurningTouch","hexamod:ThermalTransfer"],"picked":"hexamod:ShieldOfDarkness","floor":2.0},{"not_picked":["hexamod:GhostLash","hexamod:Firestarter"],"picked":"hexamod:AdvancingGuard","floor":3.0},{"not_picked":["hexamod:BurningTouch","hexamod:RainOfEmbers"],"picked":"hexamod:DynamicBlow","floor":5.0},{"not_picked":["hexamod:GhostLash","hexamod:ExtraCrispy","hexamod:NightmareGuise"],"picked":"SKIP","floor":6.0},{"not_picked":["hexamod:GhostflameInferno","hexamod:SkipABeat"],"picked":"hexamod:Hexaguard","floor":8.0},{"not_picked":["hexamod:SecondSeal","hexamod:EmpoweringStance"],"picked":"hexamod:FourthSeal","floor":9.0},{"not_picked":["hexamod:AdvancingGuard","hexamod:GhostLash","hexamod:NightmareStrike"],"picked":"SKIP","floor":11.0},{"not_picked":["hexamod:RainOfEmbers","hexamod:ExtraCrispy"],"picked":"hexamod:Incineration","floor":12.0},{"not_picked":["hexamod:CrushingStance","hexamod:Firestarter","hexamod:BacktrackSmack"],"picked":"SKIP","floor":14.0},{"not_picked":["hexamod:GhostShield","hexamod:GhostLash","hexamod:ShieldOfDarkness"],"picked":"SKIP","floor":15.0},{"not_picked":["hexamod:EmpoweringStance","hexamod:WildfireWeapon"],"picked":"hexamod:TimeOfNeed","floor":16.0},{"not_picked":["hexamod:FlamesFromBeyond","hexamod:RetreatToShadows"],"picked":"hexamod:SpectersWail+1","floor":19.0},{"not_picked":["hexamod:BacktrackSmack","hexamod:RainOfEmbers"],"picked":"hexamod:FastForward","floor":20.0},{"not_picked":["hexamod:ThermalTransfer+1","hexamod:FourthSeal"],"picked":"hexamod:StepThrough","floor":21.0},{"not_picked":["hexamod:ShieldOfDarkness","hexamod:ExtraCrispy","hexamod:BurningTouch"],"picked":"SKIP","floor":25.0},{"not_picked":["hexamod:SpectersWail","hexamod:RecurringNightmare","hexamod:AdvancingGuard"],"picked":"SKIP","floor":26.0},{"not_picked":["hexamod:Haunt","hexamod:RadiantFlame+1"],"picked":"hexamod:SoulSteal+1","floor":30.0},{"not_picked":["hexamod:ParanormalForm","hexamod:ShieldOfDarkness","hexamod:SpectersWail"],"picked":"SKIP","floor":31.0},{"not_picked":["hexamod:Firestarter","hexamod:Haunt","hexamod:SwordOfDarkness"],"picked":"SKIP","floor":32.0},{"not_picked":["hexamod:SwordOfDarkness","hexamod:SpectersWail"],"picked":"hexamod:GhostShield","floor":36.0},{"not_picked":["hexamod:ThermalTransfer","hexamod:Rewind"],"picked":"hexamod:HauntingEcho","floor":37.0},{"not_picked":["hexamod:AdvancingGuard","hexamod:FastForward","hexamod:RetreatToShadows+1"],"picked":"SKIP","floor":38.0},{"not_picked":["expansioncontent:DefensiveStance","expansioncontent:DefensiveMode"],"picked":"expansioncontent:Chronoboost","floor":39.0},{"not_picked":["expansioncontent:Torchfire","expansioncontent:LastStand"],"picked":"expansioncontent:BronzeBeam","floor":39.0},{"not_picked":["hexamod:NightmareGuise","hexamod:BacktrackSmack","hexamod:SpectersWail"],"picked":"SKIP","floor":40.0},{"not_picked":["hexamod:ShieldOfDarkness","hexamod:BacktrackSmack","hexamod:PhantomCloak+1"],"picked":"SKIP","floor":42.0}],"player_experience":2903082,"relics_obtained":[{"floor":7.0,"key":"PreservedInsect"},{"floor":9.0,"key":"MealTicket"},{"floor":22.0,"key":"Thread and Needle"},{"floor":22.0,"key":"Letter Opener"},{"floor":24.0,"key":"Matryoshka"},{"floor":30.0,"key":"Eternal Feather"},{"floor":41.0,"key":"Omamori"}],"event_choices":[{"cards_removed":["hexamod:Defend"],"damage_healed":0.0,"max_hp_gain":0.0,"max_hp_loss":0.0,"gold_gain":0.0,"event_name":"Purifier","player_choice":"Purged","floor":4.0,"gold_loss":0.0,"damage_taken":0.0}],"is_beta":false,"boss_relics":[{"not_picked":["Sozu","Cursed Key"],"picked":"Philosopher\u0027s Stone"},{"not_picked":["SlaversCollar","Busted Crown"],"picked":"Astrolabe"}],"items_purged_floors":[6,14,38,42],"is_endless":false,"potions_floor_spawned":[3,8,11,15,16,25,26,30,32,33,40],"killed_by":"Reptomancer","ascension_level":20}}