{"host":"nqsrckqog5ia9mbo","time":1609961691,"event":{"mods":["AchievementEnabler","BaseMod","Colored Map","Highlight Path","Minty Spire (QoL Compilation)"],"gold_per_floor":[118,193,208,31,31,31,61,61,86,97,111,111,111,125,125,125,125],"floor_reached":16,"playtime":591,"items_purged":["Strike_R"],"score":135,"play_id":"01566e94-bf92-4727-aac0-d5b03feabf97","local_time":"20210106203451","is_ascension_mode":true,"campfire_choices":[{"data":"Bash","floor":6,"key":"SMITH"},{"data":"Whirlwind","floor":8,"key":"SMITH"},{"data":"Shrug It Off","floor":13,"key":"SMITH"},{"data":"Rampage","floor":15,"key":"SMITH"}],"circlet_count":0,"master_deck":["Strike_R+1","Strike_R","Strike_R","Defend_R","Defend_R","Defend_R","Defend_R+1","Bash+1","Cleave","Shrug It Off+1","Rampage+1","Whirlwind+1","Seeing Red","Iron Wave"],"relics":["Burning Blood","HornCleat"],"acts_visited":["Exordium"],"potions_floor_usage":[7,16,16],"damage_taken":[{"damage":15,"enemies":"Small Slimes","floor":1,"turns":5},{"damage":2,"enemies":"2 Louse","floor":3,"turns":2},{"damage":22,"enemies":"Gremlin Nob","floor":7,"turns":4},{"damage":0,"enemies":"Jaw Worm","floor":10,"turns":3},{"damage":1,"enemies":"Looter","floor":11,"turns":3},{"damage":2,"enemies":"Blue Slaver","floor":14,"turns":4},{"damage":45,"enemies":"The Guardian","floor":16,"turns":12}],"seed_played":"4294253471949492918","potions_obtained":[{"floor":3,"key":"DuplicationPotion"},{"floor":10,"key":"DuplicationPotion"},{"floor":14,"key":"SneckoOil"}],"is_trial":false,"path_per_floor":["M","?","M","$","?","R","E","R","T","M","M","?","R","M","R","B"],"character_chosen":"IRONCLAD","items_purchased":["Shrug It Off","Rampage"],"campfire_rested":0,"item_purchase_floors":[4,4],"current_hp_per_floor":[71,60,64,64,64,64,48,48,48,54,59,41,41,45,45,0,0],"gold":125,"neow_bonus":"TEN_PERCENT_HP_BONUS","is_daily":false,"chose_seed":false,"campfire_upgraded":4,"win_rate":0.0,"timestamp":1609961691,"path_taken":["M","?","M","$","?","R","E","R","T","M","M","?","R","M","R","BOSS"],"items_purchased_type":["Card","Card"],"build_version":"2020-12-22","purchased_purges":1,"victory":false,"max_hp_per_floor":[88,88,88,88,88,88,88,88,88,88,88,88,88,88,88,88,88],"card_choices":[{"not_picked":["Shrug It Off","Uppercut"],"picked":"Cleave","floor":1},{"not_picked":["Combust","Twin Strike","Havoc"],"picked":"SKIP","floor":3},{"not_picked":["Shockwave","Perfected Strike"],"picked":"Whirlwind","floor":7},{"not_picked":["Dropkick","Iron Wave"],"picked":"Seeing Red","floor":10},{"not_picked":["Bloodletting","Havoc"],"picked":"Iron Wave","floor":11},{"not_picked":["Iron Wave","Power Through","Perfected Strike"],"picked":"SKIP","floor":14}],"player_experience":164003,"relics_obtained":[{"floor":7,"key":"HornCleat"}],"event_choices":[{"damage_healed":0,"gold_gain":75,"player_choice":"Gather Gold","damage_taken":11,"max_hp_gain":0,"max_hp_loss":0,"event_name":"World of Goop","floor":2,"gold_loss":0},{"cards_removed":["Strike_R"],"damage_healed":0,"gold_gain":0,"player_choice":"Forget","damage_taken":0,"max_hp_gain":0,"max_hp_loss":0,"event_name":"Living Wall","floor":5,"gold_loss":0},{"damage_healed":0,"gold_gain":0,"player_choice":"Entered Light","damage_taken":18,"max_hp_gain":0,"max_hp_loss":0,"event_name":"Shining Light","floor":12,"gold_loss":0,"cards_upgraded":["Strike_R","Defend_R"]}],"is_beta":false,"boss_relics":[],"items_purged_floors":[4],"is_endless":false,"potions_floor_spawned":[3,10,14],"killed_by":"The Guardian","ascension_level":7}}