{"host":"xu0zbcebhy6w9mdv","time":1609973371,"event":{"mods":["AchievementEnabler","Act Like it!","Aspiration","BaseMod","Better Match","Better Third Choice","BetterRewards","Colored Powertips","Downfall","Duelist Mod","Friendly Minions","Gensokyo","Hallownest","Hubris","Infinite Spire","Marisa????????","Minty Spire (QoL Compilation)","Potionbrewer","Quick Restart","READ ME - Guardian Mod","READ ME - Snecko Mod","Rare Cards Sparkle","Replay The Spire","Shop Mod","StSLib","The Animator","The Blackbeard","The Bug Knight","The Cursed","The Hierophant","The Necromancer","The Runesmith","The Servant 0.9.4"],"gold_per_floor":[135,135,135,185,198,198,213,213,238,270,270,281,281,281],"floor_reached":13,"playtime":849,"items_purged":[],"score":229,"play_id":"e2b08cac-137c-4b8d-9180-c7b647850686","local_time":"20210106174931","is_ascension_mode":true,"campfire_choices":[{"data":"theDuelist:ExodiaNecross","floor":6,"key":"SMITH"},{"data":"theDuelist:FairyBox","floor":8,"key":"SMITH"},{"floor":11,"key":"REST"}],"circlet_count":0,"master_deck":["theDuelist:ExodiaLA","theDuelist:SummonedSkull","theDuelist:OneForOne","theDuelist:CyberArchfiend","theDuelist:OneForOne","theDuelist:Hinotama+1","theDuelist:DarkMasterZorc","theDuelist:GreenGadget","theDuelist:ExodiaRA","theDuelist:Polymerization","theDuelist:MagicCylinder","theDuelist:BlockSpider","theDuelist:PowerWall","theDuelist:ExodiaNecross+1","theDuelist:Mixeroid","theDuelist:MillenniumScorpion","theDuelist:PowerWall","theDuelist:ChangeHeart","theDuelist:ExodiaRL","theDuelist:CaveDragon","theDuelist:PowerWall","theDuelist:MiraculousDescent+1","theDuelist:PowerWall","theDuelist:OjamaYellow","theDuelist:ShardGreed+1","theDuelist:BerserkerCrush","theDuelist:DarkMagician","theDuelist:GracefulCharity","theDuelist:Mixeroid","theDuelist:FairyBox+1","theDuelist:CardDestruction","theDuelist:Hinotama+1","theDuelist:BeastTalwar","theDuelist:ArchfiendSoldier","theDuelist:ClownZombie","theDuelist:MillenniumShield","theDuelist:LegendaryExodia","theDuelist:ExodiaLL","theDuelist:BlueEyes","AscendersBane","theDuelist:IceQueen","theDuelist:CaveDragon","theDuelist:Sparks","theDuelist:ExodiaNecross","theDuelist:Sparks","theDuelist:Sparks","theDuelist:MysticalElf","theDuelist:Wildfire","theDuelist:ExodiaHead","theDuelist:SpiralSpearStrike","theDuelist:PotGreed","theDuelist:FeatherShot","theDuelist:Sparks","theDuelist:CombinationAttack","theDuelist:GracefulCharity","theDuelist:BlockSpider","theDuelist:ClownZombie","theDuelist:LabyrinthWall","theDuelist:RainbowDragon","theDuelist:ZombieMammoth","theDuelist:ArchfiendSoldier"],"relics":["theDuelist:MillenniumPuzzle","theDuelist:CardPoolRelic","theDuelist:CardPoolBasicRelic","theDuelist:BoosterPackPoolRelic","aspiration:TomeofQuesting","potionbrewer:WarMedal"],"acts_visited":["Exordium"],"potions_floor_usage":[13],"damage_taken":[{"damage":0,"enemies":"2 Louse","floor":1,"turns":4},{"damage":0,"enemies":"Cultist","floor":5,"turns":3},{"damage":2,"enemies":"Small Slimes","floor":7,"turns":4},{"damage":72,"enemies":"Gremlin Nob","floor":10,"turns":5},{"damage":18,"enemies":"Blue Slaver","floor":12,"turns":3},{"damage":25,"enemies":"Lagavulin","floor":13,"turns":5}],"seed_played":"-170015859074721427","potions_obtained":[{"floor":5,"key":"theDuelist:WaterBottle"},{"floor":7,"key":"FairyPotion"}],"is_trial":false,"path_per_floor":["M","?","$","?","M","R","M","R","T","E","R","M","E"],"character_chosen":"THE_DUELIST","items_purchased":[],"campfire_rested":1,"item_purchase_floors":[],"current_hp_per_floor":[63,63,63,63,63,63,61,61,61,21,42,24,0,0],"gold":281,"neow_bonus":"","is_daily":false,"chose_seed":false,"campfire_upgraded":2,"win_rate":0.0,"timestamp":1609973371,"path_taken":["M","?","$","?","M","R","M","R","T","E","R","M","E"],"items_purchased_type":[],"build_version":"2020-12-22","purchased_purges":0,"victory":false,"max_hp_per_floor":[70,70,70,70,70,70,70,70,70,70,70,70,70,70],"card_choices":[{"not_picked":["theDuelist:TheCreator","theDuelist:SmashingGround","theDuelist:Raigeki","theDuelist:ObeliskTormentor","theDuelist:MagicCylinder"],"picked":"SKIP","floor":1},{"not_picked":["theDuelist:Hinotama","theDuelist:WormApocalypse","theDuelist:ScrapFactory","theDuelist:PowerWall"],"picked":"SKIP","floor":5},{"not_picked":["theDuelist:BattleguardKing","theDuelist:GauntletWarrior","theDuelist:LightningDarts","theDuelist:LightningRodLord","theDuelist:DestroyerGolem"],"picked":"SKIP","floor":7},{"not_picked":["theDuelist:TheCreator","theDuelist:YamiForm","theDuelist:MillenniumShield"],"picked":"SKIP","floor":10},{"not_picked":["theDuelist:LightningDarts","theDuelist:FlameTiger","theDuelist:RainbowKuriboh","theDuelist:HarpieFeather","theDuelist:PotAvarice"],"picked":"SKIP","floor":12}],"player_experience":569738,"relics_obtained":[{"floor":9,"key":"aspiration:TomeofQuesting"},{"floor":10,"key":"potionbrewer:WarMedal"}],"event_choices":[{"damage_healed":0,"gold_gain":50,"player_choice":"Pray","damage_taken":0,"max_hp_gain":0,"max_hp_loss":0,"event_name":"Golden Shrine","floor":4,"gold_loss":0}],"is_beta":false,"boss_relics":[],"items_purged_floors":[],"is_endless":false,"potions_floor_spawned":[5,7],"killed_by":"Lagavulin","ascension_level":17}}