{"host":"56xwnffi6e9z5l58","time":1609946615,"event":{"mods":["Aspiration","BaseMod","Better Match","Better Note","Better Sensory Stone","BetterRewards","Colored Map","Colored Powertips","Conspire","GifTheSpireLib","Hermit","Highlight Path","Hubris","Infinite Spire","Key Reminder","Minty Spire (QoL Compilation)","Permanent Neow","Quick Restart","Rare Cards Sparkle","Replay The Spire","StSLib","Stuff the Spire","SuperFastMode","Unceasing Turn Reminder"],"gold_per_floor":[109,109,169,169,169,245,255,255,255,282,338,396,422,387,387,506,506,520,580,3,3,22,49,49,49,49,63,81,115,160,160],"floor_reached":30,"playtime":1434,"items_purged":["Amnesia","Strike_B"],"score":606,"play_id":"fabbde7b-6109-418e-8c3f-cc2f827e4cd1","local_time":"20210106232335","is_ascension_mode":true,"campfire_choices":[{"data":"hubris:Fate","floor":8,"key":"SMITH"},{"floor":15,"key":"REST"}],"circlet_count":0,"master_deck":["AscendersBane","Strike_B","Strike_B","Strike_B","Defend_B","Defend_B","Defend_B","Defend_B","Zap","Dualcast","Defragment","Heatsinks","hubris:Fate+1","Echo Form","BootSequence","StuffTheSpire:CleanHardDrive","Hologram","Self Repair","StuffTheSpire:ForEach","CurseOfTheBell","Coolheaded","Force Field","ReplaySolidLightProjector","Defragment","Specialist","ReplayTheSpireMod:Brewmster","Mirror Shield","Panic Button","Compile Driver","FTL"],"relics":["Cracked Core","NeowsBlessing","Ring of Misfortune","ReplayTheSpireMod:Ring of Challenge","Pet Ghost","Pondfish Scales","Gremlin Horn","StuffTheSpire:PointBlank","Mirror","Calling Bell","Lantern","Mercury Hourglass","Torii","Ancient Tea Set","Membership Card","infinitespire:BottledMercury","StuffTheSpire:HeavyRock","MutagenicStrength","Replay:Baseball","ReplayTheSpireMod:Shallot","infinitespire:WardingShard","Replay:Ringing Soul"],"acts_visited":["Exordium","TheCity"],"potions_floor_usage":[13,19,22],"damage_taken":[{"damage":0,"enemies":"Small Slimes","floor":1,"turns":1},{"damage":0,"enemies":"2 Louse","floor":3,"turns":1},{"damage":0,"enemies":"Lagavulin","floor":6,"turns":1},{"damage":12,"enemies":"Jaw Worm","floor":7,"turns":3},{"damage":21,"enemies":"Gremlin Nob","floor":10,"turns":4},{"damage":0,"enemies":"Blue Slaver","floor":11,"turns":4},{"damage":0,"enemies":"2 Fungi Beasts","floor":12,"turns":3},{"damage":0,"enemies":"3 Sentries","floor":13,"turns":2},{"damage":3,"enemies":"Exordium Wildlife","floor":14,"turns":5},{"damage":8,"enemies":"Fading Forest","floor":16,"turns":11},{"damage":15,"enemies":"Chosen","floor":18,"turns":6},{"damage":2,"enemies":"Shell Parasite","floor":19,"turns":9},{"damage":14,"enemies":"Sentry and Sphere","floor":22,"turns":6},{"damage":24,"enemies":"Slavers","floor":23,"turns":5},{"damage":2,"enemies":"Snake Plant","floor":27,"turns":5},{"damage":26,"enemies":"Shelled Parasite and Fungi","floor":28,"turns":7},{"damage":18,"enemies":"Gremlin Leader","floor":29,"turns":4},{"damage":43,"enemies":"3 Cultists","floor":30,"turns":4}],"seed_played":"-7239795269882993748","potions_obtained":[{"floor":1,"key":"Weak Potion"},{"floor":3,"key":"GamblersBrew"},{"floor":11,"key":"PowerPotion"},{"floor":13,"key":"Elixir"}],"is_trial":false,"path_per_floor":["M","?","M","?","?","E","M","R","T","E","M","M","E","M","R","B",null,"M","M","$","?","M","E","?","AVR","T","M","M","E","M"],"character_chosen":"DEFECT","items_purchased":["Membership Card","ReplaySolidLightProjector","Defragment","Specialist","ReplayTheSpireMod:Brewmster","infinitespire:BottledMercury","StuffTheSpire:HeavyRock"],"campfire_rested":1,"item_purchase_floors":[20,20,20,20,20,20,20],"current_hp_per_floor":[68,68,68,50,58,58,46,46,46,25,25,25,25,22,44,62,72,64,75,75,75,75,58,58,58,58,63,51,43,0,0],"gold":160,"neow_bonus":"THREE_ENEMY_KILL","is_daily":false,"chose_seed":false,"campfire_upgraded":1,"win_rate":0.0,"timestamp":1609946615,"path_taken":["M","?","M","?","?","E","?","R","T","E","M","M","E","M","R","BOSS","M","M","$","?","M","E","?","AVR","T","M","?","E","M"],"items_purchased_type":["Relic","Card","Card","Card","Card","Relic","Relic"],"build_version":"2020-12-22","purchased_purges":2,"victory":false,"max_hp_per_floor":[75,75,75,75,75,75,75,75,75,75,75,75,75,75,75,75,75,75,75,75,75,75,75,75,75,75,75,75,78,78,78],"card_choices":[{"not_picked":["Redo","Barrage"],"picked":"Defragment","floor":1},{"not_picked":["Steam Power","Steam"],"picked":"Heatsinks","floor":3},{"not_picked":["infinitespire:NeuralNetwork","Replay:Fractal Strike"],"picked":"hubris:Fate","floor":4},{"not_picked":["Conserve Battery","Heatsinks"],"picked":"Echo Form","floor":6},{"not_picked":["StuffTheSpire:SnapShoot","Barrage"],"picked":"BootSequence","floor":7},{"not_picked":["Turbo","Chaos"],"picked":"StuffTheSpire:CleanHardDrive","floor":10},{"not_picked":["Steam","Ball Lightning","Scrape"],"picked":"SKIP","floor":11},{"not_picked":["BasicCrystalCard","Rebound"],"picked":"Hologram","floor":12},{"not_picked":["Turbo","Scrape","Redo"],"picked":"SKIP","floor":13},{"not_picked":["Skim","Aggregate"],"picked":"Self Repair","floor":14},{"not_picked":["hubris:Prefetch","hubris:DoWhile"],"picked":"StuffTheSpire:ForEach","floor":16},{"not_picked":["Scrape","Skim"],"picked":"Coolheaded","floor":18},{"not_picked":["StuffTheSpire:LoadUp","Sunder"],"picked":"Force Field","floor":19},{"not_picked":["Rip and Tear","Leap","BasicCrystalCard"],"picked":"SKIP","floor":22},{"not_picked":["Streamline","Chill"],"picked":"Mirror Shield","floor":23},{"not_picked":["Hologram","Redo"],"picked":"Panic Button","floor":27},{"not_picked":["Go for the Eyes","StuffTheSpire:LoadUp"],"picked":"Compile Driver","floor":28},{"not_picked":["StuffTheSpire:LoadUp","Compile Driver"],"picked":"FTL","floor":29}],"player_experience":949559,"relics_obtained":[{"floor":2,"key":"Ring of Misfortune"},{"floor":2,"key":"ReplayTheSpireMod:Ring of Challenge"},{"floor":6,"key":"Pet Ghost"},{"floor":9,"key":"Pondfish Scales"},{"floor":10,"key":"Gremlin Horn"},{"floor":12,"key":"StuffTheSpire:PointBlank"},{"floor":13,"key":"Mirror"},{"floor":17,"key":"Lantern"},{"floor":17,"key":"Mercury Hourglass"},{"floor":17,"key":"Torii"},{"floor":19,"key":"Ancient Tea Set"},{"floor":23,"key":"Replay:Baseball"},{"floor":26,"key":"infinitespire:WardingShard"},{"floor":29,"key":"Replay:Ringing Soul"}],"event_choices":[{"damage_healed":0,"gold_gain":0,"player_choice":"Inject Mutagens","damage_taken":0,"relics_obtained":["MutagenicStrength"],"max_hp_gain":0,"max_hp_loss":0,"event_name":"Drug Dealer","floor":21,"gold_loss":0}],"is_beta":false,"boss_relics":[{"not_picked":["Ring of Chaos","hubris:Stopwatch"],"picked":"Calling Bell"}],"items_purged_floors":[20,25],"is_endless":false,"potions_floor_spawned":[1,3,11,12,13,23,27],"killed_by":"3 Cultists","ascension_level":13}}