{"host":"nlbr7nnijupf3yfg","time":1609947692,"event":{"mods":["AchievementEnabler","BaseMod","Colored Powertips","DeckTracker","Downfall","Hubris","Marisa????????","Minty Spire (QoL Compilation)","Replay The Spire","StSLib","SuperFastMode"],"gold_per_floor":[114,114,129,139,153,187,204,233,233,250,250,250,275,275,275,394,394,408,4,4,4,24,24,24,24],"floor_reached":24,"playtime":657,"items_purged":[],"score":208,"play_id":"e3f2f3ef-1e9e-480f-8006-e24a6138776f","local_time":"20210106104132","is_ascension_mode":false,"campfire_choices":[{"floor":11,"key":"REST"},{"floor":15,"key":"REST"},{"data":"OrrerysSun","floor":23,"key":"SMITH"}],"circlet_count":0,"master_deck":["Strike_MRS+1","Strike_MRS+1","Strike_MRS+1","Strike_MRS+1","Defend_MRS+1","Defend_MRS+1","Defend_MRS+1","Defend_MRS+1","MasterSpark","UpSweep","TreasureHunter","UnstableBomb","OrrerysSun+1","GalacticHalo","DC+1","ShootingEcho","ChargeUpSpray","DarkMatter+1","Injury","PulseMagic+1","ManaRampage+1","CurseOfTheBell","PulseMagic+1","AsteroidBelt+1"],"relics":["MiniHakkero","Bottled Flame","Oddly Smooth Stone","Boot","Toxic Egg 2","Golden Idol","Calling Bell","ReplayFunnel","Meat on the Bone","Replay:Towering Pillar of Hats","Omamori","AmplifyWand"],"acts_visited":["Exordium","TheCity"],"potions_floor_usage":[16,16,16,16,24],"damage_taken":[{"damage":2,"enemies":"2 Louse","floor":1,"turns":2},{"damage":1,"enemies":"Cultist","floor":3,"turns":3},{"damage":1,"enemies":"Jaw Worm","floor":4,"turns":3},{"damage":5,"enemies":"Looter","floor":5,"turns":4},{"damage":32,"enemies":"Lagavulin","floor":6,"turns":8},{"damage":7,"enemies":"Large Slime","floor":7,"turns":5},{"damage":6,"enemies":"Replay:BlueRogue","floor":8,"turns":5},{"damage":1,"enemies":"Blue Slaver","floor":10,"turns":3},{"damage":12,"enemies":"2 Fungi Beasts","floor":13,"turns":4},{"damage":43,"enemies":"Fading Forest","floor":16,"turns":11},{"damage":38,"enemies":"Shell Parasite","floor":18,"turns":6},{"damage":2,"enemies":"Chosen","floor":22,"turns":2},{"damage":74,"enemies":"Gremlin Leader","floor":24,"turns":8}],"seed_played":"-9148355143979324580","potions_obtained":[{"floor":1,"key":"Languid Potion"},{"floor":3,"key":"Strength Potion"},{"floor":8,"key":"EntropicBrew"},{"floor":18,"key":"GamblersBrew"}],"is_trial":false,"path_per_floor":["M","?","M","M","M","E","M","E","T","M","R","?","M","?","R","B",null,"M","$","?","?","M","R","E"],"character_chosen":"MARISA","items_purchased":["Omamori","AmplifyWand"],"campfire_rested":2,"item_purchase_floors":[19,19],"current_hp_per_floor":[73,75,74,73,68,36,29,23,23,22,44,44,32,17,39,6,75,49,49,49,74,72,72,0,0],"gold":24,"neow_bonus":"ONE_RANDOM_RARE_CARD","is_daily":false,"chose_seed":false,"campfire_upgraded":1,"win_rate":0.0,"timestamp":1609947692,"path_taken":["M","?","?","M","M","E","M","E","T","M","R","?","M","?","R","BOSS","M","$","?","?","M","R","E"],"items_purchased_type":["Relic","Relic"],"build_version":"2020-12-22","purchased_purges":0,"victory":false,"max_hp_per_floor":[75,75,75,75,75,75,75,75,75,75,75,75,75,75,75,75,75,75,75,75,75,75,75,75,75],"card_choices":[{"not_picked":["RefractionSpark","DarkMatter"],"picked":"UnstableBomb","floor":1},{"not_picked":["GalacticHalo","UnstableBomb"],"picked":"OrrerysSun","floor":3},{"not_picked":["GravityBeat","SprinkleStarSeal","IllusionStar"],"picked":"SKIP","floor":4},{"not_picked":["UnstableBomb","EnergyRecoil"],"picked":"GalacticHalo","floor":5},{"not_picked":["MeteoricShower","GalacticHalo"],"picked":"DC","floor":6},{"not_picked":["6A","AsteroidBelt"],"picked":"ShootingEcho","floor":7},{"not_picked":["SprinkleStarSeal","OrrerysSun"],"picked":"ChargeUpSpray","floor":8},{"not_picked":["6A","EnergyFlow"],"picked":"DarkMatter+1","floor":10},{"not_picked":["ManaConvection+1","LuminesStrike"],"picked":"PulseMagic+1","floor":13},{"not_picked":["CasketOfStar","BigCrunch+1"],"picked":"ManaRampage+1","floor":16},{"not_picked":["SporeBomb+1","PowerUp+1"],"picked":"PulseMagic+1","floor":18},{"not_picked":["OneTimeOff+1","Orbital+1"],"picked":"AsteroidBelt+1","floor":22}],"player_experience":37541,"relics_obtained":[{"floor":6,"key":"Bottled Flame"},{"floor":6,"key":"Oddly Smooth Stone"},{"floor":8,"key":"Boot"},{"floor":9,"key":"Toxic Egg 2"},{"floor":17,"key":"ReplayFunnel"},{"floor":17,"key":"Meat on the Bone"},{"floor":17,"key":"Replay:Towering Pillar of Hats"}],"event_choices":[{"damage_healed":2,"gold_gain":0,"player_choice":"Full Heal","damage_taken":0,"max_hp_gain":0,"max_hp_loss":0,"event_name":"Wheel of Change","floor":2,"gold_loss":0},{"damage_healed":0,"gold_gain":0,"player_choice":"Take Wound","damage_taken":0,"relics_obtained":["Golden Idol"],"max_hp_gain":0,"max_hp_loss":0,"event_name":"Golden Idol","floor":12,"gold_loss":0,"cards_obtained":["Injury"]},{"damage_healed":0,"gold_gain":0,"player_choice":"Entered Light","damage_taken":15,"max_hp_gain":0,"max_hp_loss":0,"event_name":"Shining Light","floor":14,"gold_loss":0,"cards_upgraded":["DC","Strike_MRS"]},{"damage_healed":0,"gold_gain":0,"player_choice":"Simplicity","damage_taken":0,"max_hp_gain":0,"max_hp_loss":0,"event_name":"Back to Basics","floor":20,"gold_loss":0,"cards_upgraded":["Strike_MRS","Strike_MRS","Strike_MRS","Defend_MRS","Defend_MRS","Defend_MRS","Defend_MRS"]},{"damage_healed":25,"gold_gain":0,"player_choice":"Heal","damage_taken":0,"max_hp_gain":0,"max_hp_loss":0,"event_name":"The Library","floor":21,"gold_loss":0}],"is_beta":false,"boss_relics":[{"not_picked":["Black Star","hubris:HollowSoul"],"picked":"Calling Bell"}],"items_purged_floors":[],"is_endless":false,"potions_floor_spawned":[1,3,8,10,18],"killed_by":"Gremlin Leader","ascension_level":0}}