{"host":"lzpp66udqthct9jv","time":1609928198,"event":{"mods":["Act Like it!","BaseMod","Better-Laid Plans","Chen","Emptier Cage","Gensokyo","Highlight Path","Koishi","Marisa£®ÏF”Í°°ƒß¿Ì…≥£©","Minty Spire (QoL Compilation)","Pale of the Ancients","Quick Restart","Reimu£®≤©¿ˆ¡È√Œ£©","Remilia£®¿Ÿ√◊¿Ú—«£©","Shop Mod","StSLib","The Administrix","The Servant 0.9.4","Yakumo Yukari mod","Youmu£®ªÍ∆«—˝√Œ£©","Yuyuko","ÛÙª÷∏ƒœ"],"gold_per_floor":[140,71,87,17,27,27,260,260,260,289,289,307,332,332,332,437,437,454,454,704,704,704,350,385,398,423,439,469,469,497,510,3,98,98,112,123,123,123,143,173,193,193,193,107,57,85,35,45,45,45,45,45,45,80,80],"floor_reached":56,"playtime":3491,"items_purged":["Gensokyo:AllTheWorldsEvil","AT_purpleEX","AT_purpleEX","Defend_purpleEX","Defend_purpleEX"],"score":1446,"play_id":"fa65ab1d-d19b-49e7-869a-40c4b8894e1e","local_time":"20210106181638","is_ascension_mode":false,"campfire_choices":[{"data":"ExistenceContinue_purple","floor":6.0,"key":"SMITH"},{"data":"WeekHit_purple","floor":8.0,"key":"SMITH"},{"data":"DimensionStaggered_purple","floor":11.0,"key":"SMITH"},{"floor":15.0,"key":"REST"},{"data":"WasteWire_Metro_purple","floor":29,"key":"SMITH"},{"floor":42,"key":"RECALL"}],"circlet_count":0,"master_deck":["AT_purpleEX+1","Defend_purpleEX+1","Defend_purpleEX","Observe_purple_1+1","Observe_purple_2","Blind","Boundary_DreamRealityDamnation_purple+1","ExistenceContinue_purple+1","Mirror_WaveAndshot_purple+1","WeekHit_purple+1","DimensionStaggered_purple+1","WasteWire_Metro_purple+1","Fantasy_PerpetualMotionMachine_purple+1","Line_surface_state_purple","Worldmountain_purple+1","MeetDecomposer_purple","Apotheosis","Boundary_of_Extermination_purpleEX+1","WorldDissolvedintheRealm_purple+1","Gensokyo:LifeSpringInfinity+1","RuleDissolution_purple","Boundary_ObjectiveBoundary_purple+1","MonsterNeedle_purple+1","Mirror_FourBoundary_purple","WangLiang_LineAndCurveDreams_purple","Photoelasticity_Doppler_Effect_purple+1"],"relics":["Boundary_crack","Memoryfragments_purpleEX","Art of War","Du-Vu Doll","Torii","Smiling Mask","Vajra","Coffee Dripper","Gensokyo:SongOfSouls","RuthlessExorcism:ReiMu","Oddly Smooth Stone","Boot","Bronze Scales","Potion Belt","ScarletDevilRocket","CrazyTorch:ReiMu","Fusion Hammer","Omamori","War Paint","Whetstone"],"acts_visited":["Gensokyo:Gensokyo","Gensokyo:Gensokyoer","Gensokyo:Gensokyoest","TheEnding"],"potions_floor_usage":[27,31,33,38,54,54,55,55],"damage_taken":[{"damage":0.0,"enemies":"Gensokyo:2_Kodama","floor":1.0,"turns":4.0},{"damage":0.0,"enemies":"Gensokyo:Python","floor":3.0,"turns":5.0},{"damage":5.0,"enemies":"Gensokyo:3_Fairies","floor":5.0,"turns":5.0},{"damage":41.0,"enemies":"Gensokyo:Cirno","floor":7.0,"turns":8.0},{"damage":14.0,"enemies":"Gensokyo:Aya","floor":10.0,"turns":4.0},{"damage":0.0,"enemies":"Gensokyo:3_Kodama","floor":12.0,"turns":2.0},{"damage":5.0,"enemies":"Gensokyo:Kokoro","floor":16.0,"turns":7.0},{"damage":10.0,"enemies":"Gensokyo:3_Dogs","floor":18.0,"turns":4.0},{"damage":19,"enemies":"Gensokyo:Reisen","floor":24,"turns":4},{"damage":0,"enemies":"Gensokyo:2_Gloops","floor":25,"turns":2},{"damage":0,"enemies":"Gensokyo:Monolith_and_Dog","floor":27,"turns":3},{"damage":16,"enemies":"Gensokyo:Tenshi","floor":28,"turns":2},{"damage":0,"enemies":"Gensokyo:Reisen","floor":30,"turns":3},{"damage":19,"enemies":"Gensokyo:Swordslinger","floor":31,"turns":2},{"damage":10,"enemies":"Gensokyo:Eiki","floor":33,"turns":5},{"damage":0,"enemies":"Gensokyo:3_Bats","floor":35,"turns":2},{"damage":9,"enemies":"Gensokyo:3_Boulders","floor":36,"turns":2},{"damage":10,"enemies":"Gensokyo:3_Boulders","floor":38,"turns":10},{"damage":10,"enemies":"Gensokyo:Rafflesia","floor":39,"turns":4},{"damage":2,"enemies":"Gensokyo:Doremy","floor":40,"turns":3},{"damage":0,"enemies":"Gensokyo:AtlasGolem","floor":41,"turns":3},{"damage":1,"enemies":"Gensokyo:Marisa","floor":46,"turns":4},{"damage":1,"enemies":"Gensokyo:3_Boulders","floor":48,"turns":1},{"damage":13,"enemies":"Gensokyo:Shinki","floor":50,"turns":6},{"damage":2,"enemies":"Shield and Spear","floor":54,"turns":3},{"damage":29,"enemies":"The Heart","floor":55,"turns":8}],"seed_played":"-2632722096004826319","potions_obtained":[{"floor":3.0,"key":"ZuzhouPotion:ReiMu"},{"floor":10.0,"key":"Weak Potion"},{"floor":12.0,"key":"SkillPotion"},{"floor":16.0,"key":"SkillPotion"},{"floor":18.0,"key":"Explosive Potion"},{"floor":28,"key":"Regen Potion"},{"floor":31,"key":"AttackPotion"},{"floor":39,"key":"GrandPatriotsElixir:ReiMu"},{"floor":40,"key":"EssenceOfSteel"},{"floor":41,"key":"AttackPotion"},{"floor":48,"key":"CultistPotion"}],"is_trial":false,"path_per_floor":["M","COS","M","?","M","R","E","R","T","E","R","M","T","?","R","B",null,"M","?","?","?","?","R","E","M","T","M","E","R","E","M","R","B",null,"M","M","?","?","M","E","M","R","T","$","R","E","R","M","R","B",null,"R","$","E","B",null],"character_chosen":"Youkari","items_purchased":["RuthlessExorcism:ReiMu","Oddly Smooth Stone","Apotheosis","CrazyTorch:ReiMu","Mirror_FourBoundary_purple"],"campfire_rested":1,"item_purchase_floors":[23,23,32,32,44],"current_hp_per_floor":[70,70,70,70,67,67,28,28,28,15,15,18,18,18,39,36,70,61,61,61,61,61,61,43,47,47,51,37,37,38,19,19,26,66,66,57,48,48,41,40,43,43,43,43,43,43,43,43,43,30,66,66,66,64,35],"gold":80,"neow_bonus":"RANDOM_COLORLESS","is_daily":false,"chose_seed":false,"campfire_upgraded":4,"win_rate":0.0,"timestamp":1609928198,"path_taken":["M","COS","M","?","M","R","E","R","T","E","R","?","?","?","R","BOSS","M","?","?","?","?","R","E","M","T","?","E","R","E","M","R","BOSS","M","?","?","?","M","E","M","R","T","$","R","E","R","M","R","BOSS","R","$","E","BOSS"],"items_purchased_type":["Relic","Relic","Card","Relic","Card"],"build_version":"2020-12-22","purchased_purges":5,"victory":true,"max_hp_per_floor":[70,70,70,70,70,70,70,70,70,70,70,70,70,70,70,70,70,70,70,66,66,66,66,66,66,66,66,66,66,66,66,66,66,66,66,66,66,66,66,66,66,66,66,66,66,66,66,66,66,66,66,66,66,66,66],"card_choices":[{"not_picked":["Good Instincts","PanicButton"],"picked":"Blind","floor":0.0},{"not_picked":["OmniscientAndOmnipotent_Monster_purple","DimensionStaggered_purple"],"picked":"Boundary_DreamRealityDamnation_purple","floor":1.0},{"not_picked":["Line_surface_state_purple","Mirror_Drifter_purple"],"picked":"ExistenceContinue_purple","floor":3.0},{"not_picked":["Shallow_ocean_purpleEX","ButterflyHabitatTemple_purple"],"picked":"Mirror_WaveAndshot_purple","floor":5.0},{"not_picked":["Charmbait_purple","DarkRealmRedLine_purple"],"picked":"WeekHit_purple","floor":7.0},{"not_picked":["RuptureOfTimeAndSpace_purple","Umbrella_purple"],"picked":"DimensionStaggered_purple","floor":10.0},{"not_picked":["MeetDecomposer_purple","Boundary_LightAndDark_purple","PurpleNeedle_purple"],"picked":"SKIP","floor":12.0},{"not_picked":["WangLiang_OokamiKakushi_purple","Computing_the_future_purpleEX"],"picked":"WasteWire_Metro_purple","floor":16.0},{"not_picked":["Charmbait_purple+1","WingOfChimera_purple"],"picked":"Fantasy_PerpetualMotionMachine_purple+1","floor":18.0},{"not_picked":["ExistenceContinue_purple","Line_surface_state_purple","OmniscientAndOmnipotent_Monster_purple"],"picked":"SKIP","floor":24},{"not_picked":["StateErode_purple+1","Line_surface_state_purple+1","OmniscientAndOmnipotent_Monster_purple"],"picked":"SKIP","floor":25},{"not_picked":["OmniscientAndOmnipotent_Monster_purple","Line_surface_state_purple","Extrememeaning_purpleEX+1"],"picked":"SKIP","floor":27},{"not_picked":["Fantasy_PerpetualMotionMachine_purple","Mirror_Drifter_purple+1"],"picked":"Line_surface_state_purple","floor":28},{"not_picked":["MeetDecomposer_purple","Umbrella_purple"],"picked":"Worldmountain_purple","floor":30},{"not_picked":["Line_surface_state_purple","ExistenceContinue_purple"],"picked":"MeetDecomposer_purple","floor":31},{"not_picked":["WasteWire_Metro_purple","Computing_the_future_purpleEX"],"picked":"UniverseChoice_purple","floor":33},{"not_picked":["Shallow_ocean_purpleEX","MeetDecomposer_purple"],"picked":"Boundary_of_Extermination_purpleEX+1","floor":35},{"not_picked":["SharpContractionReality_purple+1","MeetDecomposer_purple+1"],"picked":"WorldDissolvedintheRealm_purple","floor":36},{"not_picked":["Gensokyo:DreamlikeParadise+1","Gensokyo:RisingWorld+1"],"picked":"Gensokyo:LifeSpringInfinity+1","floor":38},{"not_picked":["StateDuplicate_purple","Worldmountain_purple"],"picked":"RuleDissolution_purple","floor":39},{"not_picked":["RealityDreamConfluencek_purple","Photoelasticity_Doppler_Effect_purple"],"picked":"Boundary_ObjectiveBoundary_purple+1","floor":40},{"not_picked":["OpenedBox_purple","Anti_communist_purple"],"picked":"MonsterNeedle_purple+1","floor":41},{"not_picked":["Bait_HighSpeedFlying_purple+1","Boundary_DynamicStaticEquilibrium_purple"],"picked":"WangLiang_LineAndCurveDreams_purple","floor":46},{"not_picked":["MeetDecomposer_purple+1","Bait_HighSpeedFlying_purple","StateErode_purple+1"],"picked":"SKIP","floor":48},{"not_picked":["ExternalForce_HighSpeedFlying_purple+1","MeetDecomposer_purple+1"],"picked":"Photoelasticity_Doppler_Effect_purple+1","floor":54}],"player_experience":1820289,"relics_obtained":[{"floor":7.0,"key":"Du-Vu Doll"},{"floor":9.0,"key":"Torii"},{"floor":10.0,"key":"Smiling Mask"},{"floor":13.0,"key":"Vajra"},{"floor":24,"key":"Boot"},{"floor":26,"key":"Bronze Scales"},{"floor":28,"key":"Potion Belt"},{"floor":30,"key":"ScarletDevilRocket"},{"floor":40,"key":"Omamori"},{"floor":46,"key":"War Paint"},{"floor":54,"key":"Whetstone"}],"event_choices":[],"is_beta":false,"boss_relics":[{"not_picked":["Calling Bell","Runic Dome"],"picked":"Coffee Dripper"},{"not_picked":["Busted Crown","Sozu"],"picked":"Fusion Hammer"}],"items_purged_floors":[23,32,44,45,47],"is_endless":false,"potions_floor_spawned":[3,10,12,16,18,24,28,31,39,40,41,48],"ascension_level":0}}