{"host":"5f3w3xqo483bhjcu","time":1609938164,"event":{"mods":["Act Like it!","BaseMod","Koishi","Marisa£®ÏF”Í°°ƒß¿Ì…≥£©","Minty Spire (QoL Compilation)","Reimu£®≤©¿ˆ¡È√Œ£©","Remilia£®¿Ÿ√◊¿Ú—«£©","StSLib","Waifu the Spire","WarShipGirlsR/’ΩΩ¢…Ÿ≈ÆR mod","Yakumo Yukari mod","Youmu£®ªÍ∆«—˝√Œ£©","Yuyuko","°æ“≈ŒÔø®≈∆°øREMEMod"],"gold_per_floor":[109,124,74,74,85,85,100,100,100,100,119,150,75,99,99,262,262,287,287,247,53,0,0,46,46,71,105,105,136,164,183,183,323,323,346,679,679,702,718,727,727],"floor_reached":40,"playtime":1564,"items_purged":["Defend_MRS"],"score":526,"play_id":"e501f650-8b2b-4f1c-8515-e70d09159ce5","local_time":"20210106210244","is_ascension_mode":false,"campfire_choices":[{"floor":6,"key":"DIG"},{"floor":15,"key":"DIG"},{"floor":23,"key":"DIG"},{"floor":28,"key":"DIG"},{"floor":32,"key":"DIG"}],"circlet_count":0,"master_deck":["Strike_MRS","Strike_MRS","Strike_MRS","Strike_MRS","Defend_MRS","Defend_MRS","Defend_MRS","MasterSpark","MagicChant+1","GrandCross","MysteriousBeam","AsteroidBelt","RefractionSpark","UltimateShortwave","StarlightTyphoon","Pride","ZunPunch:ReiMu+1","DoubleSpark","Parasite","Parasite"],"relics":["BewitchedHakkero","REME_ComplimentaryCards","Anchor","Shovel","REME_PuzzleBoxRelic","Eternal Feather","Vajra","REME_ArchaeologicalTools","GreatHeart","PreservedInsect","HandmadeGrimoire","ShroomBag","Enchiridion","Pen Nib","Centennial Puzzle","War Paint","Boot","Sozu"],"acts_visited":["Exordium","TheCity","TheBeyond"],"potions_floor_usage":[38,40,40],"damage_taken":[{"damage":3,"enemies":"Jaw Worm","floor":1,"turns":4},{"damage":0,"enemies":"Small Slimes","floor":2,"turns":3},{"damage":1,"enemies":"Cultist","floor":5,"turns":3},{"damage":0,"enemies":"Blue Slaver","floor":7,"turns":2},{"damage":0,"enemies":"Large Slime","floor":11,"turns":3},{"damage":0,"enemies":"3 Sentries","floor":12,"turns":3},{"damage":0,"enemies":"2 Fungi Beasts","floor":14,"turns":1},{"damage":28,"enemies":"Hexaghost","floor":16,"turns":6},{"damage":0,"enemies":"2 Thieves","floor":18,"turns":2},{"damage":0,"enemies":"Book of Stabbing","floor":24,"turns":2},{"damage":0,"enemies":"Chosen","floor":27,"turns":2},{"damage":0,"enemies":"Gremlin Leader","floor":29,"turns":2},{"damage":0,"enemies":"3 Cultists","floor":30,"turns":2},{"damage":4,"enemies":"Sentry and Sphere","floor":31,"turns":3},{"damage":30,"enemies":"Automaton","floor":33,"turns":5},{"damage":17,"enemies":"3 Shapes","floor":35,"turns":3},{"damage":10,"enemies":"3 Darklings","floor":38,"turns":3},{"damage":0,"enemies":"Jaw Worm Horde","floor":39,"turns":1},{"damage":54,"enemies":"Jaw Worm Horde","floor":40,"turns":5}],"seed_played":"6361052938483065016","potions_obtained":[{"floor":2,"key":"Dexterity Potion"},{"floor":7,"key":"Energy Potion"},{"floor":11,"key":"BottledSpark"},{"floor":16,"key":"Block Potion"}],"is_trial":false,"path_per_floor":["M","M","?","?","M","R","M","?","T","?","M","E","$","M","R","B",null,"M","?","?","$","?","R","E","?","T","M","R","E","M","M","R","B",null,"M","?","?","M","M","?"],"character_chosen":"MARISA","items_purchased":["PreservedInsect","DoubleSpark"],"campfire_rested":0,"item_purchase_floors":[21,21],"current_hp_per_floor":[72,72,72,72,71,71,71,53,53,53,53,53,53,53,59,31,75,75,75,75,75,75,75,75,59,59,61,73,73,75,71,75,45,75,58,58,58,52,54,0,0],"gold":727,"neow_bonus":"RANDOM_COMMON_RELIC","is_daily":false,"chose_seed":false,"campfire_upgraded":0,"win_rate":0.0,"timestamp":1609938164,"path_taken":["M","M","?","?","?","R","M","?","T","?","M","E","$","M","R","BOSS","M","?","?","$","?","R","E","?","T","M","R","E","M","M","R","BOSS","M","?","?","M","?","?"],"items_purchased_type":["Relic","Card"],"build_version":"2020-12-22","purchased_purges":1,"victory":false,"max_hp_per_floor":[75,75,75,75,75,75,75,75,75,75,75,75,75,75,75,75,75,75,75,75,75,75,75,75,75,75,75,75,75,75,75,75,75,75,75,75,75,75,75,75,75],"card_choices":[{"not_picked":["DeepEcoloBomb","GravityBeat"],"picked":"MagicChant","floor":1},{"not_picked":["MysteriousBeam","SporeBomb"],"picked":"GrandCross","floor":2},{"not_picked":["Occultation","WitchOfGreed"],"picked":"MysteriousBeam","floor":5},{"not_picked":["CasketOfStar","UnstableBomb"],"picked":"AsteroidBelt","floor":7},{"not_picked":["Robbery","MeteoricShower","LuminesStrike"],"picked":"SKIP","floor":11},{"not_picked":["AsteroidBelt","GasGiant","EnergyRecoil"],"picked":"SKIP","floor":12},{"not_picked":["6A","GrandCross"],"picked":"RefractionSpark","floor":14},{"not_picked":["EscapeVelocity","BlazingStar"],"picked":"UltimateShortwave","floor":16},{"not_picked":["ShootingEcho+1","MilkyWay"],"picked":"StarlightTyphoon","floor":18},{"not_picked":["EnergyRecoil","MysteriousBeam","GalacticHalo"],"picked":"SKIP","floor":24},{"not_picked":["Acceleration","NonDirectionalLaser","GalacticHalo"],"picked":"SKIP","floor":27},{"not_picked":["DC","WitchLeyline+1","OortCloud"],"picked":"SKIP","floor":29},{"not_picked":["WitchOfGreed+1","6A","EarthLightRay"],"picked":"SKIP","floor":30},{"not_picked":["OortCloud+1","MagicAbsorber","GrandCross"],"picked":"SKIP","floor":31},{"not_picked":["WitchOfGreed","AsteroidBelt+1","OneTimeOff+1"],"picked":"SKIP","floor":35},{"not_picked":["GrandCross+1","GasGiant","EventHorizon+1"],"picked":"SKIP","floor":38},{"not_picked":["GrandCross+1","WitchOfGreed+1","SporeBomb"],"picked":"SKIP","floor":39}],"player_experience":371352,"relics_obtained":[{"floor":6,"key":"REME_PuzzleBoxRelic"},{"floor":9,"key":"Eternal Feather"},{"floor":12,"key":"Vajra"},{"floor":15,"key":"REME_ArchaeologicalTools"},{"floor":23,"key":"HandmadeGrimoire"},{"floor":24,"key":"ShroomBag"},{"floor":25,"key":"Enchiridion"},{"floor":26,"key":"Pen Nib"},{"floor":28,"key":"Centennial Puzzle"},{"floor":29,"key":"War Paint"},{"floor":32,"key":"Boot"}],"event_choices":[{"cards_removed":["Koishi:ConfinedInnocent"],"damage_healed":0,"gold_gain":0,"player_choice":"Card Removal","damage_taken":0,"max_hp_gain":0,"max_hp_loss":0,"event_name":"The Cleric","floor":3,"gold_loss":50},{"damage_healed":0,"gold_gain":0,"player_choice":"Gave Potion","damage_taken":0,"relics_obtained":["Shovel"],"max_hp_gain":0,"max_hp_loss":0,"event_name":"WeMeetAgain","floor":4,"gold_loss":0},{"damage_healed":0,"gold_gain":0,"player_choice":"Take Damage","damage_taken":18,"relics_obtained":["Golden Idol"],"max_hp_gain":0,"max_hp_loss":0,"event_name":"Golden Idol","floor":8,"gold_loss":0},{"cards_removed":["UpSweep"],"damage_healed":0,"gold_gain":0,"player_choice":"Forget","damage_taken":0,"max_hp_gain":0,"max_hp_loss":0,"event_name":"Living Wall","floor":10,"gold_loss":0},{"damage_healed":0,"gold_gain":0,"player_choice":"Ωª≥ˆ…Òæ∆","damage_taken":0,"max_hp_gain":0,"max_hp_loss":0,"event_name":"ZunEvent","floor":20,"relics_lost":["ZunR:ReiMu"],"gold_loss":0,"cards_obtained":["ZunPunch:ReiMu"]},{"damage_healed":0,"gold_gain":0,"player_choice":"Paid Fearfully","damage_taken":0,"max_hp_gain":0,"max_hp_loss":0,"event_name":"Masked Bandits","floor":22,"gold_loss":53},{"damage_healed":0,"gold_gain":0,"player_choice":"Obtained Book","damage_taken":16,"max_hp_gain":0,"max_hp_loss":0,"event_name":"Cursed Tome","floor":25,"gold_loss":0},{"damage_healed":0,"gold_gain":333,"player_choice":"Gave Idol","damage_taken":0,"max_hp_gain":0,"max_hp_loss":0,"event_name":"The Moai Head","floor":36,"relics_lost":["Golden Idol"],"gold_loss":0},{"damage_healed":0,"gold_gain":0,"player_choice":"Ignored","damage_taken":0,"max_hp_gain":0,"max_hp_loss":0,"event_name":"NoteForYourself","floor":37,"gold_loss":0}],"is_beta":false,"boss_relics":[{"not_picked":["Busted Crown","Snecko Eye"],"picked":"BewitchedHakkero"},{"not_picked":["Runic Pyramid","Velvet Choker"],"picked":"Sozu"}],"items_purged_floors":[13],"is_endless":false,"potions_floor_spawned":[2,7,11,16,24,29,31,35],"killed_by":"Jaw Worm Horde","ascension_level":0}}