{"host":"x4d6lk1isuf99bn5","time":1609934895,"event":{"mods":["ATMod(∞¢Ë™Mod)","Act Like it!","BaseMod","CapriCore","Colored Powertips","Defuse TimeMaze Blight","Gensokyo","Lobotomy","Marisa£®ÏF”Í°°ƒß¿Ì…≥£©","Minty Spire (QoL Compilation)","Quick Restart","Reimu£®≤©¿ˆ¡È√Œ£©","Remilia£®¿Ÿ√◊¿Ú—«£©","Replay The Spire","Shop Mod","StSLib","The Bug Knight","The Immortal","Yakumo Yukari mod"],"gold_per_floor":[129,29,29,29,62,62,62,158,158,158,88,88,169,169,169,169,169,169],"floor_reached":16,"playtime":769,"items_purged":[],"score":104,"play_id":"2e86e72b-1017-4716-9472-038b72d8e1cb","local_time":"20210106200815","daily_mods":["Vintage","Heirloom","Flight","Elite Swarm","Midas"],"is_ascension_mode":false,"campfire_choices":[{"floor":6.0,"key":"REST"},{"floor":10.0,"key":"REST"},{"floor":12.0,"key":"REST"},{"data":"Clumsy","floor":15.0,"key":"PURGE"}],"circlet_count":0,"master_deck":["MokouMod:Strike","MokouMod:Strike","MokouMod:Strike","MokouMod:Strike","MokouMod:Strike+1","MokouMod:Defend","MokouMod:Defend","MokouMod:Defend","MokouMod:Defend+1","MokouMod:HeatSpark","MokouMod:BurningDraft","MokouMod:Geothermal","MokouMod:Scorch","MokouMod:PhoenixForm+1"],"relics":["MokouMod:PhoenixFeather","AT_ATBox","Prayer Wheel","Ancient Tea Set","Matryoshka","AT_BellDemon","Gensokyo:NagashiBinaDoll","Chameleon Ring","Dream Catcher","AT_ChloranthyRing","Replay:Towering Pillar of Hats","AT_SilvercatRing","HollowMod:PaleOreRelic"],"acts_visited":["Gensokyo:Gensokyo"],"potions_floor_usage":[16],"damage_taken":[{"damage":2.0,"enemies":"Gensokyo:2_Kodama","floor":1.0,"turns":5.0},{"damage":0.0,"enemies":"Gensokyo:3_Fairies","floor":5.0,"turns":4.0},{"damage":48.0,"enemies":"Gensokyo:Cirno","floor":8.0,"turns":8.0},{"damage":19.0,"enemies":"Gensokyo:Mamizou","floor":13.0,"turns":8.0},{"damage":111,"enemies":"Gensokyo:Kokoro","floor":16,"turns":19}],"seed_played":"-2170440586286156873","potions_obtained":[{"floor":8.0,"key":"AttackPotion"},{"floor":13.0,"key":"SkillPotion"}],"is_trial":true,"path_per_floor":["M","?","?","?","M","R","?","E","T","R","?","R","E","T","R","B"],"character_chosen":"MKU","items_purchased":[],"campfire_rested":3,"item_purchase_floors":[],"current_hp_per_floor":[73,73,73,73,73,75,75,27,27,49,49,71,52,52,52,15,15,15],"gold":169,"neow_bonus":"","is_daily":false,"chose_seed":false,"campfire_upgraded":0,"win_rate":0.0,"timestamp":1609934895,"path_taken":["M","?","?","?","M","R","?","E","T","R","?","R","E","?","R","BOSS"],"items_purchased_type":[],"build_version":"2020-12-22","purchased_purges":0,"victory":false,"max_hp_per_floor":[75,75,75,75,75,75,75,75,75,75,75,75,75,75,75,75,75,75],"card_choices":[{"not_picked":["MokouMod:SearingShot","MokouMod:ScorchingColumn"],"picked":"MokouMod:BurningDraft","floor":4.0},{"not_picked":["MokouMod:ProfanedFlare","MokouMod:PhoenixForm"],"picked":"MokouMod:Geothermal","floor":8.0},{"not_picked":["MokouMod:Afterburner","MokouMod:FlickeringFlame"],"picked":"MokouMod:Scorch","floor":12.0},{"not_picked":["MokouMod:RadiantBlade","MokouMod:HouraiForge"],"picked":"MokouMod:PhoenixForm","floor":13.0}],"player_experience":86048,"relics_obtained":[{"floor":1.0,"key":"Ancient Tea Set"},{"floor":5.0,"key":"AT_BellDemon"},{"floor":8.0,"key":"Chameleon Ring"},{"floor":9.0,"key":"Dream Catcher"},{"floor":9.0,"key":"AT_ChloranthyRing"},{"floor":13.0,"key":"Replay:Towering Pillar of Hats"},{"floor":14.0,"key":"AT_SilvercatRing"},{"floor":14.0,"key":"HollowMod:PaleOreRelic"}],"event_choices":[],"is_beta":false,"boss_relics":[],"items_purged_floors":[],"is_endless":true,"potions_floor_spawned":[8,13],"killed_by":"Gensokyo:Kokoro","ascension_level":0}}