{"host":"8anlmvy5ylhozj27","time":1609949981,"event":{"mods":["2.2 Compatiblity","Act Like it!","Aspiration","BaseMod","Best Route Mod","Better Match","Better Note","Better Skull","Better Third Choice","BetterRewards","Block Reminder","Colored Map","Colored Powertips","Conspire","Curses Come First","Duelist Mod","Energized Spire","Evolution","GifTheSpireLib","Gold Saver","Halation","Hermit","Highlight Path","Hubris","Infinite Spire","Ironclad Rager","Minty Spire (QoL Compilation)","Permanent Neow","Quick Restart","Rare Cards Sparkle","Replay The Spire","Spicy Shops","StSLib","Stuff the Spire","The Bladedancer","The Blue Laboratory","The Disciple","The Exalted","The Necromancer","The Sage","Transform Curses","Wandering Minibosses","vexMod"],"gold_per_floor":[118,131,131,151,165,165,193,193,216,250,150,139,4,36,36,134,134,153,153,153,153,167,199,199,219,219,233,264,264,264],"floor_reached":29,"playtime":1220,"items_purged":["Writhe","Pain"],"score":383,"play_id":"c8882549-e11f-4470-abe6-db33b33ed6b9","local_time":"20210106171941","is_ascension_mode":false,"campfire_choices":[{"data":"Immolate","floor":6,"key":"SMITH"},{"data":"infinitespire:OneForAll","floor":24,"key":"SMITH"}],"circlet_count":0,"master_deck":["Strike_R","Strike_R","Strike_R","Strike_R","Defend_R","Defend_R","Defend_R","Defend_R","Bash","Immolate+1","StuffTheSpire:RagingBull","Thunderclap","infinitespire:OneForAll+1","Offering","Battle Trance","Clash","Run Through+1","Metallicize","Double Tap","Uppercut","Double Tap","conspire:HitWhereItHurts+1","Brutality","Pommel Strike","infinitespire:OneForAll","Heavy Blade+1","Berserk"],"relics":["Burning Blood","EVO:Axolotl","Red Skull","Durian","infinitespire:Bottled Soul","Incense Burner","Potion Belt","StuffTheSpire:Tea","Bromod:ArcaneMomentum","sagemod:Falmels_Amulet","Question Card","Blue Candle","aspiration:AnachronicSnailShell","Replay:WaspNest","StuffTheSpire:OldFever"],"acts_visited":["Exordium","TheCity"],"potions_floor_usage":[8,8,28,28,28,28,28],"damage_taken":[{"damage":0,"enemies":"Small Slimes","floor":1,"turns":3},{"damage":0,"enemies":"Cultist","floor":2,"turns":2},{"damage":1,"enemies":"2 Louse","floor":4,"turns":1},{"damage":0,"enemies":"Blue Slaver","floor":5,"turns":1},{"damage":30,"enemies":"Lagavulin","floor":7,"turns":4},{"damage":35,"enemies":"conspire:MimicChest","floor":8,"turns":5},{"damage":0,"enemies":"3 Sentries","floor":10,"turns":1},{"damage":14,"enemies":"Red Slaver","floor":12,"turns":6},{"damage":13,"enemies":"Lagavulin","floor":14,"turns":3},{"damage":0,"enemies":"Slime Boss","floor":16,"turns":2},{"damage":7,"enemies":"Chosen","floor":18,"turns":3},{"damage":6,"enemies":"Shell Parasite","floor":22,"turns":1},{"damage":14,"enemies":"Nightmare","floor":23,"turns":4},{"damage":12,"enemies":"3 Cultists","floor":25,"turns":4},{"damage":24,"enemies":"Centurion and Healer","floor":27,"turns":3},{"damage":0,"enemies":"conspire:Head Lice","floor":28,"turns":3}],"seed_played":"-8535868518033972188","potions_obtained":[{"floor":4,"key":"LifebloodPotion"},{"floor":5,"key":"FearPotion"},{"floor":12,"key":"blueLaboratory:RememoryPotion"},{"floor":14,"key":"blueLaboratory:NullPotion"},{"floor":16,"key":"blueLaboratory:Moonshine"},{"floor":22,"key":"blueLaboratory:StoneskinPotion"},{"floor":23,"key":"SpeedPotion"},{"floor":28,"key":"blueLaboratory:FruitPunch"}],"is_trial":false,"path_per_floor":["M","M","?","M","M","R","E","?","T","E","$","M","$","E","R_BF","B",null,"M","?","T","T","M","NM","R","M","T","M","E","R"],"character_chosen":"IRONCLAD","items_purchased":["Immolate","Red Skull","Orichalcum","Durian","Double Tap"],"campfire_rested":0,"item_purchase_floors":[0,0,0,0,13],"current_hp_per_floor":[55,61,61,66,72,72,48,19,19,25,25,17,17,10,35,41,85,84,84,84,84,84,76,76,70,70,52,58,58,58],"gold":264,"neow_bonus":"","is_daily":false,"chose_seed":false,"campfire_upgraded":2,"win_rate":0.0,"timestamp":1609949981,"path_taken":["M","M","?","?","?","R","E","?","T","E","$","?","$","E","R_BF","BOSS","M","?","?","?","M","NM","R","M","T","?","E","R"],"items_purchased_type":["Card","Relic","Relic","Relic","Card"],"build_version":"2020-12-22","purchased_purges":2,"victory":false,"max_hp_per_floor":[85,85,85,85,85,85,85,85,85,85,85,85,85,85,85,85,85,85,85,85,85,85,85,85,85,85,85,85,85,85],"card_choices":[{"not_picked":["Intimidate","StuffTheSpire:RockThrow"],"picked":"Thunderclap","floor":1},{"not_picked":["Perfected Strike","Thunderclap"],"picked":"infinitespire:OneForAll","floor":2},{"not_picked":["Run Through","Body Slam"],"picked":"Offering","floor":4},{"not_picked":["Carnage","Pummel"],"picked":"Battle Trance","floor":5},{"not_picked":["Dark Embrace","Thunderclap"],"picked":"Clash","floor":7},{"not_picked":["Sword Boomerang","Burning Pact"],"picked":"Run Through","floor":10},{"not_picked":["Sword Boomerang","Inflame"],"picked":"Metallicize","floor":12},{"not_picked":["Entrench","Brutality"],"picked":"Uppercut","floor":14},{"not_picked":["Juggernaut","conspire:HitWhereItHurts"],"picked":"Double Tap","floor":16},{"not_picked":["Uppercut","Rage+1","Body Slam+1"],"picked":"SKIP","floor":18},{"not_picked":["Warcry","Body Slam","Massacre+1"],"picked":"Brutality","floor":22},{"not_picked":["Searing Blow","Armaments+1","Second Wind"],"picked":"Pommel Strike","floor":23},{"not_picked":["Replay:Undeath\u0027s Touch+1","Searing Blow","Demonic Infusion"],"picked":"infinitespire:OneForAll","floor":25},{"not_picked":["Evolve","Intimidate","Combust+1"],"picked":"Heavy Blade+1","floor":27},{"not_picked":["StuffTheSpire:Incineration","Combust","Rampage"],"picked":"Berserk","floor":28}],"player_experience":138290,"relics_obtained":[{"floor":7,"key":"infinitespire:Bottled Soul"},{"floor":8,"key":"Incense Burner"},{"floor":9,"key":"Potion Belt"},{"floor":10,"key":"StuffTheSpire:Tea"},{"floor":14,"key":"Bromod:ArcaneMomentum"},{"floor":20,"key":"Question Card"},{"floor":21,"key":"Blue Candle"},{"floor":23,"key":"aspiration:AnachronicSnailShell"},{"floor":26,"key":"Replay:WaspNest"},{"floor":28,"key":"StuffTheSpire:OldFever"}],"event_choices":[{"damage_healed":0,"gold_gain":0,"player_choice":"Rummage","damage_taken":0,"relics_obtained":["WarpedTongs"],"max_hp_gain":0,"max_hp_loss":0,"event_name":"Accursed Blacksmith","floor":3,"gold_loss":0,"cards_obtained":["Pain"]},{"cards_removed":["Double Tap"],"damage_healed":0,"gold_gain":0,"player_choice":"Take \u0026 Give","damage_taken":0,"max_hp_gain":0,"max_hp_loss":0,"event_name":"betterNote:BetterNote","floor":19,"gold_loss":0,"cards_obtained":["conspire:HitWhereItHurts"]}],"is_beta":false,"boss_relics":[{"not_picked":["infinitespire:Cupcake","ReplayTheSpireMod:SealedPack"],"picked":"sagemod:Falmels_Amulet"}],"items_purged_floors":[0,11],"is_endless":false,"potions_floor_spawned":[4,5,12,14,16,22,23,28],"ascension_level":0}}