{"host":"no2mglyze6zxwn0s","time":1609894942,"event":{"mods":["BaseMod","BetterRewards","Colored Map","Downfall","Hermit","Hubris","Minty Spire (QoL Compilation)","StSLib","The Animator","The Bug Knight","The Construct","The Cursed","The Disciple","The Jungle","The Necromancer","The Senshi","The Servant 0.9.4","WarShipGirlsR/????R mod"],"gold_per_floor":[114,140,215,215,215,215,247,112,112,112,145,145,180,207,207,328,328,328,328],"floor_reached":18,"playtime":1215,"items_purged":[],"score":168,"play_id":"ab463728-2179-415c-a16a-896cdf49f18a","local_time":"20210105190222","is_ascension_mode":false,"campfire_choices":[{"data":"animator:YuiTsuruno","floor":6,"key":"SMITH"},{"floor":12,"key":"REST"},{"data":"animator:RoyMustang","floor":15,"key":"SMITH"}],"circlet_count":0,"master_deck":["animator:Strike_MadokaMagica","animator:Defend_MadokaMagica","animator:Strike","animator:Strike","animator:Strike","animator:Defend","animator:Defend","animator:Defend","animator:IrohaTamaki","animator:YuiTsuruno+1","animator:Benimaru","animator:ElricAlphonse","animator:NagisaMomoe","animator:HomuraAkemi","animator:Ciel","animator:SuzuneAmano","animator:Envy","animator:RoyMustang+1"],"relics":["animator:LivingPicture","animator:TheMissingPiece","NeowsBlessing","Golden Idol","hubris:MysteriousPyramids","Pantograph","Lantern","hubris:VirtuousBlindfold","Philosopher\u0027s Stone"],"acts_visited":["Exordium","TheCity"],"potions_floor_usage":[16,16],"damage_taken":[{"damage":0,"enemies":"Jaw Worm","floor":1,"turns":1},{"damage":0,"enemies":"Small Slimes","floor":2,"turns":1},{"damage":0,"enemies":"Cultist","floor":7,"turns":1},{"damage":32,"enemies":"3 Sentries","floor":11,"turns":8},{"damage":6,"enemies":"Gremlin Nob","floor":13,"turns":4},{"damage":3,"enemies":"Looter","floor":14,"turns":3},{"damage":27,"enemies":"Slime Boss","floor":16,"turns":11},{"damage":38,"enemies":"3 Byrds","floor":18,"turns":3}],"seed_played":"1765550165402361661","potions_obtained":[{"floor":13,"key":"Dexterity Potion"},{"floor":14,"key":"Fire Potion"},{"floor":16,"key":"construct:ShiftPotion"}],"is_trial":false,"path_per_floor":["M","M","?","?","?","R","M","$","T","?","E","R","E","M","R","B",null,"M"],"character_chosen":"THE_ANIMATOR","items_purchased":["animator:HomuraAkemi"],"campfire_rested":1,"item_purchase_floors":[8],"current_hp_per_floor":[66,66,55,55,55,55,55,55,55,55,24,44,39,36,36,35,69,0,0],"gold":328,"neow_bonus":"THREE_ENEMY_KILL","is_daily":false,"chose_seed":false,"campfire_upgraded":2,"win_rate":0.0,"timestamp":1609894942,"path_taken":["M","M","?","?","?","R","?","$","T","?","E","R","E","M","R","BOSS","M"],"items_purchased_type":["Card"],"build_version":"2020-12-22","purchased_purges":0,"victory":false,"max_hp_per_floor":[66,66,66,66,66,66,66,66,66,66,67,67,68,68,68,69,69,34,34],"card_choices":[{"not_picked":["animator:ElricAlphonse","animator:Shuna"],"picked":"animator:Benimaru","floor":1},{"not_picked":["animator:Sloth","animator:Benimaru"],"picked":"animator:ElricAlphonse","floor":2},{"not_picked":["animator:ShinjiMatou","animator:Vesta"],"picked":"animator:NagisaMomoe","floor":7},{"not_picked":["animator:NagisaMomoe","animator:YuiTsuruno"],"picked":"animator:SuzuneAmano","floor":11},{"not_picked":["animator:Geryuganshoop","animator:Ciel"],"picked":"animator:Envy","floor":13},{"not_picked":["animator:Assassin","animator:Shuna"],"picked":"animator:RoyMustang","floor":14},{"not_picked":["animator:Wiz","animator:Envy"],"picked":"animator:Father","floor":16}],"player_experience":882661,"relics_obtained":[{"floor":9,"key":"hubris:MysteriousPyramids"},{"floor":11,"key":"Pantograph"},{"floor":13,"key":"Lantern"}],"event_choices":[{"damage_healed":0,"gold_gain":75,"player_choice":"Gather Gold","damage_taken":11,"max_hp_gain":0,"max_hp_loss":0,"event_name":"World of Goop","floor":3,"gold_loss":0},{"damage_healed":0,"gold_gain":0,"player_choice":"Take Wound","damage_taken":0,"relics_obtained":["Golden Idol"],"max_hp_gain":0,"max_hp_loss":0,"event_name":"Golden Idol","floor":4,"gold_loss":0,"cards_obtained":["Injury"]},{"cards_removed":["Injury"],"damage_healed":0,"gold_gain":0,"player_choice":"Purged","damage_taken":0,"max_hp_gain":0,"max_hp_loss":0,"event_name":"Purifier","floor":5,"gold_loss":0},{"damage_healed":0,"gold_gain":0,"player_choice":"1 cards matched","damage_taken":0,"max_hp_gain":0,"max_hp_loss":0,"event_name":"Match and Keep!","floor":10,"gold_loss":0,"cards_obtained":["animator:Ciel"]}],"is_beta":false,"boss_relics":[{"not_picked":["Busted Crown","Fusion Hammer"],"picked":"hubris:VirtuousBlindfold"}],"items_purged_floors":[],"is_endless":false,"potions_floor_spawned":[13,14,16],"killed_by":"3 Byrds","ascension_level":0}}