{"host":"s9pfktmffzmv7xhk","time":1609948112,"event":{"mods":["Act Like it!","BaseMod","Minty Spire (QoL Compilation)","Quick Restart","StSLib"],"gold_per_floor":[113,113,131,131,142,177,177,188,212,267,267,217,217,233,233,335,335,348,348,362,362,362,393,412,188,188,188,188,207,223,223,223,320,320,330,15,15,32,46,46,63,63,89,89,123,135,167,167,167,167,167,167,23,50,50,50],"floor_reached":55,"playtime":3676,"items_purged":["Strike_R","Defend_R"],"score":770,"play_id":"423460d5-590d-4594-96a1-1340faf52abc","local_time":"20210106234832","is_ascension_mode":false,"campfire_choices":[{"data":"Rage","floor":7.0,"key":"SMITH"},{"data":"Ghostly Armor","floor":15.0,"key":"SMITH"},{"data":"Limit Break","floor":32.0,"key":"SMITH"},{"data":"Apotheosis","floor":40.0,"key":"SMITH"},{"data":"Limit Break","floor":42.0,"key":"SMITH"},{"floor":44.0,"key":"RECALL"},{"data":"Body Slam","floor":49.0,"key":"SMITH"},{"data":"Burning Pact","floor":52.0,"key":"SMITH"}],"circlet_count":0,"master_deck":["Strike_R","Strike_R+1","Defend_R","Defend_R+1","Bash","Purity+1","Spot Weakness+1","Cleave","Rage+1","Shrug It Off","Shrug It Off","Twin Strike","Ghostly Armor+1","Limit Break+1","Flex+1","Twin Strike+1","Limit Break+1","Pommel Strike","Power Through+1","Burning Pact+1","Clothesline+1","Immolate","Heavy Blade+1","Apotheosis+1","Body Slam+1","Sentinel+1","Dark Embrace","Headbutt+1","Evolve"],"relics":["Burning Blood","Juzu Bracelet","Bronze Scales","PreservedInsect","Lantern","Velvet Choker","Ancient Tea Set","Orichalcum","Tiny Chest","Unceasing Top","Nilry\u0027s Codex","Coffee Dripper","Bag of Preparation","Turnip","Blood Vial","War Paint","Toy Ornithopter"],"acts_visited":["Exordium","TheCity","TheBeyond","TheEnding"],"potions_floor_usage":[],"damage_taken":[{"damage":0.0,"enemies":"Small Slimes","floor":1.0,"turns":5.0},{"damage":6.0,"enemies":"Cultist","floor":3.0,"turns":3.0},{"damage":1.0,"enemies":"2 Louse","floor":5.0,"turns":2.0},{"damage":29.0,"enemies":"Gremlin Nob","floor":6.0,"turns":4.0},{"damage":2.0,"enemies":"Looter","floor":8.0,"turns":3.0},{"damage":25.0,"enemies":"Lagavulin Event","floor":10.0,"turns":6.0},{"damage":0.0,"enemies":"3 Louse","floor":14.0,"turns":1.0},{"damage":6.0,"enemies":"Hexaghost","floor":16.0,"turns":9.0},{"damage":0.0,"enemies":"Shell Parasite","floor":18.0,"turns":5.0},{"damage":8.0,"enemies":"Spheric Guardian","floor":20.0,"turns":5.0},{"damage":8.0,"enemies":"Slavers","floor":23.0,"turns":4.0},{"damage":1.0,"enemies":"Cultist and Chosen","floor":24.0,"turns":4.0},{"damage":8.0,"enemies":"3 Cultists","floor":29.0,"turns":4.0},{"damage":0.0,"enemies":"Shelled Parasite and Fungi","floor":30.0,"turns":3.0},{"damage":41.0,"enemies":"Automaton","floor":33.0,"turns":8.0},{"damage":8.0,"enemies":"Orb Walker","floor":35.0,"turns":4.0},{"damage":26.0,"enemies":"3 Shapes","floor":38.0,"turns":4.0},{"damage":3.0,"enemies":"Spire Growth","floor":39.0,"turns":3.0},{"damage":9.0,"enemies":"Maw","floor":41.0,"turns":6.0},{"damage":2.0,"enemies":"Giant Head","floor":45.0,"turns":6.0},{"damage":11.0,"enemies":"3 Darklings","floor":46.0,"turns":3.0},{"damage":0.0,"enemies":"Reptomancer","floor":47.0,"turns":2.0},{"damage":37.0,"enemies":"Time Eater","floor":50.0,"turns":9.0},{"damage":66.0,"enemies":"Shield and Spear","floor":54.0,"turns":6.0},{"damage":83,"enemies":"The Heart","floor":55,"turns":3}],"seed_played":"-1989346674701432969","potions_obtained":[{"floor":8.0,"key":"BloodPotion"},{"floor":10.0,"key":"ColorlessPotion"},{"floor":14.0,"key":"Swift Potion"},{"floor":27.0,"key":"HeartOfIron"},{"floor":29.0,"key":"Explosive Potion"},{"floor":30.0,"key":"EssenceOfSteel"},{"floor":33.0,"key":"SmokeBomb"},{"floor":39.0,"key":"FairyPotion"},{"floor":45.0,"key":"ColorlessPotion"},{"floor":47.0,"key":"Regen Potion"}],"is_trial":false,"path_per_floor":["M","?","M","?","M","E","R","M","T","?","?","?","?","M","R","B",null,"M","?","M","?","?","E","M","$","T","?","?","M","M","?","R","B",null,"M","$","T","M","M","R","M","R","T","R","E","M","E","?","R","B",null,"R","$","E","B"],"character_chosen":"IRONCLAD","items_purchased":["Tiny Chest","Apotheosis","Body Slam","War Paint"],"campfire_rested":0,"item_purchase_floors":[25,36,36,53],"current_hp_per_floor":[80,80,80,64,69,46,46,50,50,31,36,36,29,35,35,35,85,85,85,83,83,83,81,85,85,85,85,69,84,85,85,85,50,85,83,83,83,63,66,66,63,63,63,63,67,62,68,68,68,54,85,85,85,25,0,0],"gold":50,"neow_bonus":"RANDOM_COLORLESS","is_daily":false,"chose_seed":false,"campfire_upgraded":7,"win_rate":0.0,"timestamp":1609948112,"path_taken":["M","?","?","?","M","E","R","M","T","?","?","?","?","M","R","BOSS","M","?","M","?","?","E","M","$","T","?","?","M","M","?","R","BOSS","M","$","?","M","M","R","M","R","T","R","E","M","E","?","R","BOSS","R","$","E","BOSS"],"items_purchased_type":["Relic","Card","Card","Relic"],"build_version":"2020-12-22","purchased_purges":2,"victory":false,"max_hp_per_floor":[80,80,80,80,80,80,80,80,80,80,85,85,85,85,85,85,85,85,85,85,85,85,85,85,85,85,85,85,85,85,85,85,85,85,85,85,85,85,85,85,85,85,85,85,85,85,85,85,85,85,85,85,85,85,85,85],"card_choices":[{"not_picked":["Finesse","Bandage Up"],"picked":"Purity","floor":0.0},{"not_picked":["Headbutt","Disarm"],"picked":"Spot Weakness","floor":1.0},{"not_picked":["Disarm","Thunderclap"],"picked":"Cleave","floor":3.0},{"not_picked":["Shrug It Off","Twin Strike"],"picked":"Rage","floor":5.0},{"not_picked":["Fiend Fire","Twin Strike"],"picked":"Shrug It Off","floor":6.0},{"not_picked":["Iron Wave","True Grit"],"picked":"Shrug It Off","floor":8.0},{"not_picked":["Wild Strike","True Grit"],"picked":"Twin Strike","floor":10.0},{"not_picked":["Clash","Iron Wave"],"picked":"Ghostly Armor","floor":14.0},{"not_picked":["Juggernaut","Bludgeon"],"picked":"Limit Break","floor":16.0},{"not_picked":["True Grit","Cleave+1"],"picked":"Flex+1","floor":18.0},{"not_picked":["Shrug It Off","Pommel Strike"],"picked":"Twin Strike+1","floor":20.0},{"not_picked":["Bludgeon","Blood for Blood"],"picked":"Burning Pact","floor":23.0},{"not_picked":["Burning Pact+1","Anger+1","Searing Blow+1"],"picked":"SKIP","floor":24.0},{"not_picked":["Thunderclap","Bloodletting"],"picked":"Clothesline+1","floor":29.0},{"not_picked":["Rampage","Havoc","Clothesline"],"picked":"SKIP","floor":30.0},{"not_picked":["Bludgeon","Double Tap"],"picked":"Immolate","floor":33.0},{"not_picked":["Havoc+1","Entrench+1"],"picked":"Heavy Blade+1","floor":35.0},{"not_picked":["Carnage+1","Burning Pact","Flex"],"picked":"SKIP","floor":38.0},{"not_picked":["Metallicize","Thunderclap"],"picked":"Sentinel+1","floor":39.0},{"not_picked":["Anger","Heavy Blade+1"],"picked":"Dark Embrace","floor":41.0},{"not_picked":["Anger","Twin Strike"],"picked":"Headbutt+1","floor":45.0},{"not_picked":["Blood for Blood","Juggernaut","Twin Strike"],"picked":"SKIP","floor":46.0},{"not_picked":["Headbutt+1","Clothesline+1","Battle Trance"],"picked":"SKIP","floor":47.0},{"not_picked":["Clothesline","Reckless Charge"],"picked":"Evolve","floor":54.0}],"player_experience":696673,"relics_obtained":[{"floor":6.0,"key":"Juzu Bracelet"},{"floor":9.0,"key":"Bronze Scales"},{"floor":10.0,"key":"PreservedInsect"},{"floor":23.0,"key":"Orichalcum"},{"floor":26.0,"key":"Unceasing Top"},{"floor":28.0,"key":"Nilry\u0027s Codex"},{"floor":43.0,"key":"Bag of Preparation"},{"floor":45.0,"key":"Turnip"},{"floor":47.0,"key":"Blood Vial"},{"floor":54.0,"key":"Toy Ornithopter"}],"event_choices":[{"damage_healed":0.0,"max_hp_gain":0.0,"max_hp_loss":0.0,"gold_gain":0.0,"event_name":"Upgrade Shrine","player_choice":"Upgraded","floor":2.0,"gold_loss":0.0,"damage_taken":0.0,"cards_upgraded":["Spot Weakness"]},{"damage_healed":0.0,"max_hp_gain":0.0,"max_hp_loss":0.0,"gold_gain":0.0,"event_name":"Shining Light","player_choice":"Entered Light","floor":4.0,"gold_loss":0.0,"damage_taken":16.0,"cards_upgraded":["Purity","Strike_R"]},{"damage_healed":0.0,"max_hp_gain":0.0,"max_hp_loss":0.0,"gold_gain":30.0,"event_name":"Dead Adventurer","player_choice":"Searched \u00273\u0027 times","floor":10.0,"gold_loss":0.0,"damage_taken":0.0},{"damage_healed":0.0,"max_hp_gain":5.0,"max_hp_loss":0.0,"gold_gain":0.0,"event_name":"Big Fish","player_choice":"Donut","floor":11.0,"gold_loss":0.0,"damage_taken":0.0},{"cards_removed":["Strike_R"],"damage_healed":0.0,"max_hp_gain":0.0,"max_hp_loss":0.0,"gold_gain":0.0,"event_name":"The Cleric","player_choice":"Card Removal","floor":12.0,"gold_loss":50.0,"damage_taken":0.0},{"damage_healed":0.0,"max_hp_gain":0.0,"max_hp_loss":0.0,"gold_gain":0.0,"event_name":"Scrap Ooze","player_choice":"Success","floor":13.0,"gold_loss":0.0,"damage_taken":7.0,"relics_obtained":["Lantern"]},{"damage_healed":0.0,"max_hp_gain":0.0,"max_hp_loss":0.0,"gold_gain":0.0,"event_name":"The Mausoleum","player_choice":"Opened","floor":19.0,"gold_loss":0.0,"damage_taken":0.0,"relics_obtained":["Ancient Tea Set"]},{"damage_healed":0.0,"max_hp_gain":0.0,"max_hp_loss":0.0,"gold_gain":0.0,"cards_transformed":["Strike_R","Defend_R"],"event_name":"Drug Dealer","player_choice":"Became Test Subject","floor":21.0,"gold_loss":0.0,"damage_taken":0.0,"cards_obtained":["Limit Break","Pommel Strike"]},{"damage_healed":0.0,"max_hp_gain":0.0,"max_hp_loss":0.0,"gold_gain":0.0,"event_name":"The Library","player_choice":"Read","floor":22.0,"gold_loss":0.0,"damage_taken":0.0,"cards_obtained":["Power Through"]},{"damage_healed":0.0,"max_hp_gain":0.0,"max_hp_loss":0.0,"gold_gain":0.0,"event_name":"Lab","player_choice":"Got Potions","floor":27.0,"gold_loss":0.0,"damage_taken":0.0},{"damage_healed":0.0,"max_hp_gain":0.0,"max_hp_loss":0.0,"gold_gain":0.0,"event_name":"Cursed Tome","player_choice":"Obtained Book","floor":28.0,"gold_loss":0.0,"damage_taken":16.0},{"damage_healed":0.0,"max_hp_gain":0.0,"max_hp_loss":0.0,"gold_gain":0.0,"event_name":"The Woman in Blue","player_choice":"Bought 0 Potions","floor":31.0,"gold_loss":0.0,"damage_taken":0.0},{"damage_healed":0.0,"max_hp_gain":0.0,"max_hp_loss":0.0,"gold_gain":0.0,"event_name":"SensoryStone","player_choice":"Memory 1","floor":48.0,"gold_loss":0.0,"damage_taken":0.0}],"is_beta":false,"boss_relics":[{"not_picked":["SacredBark","Fusion Hammer"],"picked":"Velvet Choker"},{"not_picked":["Runic Cube","Sozu"],"picked":"Coffee Dripper"}],"items_purged_floors":[25,36],"is_endless":false,"potions_floor_spawned":[8,10,14,29,30,33,39,45,47],"killed_by":"The Heart","ascension_level":0}}