{"host":"t6w2q9o6m1ipuhb5","time":1609967030,"event":{"mods":["2.2 Compatiblity","Abigail Mod","AchievementEnabler","BaseMod","Chen","Colored Map","Colored Powertips","Downfall","Hermit","Koishi","Marisa????????","Minty Spire (QoL Compilation)","Onozuka Komachi Mod","Prisma Mod","Quick Restart","Reimu??????","Replay The Spire","StSLib","SuperFastMode","The Alterego","The Cursed","The Marked","Waifu the Spire","Yuyuko"],"gold_per_floor":[99,112,132,148,148,161,161,11,27,27,40,40,40,40,58,153,153,153,163,183,183,183],"floor_reached":20,"playtime":23535,"items_purged":[],"score":193,"play_id":"46b6f637-5295-49d0-913f-172badbf4601","local_time":"20210106160350","is_ascension_mode":false,"campfire_choices":[{"floor":1.0,"key":"RECALL"},{"data":"champ:Taunt","floor":8.0,"key":"SMITH"},{"floor":10.0,"key":"REST"},{"data":"champ:EndlessRage","floor":12.0,"key":"SMITH"}],"circlet_count":0,"master_deck":["champ:Strike+1","champ:Strike","champ:Strike","champ:Defend","champ:Defend","champ:Defend","champ:Defend+1","champ:Execute","champ:Taunt+1","champ:EndlessRage+1","champ:GutPunch","champ:CrookedStrike","champ:GutPunch","champ:RisingSlash+1","champ:Haymaker","Regret","champ:Backstep","champ:CheapShot","champ:RecklessLeap","champ:Haymaker+1"],"relics":["champ:ChampionCrownUpgraded","downfall:HeartBlessingRed","downfall:HeartBlessingBlue"],"acts_visited":["Exordium","TheCity"],"potions_floor_usage":[],"damage_taken":[{"damage":11.0,"enemies":"Cultist","floor":2.0,"turns":4.0},{"damage":18.0,"enemies":"Small Slimes","floor":3.0,"turns":4.0},{"damage":16.0,"enemies":"2 Louse","floor":4.0,"turns":4.0},{"damage":25.0,"enemies":"Blue Slaver","floor":6.0,"turns":5.0},{"damage":21.0,"enemies":"Gremlin Gang","floor":9.0,"turns":4.0},{"damage":9.0,"enemies":"2 Fungi Beasts","floor":11.0,"turns":3.0},{"damage":23.0,"enemies":"Exordium Wildlife","floor":15.0,"turns":4.0},{"damage":81.0,"enemies":"downfall:Ironclad","floor":16.0,"turns":9.0},{"damage":41.0,"enemies":"3 Byrds","floor":19.0,"turns":6.0},{"damage":68.0,"enemies":"Centurion and Healer","floor":20.0,"turns":4.0}],"seed_played":"-3083439546013689845","potions_obtained":[{"floor":4.0,"key":"Milkshake"},{"floor":9.0,"key":"LiquidMemories"},{"floor":11.0,"key":"SpeedPotion"},{"floor":15.0,"key":"AttackPotion"},{"floor":16.0,"key":"Elixir"},{"floor":18.0,"key":"CultistPotion"}],"is_trial":false,"path_per_floor":["R_BF","M","M","M","?","M","T","R","M","R","M","R","?","?","M","B",null,"R_BF","M","M"],"character_chosen":"THE_CHAMP","items_purchased":[],"campfire_rested":1,"item_purchase_floors":[],"current_hp_per_floor":[99,98,90,82,92,72,72,82,74,109,103,103,103,103,88,33,119,119,101,67,67,67],"gold":183,"neow_bonus":"TEN_PERCENT_HP_BONUS","is_daily":false,"chose_seed":false,"campfire_upgraded":2,"win_rate":0.0,"timestamp":1609967030,"path_taken":["R_BF","M","M","M","?","M","T","R","M","R","M","R","?","?","M","BOSS","R_BF","M","M"],"items_purchased_type":[],"build_version":"2020-12-22","purchased_purges":0,"victory":false,"max_hp_per_floor":[99,99,99,99,109,109,109,119,119,119,119,119,119,119,119,119,119,119,119,119,119,119],"card_choices":[{"not_picked":["champ:BladeFlurry","champ:Lariat"],"picked":"champ:EndlessRage","floor":2.0},{"not_picked":["champ:CalledShot","champ:BerserkerStyle"],"picked":"champ:GutPunch","floor":3.0},{"not_picked":["champ:GutPunch","champ:Backstep"],"picked":"champ:CrookedStrike","floor":4.0},{"not_picked":["champ:AdrenalArmor","champ:FightOn"],"picked":"champ:GutPunch","floor":6.0},{"not_picked":["champ:Circumvent","champ:DefensiveShout"],"picked":"champ:RisingSlash","floor":9.0},{"not_picked":["champ:CheapShot","champ:CrookedStrike"],"picked":"champ:Haymaker","floor":11.0},{"not_picked":["champ:FlashCut","champ:PerfectedStrike"],"picked":"champ:Backstep","floor":15.0},{"not_picked":["champ:HoldFirm","champ:DancingMaster"],"picked":"champ:CheapShot","floor":16.0},{"not_picked":["champ:Encircle","champ:Riposte+1"],"picked":"champ:RecklessLeap","floor":19.0},{"not_picked":["champ:Backstep+1","champ:CalledShot"],"picked":"champ:Haymaker+1","floor":20}],"player_experience":324390,"relics_obtained":[],"event_choices":[],"is_beta":false,"boss_relics":[{"not_picked":["Kintsugi","ReplayTheSpireMod:DimensionalGlitch"],"picked":"champ:ChampionCrownUpgraded"}],"items_purged_floors":[],"is_endless":false,"potions_floor_spawned":[4,9,11,15,16,19,20],"killed_by":"Centurion and Healer","ascension_level":0}}