{"host":"kv06jx36eid0zw4n","time":1609966396,"event":{"mods":["AchievementEnabler","Act Like it!","Aspiration","BaseMod","Beaked The Cultist","Better Note","Better Skull","Better Third Choice","BetterRewards","Block Reminder","CCEM","Colored Map","Conspire","Curses Come First","Dota2Spire","Elementarium","Energized Spire","Friendly Minions","Gensokyo","GifTheSpireLib","Glutton Mod","GungeonMod","Halation","Hallownest","Hermit","Hubris","Infinite Spire","Key Reminder","KomeijiMod","Lobotomy","LobotomyExtend","Menagerie","Mimic Mod","Minty Spire (QoL Compilation)","MostiFishMod","Pale of the Ancients","Quarter Circle Forward PUNCH!","Rare Cards Sparkle","Replay The Spire","RumiaBox-????????","Small Relic Pack","Spicy Shops","StSLib","Stuff the Spire","The Blue Laboratory","The Cursed","The Factory","Trackpad","Uncapped","Wandering Minibosses","[IsaacMod]????","vexMod"],"gold_per_floor":[114,114,16,34,52,52,27,60,108,121,121,296,309,325,325,325,339,349,69,69,87,87,87,87,100,135,168,12,12,12,12,37,37,116],"floor_reached":26,"playtime":1740,"items_purged":["Doubt"],"score":822,"play_id":"825a0eba-1c89-43df-9267-996113eaf625","local_time":"20210106215316","is_ascension_mode":true,"campfire_choices":[{"floor":6.0,"key":"RECALL"},{"data":"Replay:Bag of Tricks","floor":6.0,"key":"SMITH"},{"data":"MostiFishMod:VineMother","floor":13,"key":"SMITH"},{"data":"Infinite Blades","floor":21,"key":"SMITH"},{"data":"StuffTheSpire:BrimstoneBlast","floor":24,"key":"SMITH"}],"circlet_count":0,"master_deck":["AscendersBane","Strike_G","Strike_G","Strike_G","Strike_G","Strike_G","Defend_G","Defend_G","Defend_G","Defend_G","Defend_G","Survivor","Neutralize","Trip","Dagger Spray","Well Laid Plans","Swift Strike","Replay:Bag of Tricks","Footwork","Catalyst","Caltrops","Replay:Bag of Tricks+1","Dagger Spray","Endless Agony","StuffTheSpire:Shiver","Caltrops","Caltrops","ReplayTheSpireMod:Speed Training","Pain","MostiFishMod:VineMother+1","Blade Dance","infinitespire:Starlight","Terror","StuffTheSpire:BrimstoneBlast+1","Infinite Blades+1","MostiFishMod:Wind","MostiFishMod:WinterMarkForm"],"relics":["Ring of the Snake","DaveBox","HushsDoor","RhineSuit","YumHeart","SynthV:TestCard","qcfpunch:Wrestler\u0027s_Cloak","SynthV:TestCard","halation:EternalFortune","LetterFromLob","WarpedTongs","Dota2Spire:MaskOfMadness","hubris:OldNail","Replay:Wax Seal","trackpad:WeightlessShivs","relicPack:DSword","qcfpunch:Red_Headband","DemoMod:GlassGuonStoneRelic"],"acts_visited":["Menagerie:Menagerie","TheEnding"],"potions_floor_usage":[9,17,18],"damage_taken":[{"damage":0.0,"enemies":"Menagerie:MonstrousExperiment","floor":1.0,"turns":3.0},{"damage":0.0,"enemies":"Menagerie:WhisperingWraith","floor":4.0,"turns":1.0},{"damage":0.0,"enemies":"Menagerie:StygianBoar","floor":5.0,"turns":2.0},{"damage":0.0,"enemies":"Menagerie:Hydra","floor":8.0,"turns":3.0},{"damage":0.0,"enemies":"2 Louse","floor":1.0,"turns":2.0},{"damage":0.0,"enemies":"Jaw Worm","floor":4.0,"turns":2.0},{"damage":0.0,"enemies":"Small Slimes","floor":5.0,"turns":1.0},{"damage":0,"enemies":"Small Slimes","floor":8,"turns":1},{"damage":0,"enemies":"Jaw Worm","floor":9,"turns":1},{"damage":0,"enemies":"Cultist","floor":12,"turns":1},{"damage":0,"enemies":"2 Fungi Beasts","floor":16,"turns":1},{"damage":7,"enemies":"Nightmare","floor":17,"turns":5},{"damage":0,"enemies":"Red Slaver","floor":18,"turns":4},{"damage":16,"enemies":"3 Sentries","floor":23,"turns":2},{"damage":0,"enemies":"Slime Boss","floor":25,"turns":3}],"seed_played":"-3686893442712005844","potions_obtained":[{"floor":1.0,"key":"blueLaboratory:FruitPreserves"},{"floor":4.0,"key":"blueLaboratory:HorrorPotion"},{"floor":1.0,"key":"blueLaboratory:HummingbirdPotion"},{"floor":5.0,"key":"Adrenaline Potion"},{"floor":9,"key":"CalmPotion"},{"floor":16,"key":"blueLaboratory:FrostheartPotion"},{"floor":25,"key":"blueLaboratory:HorrorPotion"}],"is_trial":false,"path_per_floor":["M","?","$","M","M","R","?","E","T","E","M","?","?","M","M","R","E","M","M","$","?","M","R","PTL","PTL","M","NM","MIM","$","?","R","?","E","R","B",null],"character_chosen":"THE_SILENT","items_purchased":["Swift Strike","Caltrops","ReplayTheSpireMod:Speed Training","Replay:Wax Seal","Infinite Blades"],"campfire_rested":0,"item_purchase_floors":[3,10,10,19,19],"current_hp_per_floor":[63,63,63,63,63,63,63,63,63,68,71,71,71,71,71,73,73,73,73,73,73,73,73,73,73,66,66,66,51,73,38,38,38,48],"gold":116,"neow_bonus":"RANDOM_COLORLESS","is_daily":false,"chose_seed":false,"campfire_upgraded":4,"win_rate":0.0,"timestamp":1609966396,"path_taken":["M","?","$","M","M","R","?","E","T","E","M","?","?","?","M","R","E","M","M","$","?","M","R","PTL","PTL","M","NM","MIM","$","?","R","?","E","R","BOSS"],"items_purchased_type":["Card","Card","Card","Relic","Card"],"build_version":"2020-12-22","purchased_purges":1,"victory":true,"max_hp_per_floor":[70,70,70,70,70,70,70,70,70,70,73,73,73,73,73,73,73,73,73,73,73,73,73,73,73,73,73,73,73,73,73,73,73,73],"card_choices":[{"not_picked":[],"picked":"ChaosCard","floor":0.0},{"not_picked":["Replay:Sssssssssshield","DemoMod:Spice"],"picked":"Trip","floor":0.0},{"not_picked":["Hidden Blade","Slice"],"picked":"Dagger Spray","floor":1.0},{"not_picked":["ReplayTheSpireMod:The Works","StuffTheSpire:Injection","Bouncing Flask","StuffTheSpire:ClusterCrunch"],"picked":"Replay:Bag of Tricks","floor":4.0},{"not_picked":["ReplayTheSpireMod:Shiv Toss","Deadly Poison","Cloak And Dagger","MostiFishMod:PreservedThorns"],"picked":"Footwork","floor":5.0},{"not_picked":["hubris:Sniper","MostiFishMod:PerfectParry","Underhanded Strike","Poisoned Stab"],"picked":"Catalyst","floor":8.0},{"not_picked":["Dagger Throw","Deflect","StuffTheSpire:BumpUp","Sneak Up"],"picked":"Caltrops","floor":1.0},{"not_picked":["Deflect","Sucker Punch","StuffTheSpire:BumpUp","Deadly Poison","ReplayTheSpireMod:The Works","Flying Knee"],"picked":"Replay:Bag of Tricks","floor":4.0},{"not_picked":["Prepared","StuffTheSpire:Incursion","Reflex","Slice","MostiFishMod:PerfectParry","MostiFishMod:ThornCasing"],"picked":"Dagger Spray","floor":5.0},{"not_picked":["BettingIsNotGood","Purity"],"picked":"Bomb","floor":7},{"not_picked":["Dodge and Roll","Acrobatics","Blade Dance","Dagger Spray","Poisoned Stab","Blur"],"picked":"Endless Agony","floor":8},{"not_picked":["Acrobatics","hubris:TrickCloak","Dagger Spray","MostiFishMod:PoisonShield","StuffTheSpire:BumpUp","Dodge and Roll"],"picked":"StuffTheSpire:Shiver","floor":9},{"not_picked":["Flying Knee","conspire:DoublingDagger","Toxin Wave","Leg Sweep","Prepared","MostiFishMod:PerfectParry"],"picked":"MostiFishMod:VineMother","floor":12},{"not_picked":["Deadly Poison","Flying Knee","StuffTheSpire:Fury","ReplayTheSpireMod:The Works","Slice","StuffTheSpire:BumpUp"],"picked":"Blade Dance","floor":16},{"not_picked":["infinitespire:Fortify","Replay:Fractal Strike"],"picked":"infinitespire:Starlight","floor":17},{"not_picked":["Expertise","Draining Mist","MostiFishMod:PerfectParry","Cloak And Dagger","Backstab","hubris:SlightOfHand"],"picked":"Terror","floor":17},{"not_picked":["ReplayTheSpireMod:Tripwire","Prepared","ReplayTheSpireMod:The Works","MostiFishMod:Opportunism","Quick Slash","Dagger Spray"],"picked":"StuffTheSpire:BrimstoneBlast","floor":18},{"not_picked":["Deflect","Slice","hubris:SlightOfHand","StuffTheSpire:Shiver","MostiFishMod:PoisonShield","Dagger Spray"],"picked":"MostiFishMod:Wind","floor":23},{"not_picked":["Venomology","infinitespire:Neurotoxin","Tools of the Trade","MostiFishMod:Confrontation","MostiFishMod:Neurotoxin","MostiFishMod:Listen"],"picked":"MostiFishMod:WinterMarkForm","floor":25}],"player_experience":1621883,"relics_obtained":[{"floor":1.0,"key":"SynthV:TestCard"},{"floor":1.0,"key":"LetterFromLob"},{"floor":8.0,"key":"qcfpunch:Wrestler\u0027s_Cloak"},{"floor":1.0,"key":"SynthV:TestCard"},{"floor":1.0,"key":"LetterFromLob"},{"floor":8,"key":"LetterFromLob"},{"floor":17,"key":"Dota2Spire:MaskOfMadness"},{"floor":18,"key":"hubris:OldNail"},{"floor":23,"key":"qcfpunch:Red_Headband"}],"event_choices":[{"damage_healed":0.0,"max_hp_gain":0.0,"max_hp_loss":0.0,"gold_gain":175.0,"event_name":"betterThird:BetterSerpent","player_choice":"AGREE","floor":3.0,"gold_loss":0.0,"damage_taken":121.0},{"damage_healed":0,"gold_gain":0,"player_choice":"Rummage","damage_taken":0,"relics_obtained":["WarpedTongs"],"max_hp_gain":0,"max_hp_loss":0,"event_name":"Accursed Blacksmith","floor":11,"gold_loss":0,"cards_obtained":["Pain"]}],"is_beta":false,"boss_relics":[],"items_purged_floors":[10],"is_endless":false,"potions_floor_spawned":[1,4,8,1,5,9,16,25],"ascension_level":13}}