{"host":"ky7z67tg8zpdk0g7","time":1609938335,"event":{"mods":["BaseMod","Better Third Choice","CapriCore","Displayed Cursed Tome","Energized Spire","Halation","Hubris","Minty Spire (QoL Compilation)","Replay The Spire","Shop Mod","StSLib"],"gold_per_floor":[115,115,169,181,181,195,213,213,281,299,4,36,36,36,36,148,148,160,160,9,9,22,22,69,69,122,157,157,32,45,82,82,189,189,206,234,255,279,296,301,301],"floor_reached":40,"playtime":1522,"items_purged":["Strike_B","Strike_B","Shame"],"score":598,"play_id":"ead37454-4a7b-42fb-85da-4e4867dfe67f","local_time":"20210106200535","is_ascension_mode":true,"campfire_choices":[{"floor":8,"key":"REST"},{"data":"ReplayTheSpireMod:Calculation Training","floor":13,"key":"SMITH"},{"floor":15,"key":"REST"},{"data":"ReplayTheSpireMod:Reroute Power","floor":23,"key":"SMITH"},{"data":"Seek","floor":32,"key":"SMITH"}],"circlet_count":0,"master_deck":["Defend_B","Defend_B","Defend_B","Defend_B","Zap","Dualcast","Conserve Battery","Genetic Algorithm","Sweeping Beam","Melter","Streamline","Self Repair","White Noise","ReplayTheSpireMod:Calculation Training+1","ReplayTheSpireMod:Omega Cannon","ReplayTheSpireMod:Calculation Training+1","ReplayTheSpireMod:Reroute Power+1","ReplayTheSpireMod:Omega Cannon","Force Field","Sunder+1","Seek+1","Capacitor+1","Self Repair+1","Ball Lightning"],"relics":["Cracked Core","PreservedInsect","Pen Nib","Mummified Hand","halation:IllGainedPizza","hubris:TinFlute","Quantum Egg","Runic Capacitor","Philosopher\u0027s Stone","hubris:Icosahedron","Onion Ring","Pet Ghost","Ornamental Fan","Dream Catcher","hubris:TerracottaHorce"],"acts_visited":["Exordium","TheCity","TheBeyond"],"potions_floor_usage":[12,12,38,40,40],"damage_taken":[{"damage":7,"enemies":"Jaw Worm","floor":1,"turns":4},{"damage":3,"enemies":"2 Louse","floor":4,"turns":2},{"damage":1,"enemies":"Cultist","floor":6,"turns":3},{"damage":0,"enemies":"Large Slime","floor":7,"turns":4},{"damage":0,"enemies":"Exordium Wildlife","floor":10,"turns":2},{"damage":0,"enemies":"3 Sentries","floor":12,"turns":4},{"damage":33,"enemies":"The Guardian","floor":16,"turns":8},{"damage":3,"enemies":"Spheric Guardian","floor":18,"turns":3},{"damage":0,"enemies":"3 Byrds","floor":22,"turns":3},{"damage":0,"enemies":"Replay:Snechameleon","floor":24,"turns":5},{"damage":10,"enemies":"Gremlin Leader","floor":27,"turns":3},{"damage":22,"enemies":"Snecko","floor":30,"turns":3},{"damage":0,"enemies":"Replay:Snechameleon","floor":31,"turns":2},{"damage":19,"enemies":"Automaton","floor":33,"turns":6},{"damage":0,"enemies":"3 Darklings","floor":35,"turns":3},{"damage":6,"enemies":"3 Shapes","floor":36,"turns":3},{"damage":21,"enemies":"Spire Growth","floor":37,"turns":4},{"damage":62,"enemies":"Writhing Mass","floor":38,"turns":5},{"damage":0,"enemies":"Sphere and 2 Shapes","floor":39,"turns":2},{"damage":45,"enemies":"Giant Head","floor":40,"turns":6}],"seed_played":"-9195758238010638558","potions_obtained":[{"floor":3,"key":"SmokeBomb"},{"floor":6,"key":"DuplicationPotion"},{"floor":7,"key":"CultistPotion"},{"floor":10,"key":"Adrenaline Potion"},{"floor":30,"key":"Strength Potion"},{"floor":38,"key":"SteroidPotion"}],"is_trial":false,"path_per_floor":["M","?","?","M","?","M","M","R","T","M","$","E","R","$","R","B",null,"M","?","$","?","M","R","E","?","T","E","?","$","M","E","R","B",null,"M","M","M","M","M","E"],"character_chosen":"DEFECT","items_purchased":["White Noise","halation:IllGainedPizza","Quantum Egg","Runic Capacitor","ReplayTheSpireMod:Calculation Training+1"],"campfire_rested":2,"item_purchase_floors":[11,11,14,14,20],"current_hp_per_floor":[61,54,32,29,4,3,3,29,29,29,29,36,36,10,36,10,89,89,72,72,72,79,79,86,86,86,83,83,83,68,75,75,63,86,93,94,80,25,42,0,0],"gold":301,"neow_bonus":"TWENTY_PERCENT_HP_BONUS","is_daily":false,"chose_seed":false,"campfire_upgraded":3,"win_rate":0.0,"timestamp":1609938335,"path_taken":["M","?","?","?","?","M","M","R","T","M","$","E","R","?","R","BOSS","M","?","$","?","M","R","E","?","T","E","?","$","M","E","R","BOSS","M","?","M","?","M","E"],"items_purchased_type":["Card","Relic","Relic","Relic","Card"],"build_version":"2020-12-22","purchased_purges":3,"victory":false,"max_hp_per_floor":[89,89,89,89,89,89,89,89,89,89,89,89,89,89,89,89,89,89,94,94,94,94,94,94,94,94,94,94,94,94,94,94,94,94,94,94,94,94,94,94,94],"card_choices":[{"not_picked":["Leap","Streamline"],"picked":"Conserve Battery","floor":1},{"not_picked":["Auto Shields","Reprogram"],"picked":"Genetic Algorithm","floor":3},{"not_picked":["Go for the Eyes","Hologram"],"picked":"Sweeping Beam","floor":3},{"not_picked":["Barrage","Cold Snap"],"picked":"Melter","floor":4},{"not_picked":["Redo","Darkness"],"picked":"Streamline","floor":6},{"not_picked":["Biased Cognition","Compile Driver","ReplayTheSpireMod:GoodbyeWorld"],"picked":"SKIP","floor":7},{"not_picked":["Blizzard","Leap"],"picked":"Self Repair","floor":10},{"not_picked":["Capacitor","ReplayRNGCard"],"picked":"ReplayTheSpireMod:Calculation Training","floor":12},{"not_picked":["Meteor Strike","Thunder Strike"],"picked":"ReplayTheSpireMod:Omega Cannon","floor":16},{"not_picked":["Sweeping Beam","Tempest","Heatsinks"],"picked":"SKIP","floor":18},{"not_picked":["Leap","ReplayGash+1"],"picked":"ReplayTheSpireMod:Reroute Power","floor":22},{"not_picked":["Leap","Reinforced Body","Redo"],"picked":"SKIP","floor":24},{"not_picked":["Fusion","Gash"],"picked":"ReplayTheSpireMod:Omega Cannon","floor":27},{"not_picked":["Barrage","Cold Snap"],"picked":"Sunder+1","floor":30},{"not_picked":["ReplayTheSpireMod:Reroute Power","Turbo"],"picked":"Seek","floor":31},{"not_picked":["Go for the Eyes+1","Sweeping Beam+1","Melter+1"],"picked":"SKIP","floor":35},{"not_picked":["Go for the Eyes","Hologram+1"],"picked":"Capacitor+1","floor":36},{"not_picked":["Undo","Stack","Beam Cell"],"picked":"SKIP","floor":37},{"not_picked":["Cold Snap+1","Barrage"],"picked":"Self Repair+1","floor":38},{"not_picked":["Heatsinks","Stack"],"picked":"Ball Lightning","floor":39}],"player_experience":66571,"relics_obtained":[{"floor":3,"key":"PreservedInsect"},{"floor":9,"key":"Mummified Hand"},{"floor":12,"key":"hubris:TinFlute"},{"floor":24,"key":"Onion Ring"},{"floor":27,"key":"Ornamental Fan"},{"floor":31,"key":"Dream Catcher"}],"event_choices":[{"cards_removed":["Strike_B"],"damage_healed":0,"gold_gain":0,"player_choice":"Card Removal","damage_taken":7,"max_hp_gain":0,"max_hp_loss":0,"event_name":"Golden Wing","floor":2,"gold_loss":0},{"damage_healed":0,"gold_gain":0,"player_choice":"Relic ","damage_taken":25,"max_hp_gain":0,"max_hp_loss":0,"event_name":"betterThird:BetterScrap","floor":5,"gold_loss":0,"cards_obtained":["Uppercut"]},{"damage_healed":0,"gold_gain":0,"player_choice":"Shed Blood","damage_taken":22,"max_hp_gain":5,"max_hp_loss":0,"event_name":"Forgotten Altar","floor":19,"gold_loss":0},{"damage_healed":0,"gold_gain":0,"player_choice":"Stole Relic","damage_taken":0,"relics_obtained":["Pet Ghost"],"max_hp_gain":0,"max_hp_loss":0,"event_name":"Addict","floor":25,"gold_loss":0,"cards_obtained":["Shame"]},{"damage_healed":0,"gold_gain":0,"cards_transformed":["Strike_B"],"player_choice":"Transformed","damage_taken":0,"max_hp_gain":0,"max_hp_loss":0,"event_name":"Transmorgrifier","floor":28,"gold_loss":0,"cards_obtained":["Force Field"]}],"is_beta":false,"boss_relics":[{"not_picked":["hubris:BlackHole","Runic Dome"],"picked":"Philosopher\u0027s Stone"},{"not_picked":["Snecko Eye","hubris:VirtuousBlindfold"],"picked":"hubris:TerracottaHorce"}],"items_purged_floors":[11,20,29],"is_endless":false,"potions_floor_spawned":[6,7,10,30,37,38],"killed_by":"Giant Head","ascension_level":2}}