{"host":"wha9hktbkslqvblg","time":1609906718,"event":{"mods":["BaseMod","Colored Map","Minty Spire (QoL Compilation)","Relic Stats","SuperFastMode","everything is the same but u backflip on backflip"],"gold_per_floor":[111,36,36,36,54,54,81,94,121,133,166,196,208,233,245,348,360,385,413,425,478,490,502,514,546,604,616,628,628],"floor_reached":28,"playtime":434,"items_purged":["Strike_R"],"score":586,"play_id":"bfc5171e-3eec-4c62-a4c0-4eeffa57009e","local_time":"20210106131838","is_ascension_mode":true,"campfire_choices":[{"data":"Anger","floor":6,"key":"SMITH"},{"data":"Bludgeon","floor":13,"key":"SMITH"},{"data":"Fire Breathing","floor":15,"key":"SMITH"},{"data":"Entrench","floor":23,"key":"SMITH"}],"circlet_count":0,"master_deck":["AscendersBane","Strike_R+1","Strike_R+1","Strike_R+1","Strike_R+1","Defend_R+1","Defend_R+1","Defend_R+1","Bash","Fire Breathing+1","Anger+1","Shrug It Off","Bludgeon+1","Wild Strike","Impervious","Feel No Pain","Entrench+1","Burning Pact","Bludgeon+1","Normality"],"relics":["Burning Blood","NeowsBlessing","Potion Belt","MawBank","Golden Idol","Cursed Key","Red Mask"],"acts_visited":["Exordium","TheCity"],"potions_floor_usage":[16,16,19],"damage_taken":[{"damage":0,"enemies":"2 Louse","floor":1,"turns":1},{"damage":0,"enemies":"Small Slimes","floor":5,"turns":1},{"damage":0,"enemies":"3 Sentries","floor":7,"turns":2},{"damage":0,"enemies":"Cultist","floor":8,"turns":3},{"damage":11,"enemies":"2 Fungi Beasts","floor":11,"turns":4},{"damage":6,"enemies":"Blue Slaver","floor":12,"turns":4},{"damage":23,"enemies":"3 Louse","floor":14,"turns":3},{"damage":0,"enemies":"Slime Boss","floor":16,"turns":5},{"damage":4,"enemies":"Chosen","floor":18,"turns":3},{"damage":0,"enemies":"Spheric Guardian","floor":19,"turns":3},{"damage":30,"enemies":"Masked Bandits","floor":21,"turns":4},{"damage":18,"enemies":"Snake Plant","floor":25,"turns":4},{"damage":31,"enemies":"Book of Stabbing","floor":28,"turns":4}],"seed_played":"-2533877698791952206","potions_obtained":[{"floor":5,"key":"Regen Potion"},{"floor":11,"key":"Fire Potion"},{"floor":12,"key":"Energy Potion"},{"floor":16,"key":"Strength Potion"},{"floor":18,"key":"Ancient Potion"},{"floor":21,"key":"Ancient Potion"}],"is_trial":false,"path_per_floor":["M","$","?","?","M","R","E","M","T","?","M","M","R","M","R","B",null,"M","M","?","?","?","R","?","M","T","?","E"],"character_chosen":"IRONCLAD","items_purchased":[],"campfire_rested":0,"item_purchase_floors":[],"current_hp_per_floor":[74,74,79,79,80,80,80,80,80,52,47,47,47,30,30,50,73,75,80,80,56,56,56,56,44,44,44,13,13],"gold":628,"neow_bonus":"THREE_ENEMY_KILL","is_daily":false,"chose_seed":false,"campfire_upgraded":4,"win_rate":0.0,"timestamp":1609906718,"path_taken":["M","$","?","?","?","R","E","M","T","?","M","M","R","M","R","BOSS","M","M","?","?","?","R","?","?","T","?","E"],"items_purchased_type":[],"build_version":"2020-12-22","purchased_purges":1,"victory":false,"max_hp_per_floor":[75,75,80,80,80,80,80,80,80,80,80,80,80,80,80,80,80,80,80,80,80,80,80,80,80,80,80,80,80],"relic_stats":{"counters":[13,41],"Golden Idol":47,"MawBank":228,"Cursed Key":1,"obtain_stats":[{"Potion Belt":7,"NeowsBlessing":0,"Golden Idol":10,"Red Mask":21,"MawBank":9,"Cursed Key":17,"Burning Blood":0},{"Potion Belt":3,"NeowsBlessing":0,"Golden Idol":4,"Red Mask":11,"MawBank":4,"Cursed Key":8,"Burning Blood":0},{"Potion Belt":4,"NeowsBlessing":0,"Golden Idol":7,"Red Mask":33,"MawBank":7,"Cursed Key":23,"Burning Blood":0}],"Burning Blood":54},"card_choices":[{"not_picked":["Clash","Twin Strike"],"picked":"Fire Breathing","floor":1},{"not_picked":["True Grit","Sword Boomerang"],"picked":"Anger","floor":5},{"not_picked":["Havoc","Armaments"],"picked":"Shrug It Off","floor":7},{"not_picked":["Perfected Strike","Iron Wave","Armaments"],"picked":"SKIP","floor":8},{"not_picked":["Sever Soul","Sword Boomerang"],"picked":"Bludgeon","floor":11},{"not_picked":["Sever Soul","True Grit","Combust"],"picked":"SKIP","floor":12},{"not_picked":["Thunderclap","Carnage"],"picked":"Wild Strike","floor":14},{"not_picked":["Exhume","Bludgeon"],"picked":"Impervious","floor":16},{"not_picked":["Bloodletting","Sentinel"],"picked":"Feel No Pain","floor":18},{"not_picked":["Sword Boomerang","Burning Pact"],"picked":"Entrench","floor":19},{"not_picked":["Inflame+1","Fire Breathing","Entrench"],"picked":"SKIP","floor":25}],"player_experience":939225,"relics_obtained":[{"floor":7,"key":"Potion Belt"},{"floor":9,"key":"MawBank"},{"floor":21,"key":"Red Mask"}],"event_choices":[{"damage_healed":0,"gold_gain":0,"player_choice":"Donut","damage_taken":0,"max_hp_gain":5,"max_hp_loss":0,"event_name":"Big Fish","floor":3,"gold_loss":0},{"cards_removed":["Defend_R"],"damage_healed":0,"gold_gain":0,"player_choice":"Purged","damage_taken":0,"max_hp_gain":0,"max_hp_loss":0,"event_name":"Purifier","floor":4,"gold_loss":0},{"damage_healed":0,"gold_gain":0,"player_choice":"Take Damage","damage_taken":28,"relics_obtained":["Golden Idol"],"max_hp_gain":0,"max_hp_loss":0,"event_name":"Golden Idol","floor":10,"gold_loss":0},{"damage_healed":0,"gold_gain":0,"player_choice":"Read","damage_taken":0,"max_hp_gain":0,"max_hp_loss":0,"event_name":"The Library","floor":20,"gold_loss":0,"cards_obtained":["Burning Pact"]},{"damage_healed":0,"gold_gain":0,"player_choice":"Fought Bandits","damage_taken":0,"max_hp_gain":0,"max_hp_loss":0,"event_name":"Masked Bandits","floor":21,"gold_loss":0},{"damage_healed":0,"gold_gain":0,"player_choice":"Ignored","damage_taken":0,"max_hp_gain":0,"max_hp_loss":0,"event_name":"Ghosts","floor":22,"gold_loss":0},{"damage_healed":0,"gold_gain":0,"player_choice":"Copied","damage_taken":0,"max_hp_gain":0,"max_hp_loss":0,"event_name":"Duplicator","floor":24,"gold_loss":0,"cards_obtained":["Bludgeon"]},{"damage_healed":0,"gold_gain":0,"player_choice":"Simplicity","damage_taken":0,"max_hp_gain":0,"max_hp_loss":0,"event_name":"Back to Basics","floor":27,"gold_loss":0,"cards_upgraded":["Strike_R","Strike_R","Strike_R","Strike_R","Defend_R","Defend_R","Defend_R"]}],"is_beta":false,"boss_relics":[{"not_picked":["Busted Crown","Mark of Pain"],"picked":"Cursed Key"}],"items_purged_floors":[2],"is_endless":false,"potions_floor_spawned":[5,11,12,16,18,21],"killed_by":"Book of Stabbing","ascension_level":20}}