{"host":"b7j598ve05halrwk","time":1609909550,"event":{"mods":["2.2 Compatiblity","BaseMod","Block Reminder","DeckTracker","Minty Spire (QoL Compilation)","Relic Stats","Slay the Relics Exporter","StSLib","ojb\u0027s Better Paths Mod","ojb\u0027s Info Mod"],"gold_per_floor":[116,135,135,135,135,169,169,183,183,216,229,239,73,103,103,181,181,192,203,40,54,104,131,131],"floor_reached":23,"playtime":1356,"items_purged":[],"score":612,"play_id":"3e1dd213-4a8f-454e-b37f-83ef9420295c","local_time":"20210106000550","is_ascension_mode":true,"campfire_choices":[{"floor":7.0,"key":"REST"},{"data":"Doom and Gloom","floor":15.0,"key":"SMITH"}],"circlet_count":0,"master_deck":["AscendersBane","Strike_B+1","Strike_B","Defend_B","Defend_B+1","Defend_B","Zap+1","Dualcast","Compile Driver","Beam Cell","Streamline","Defragment","Buffer","Leap","Doom and Gloom+1","Doom and Gloom","Buffer","Consume","Loop","Glacier","Skim+1","Undo"],"relics":["Cracked Core","Toy Ornithopter","Symbiotic Virus","Regal Pillow","PreservedInsect","Snecko Eye","Orrery","War Paint"],"acts_visited":["TheCity"],"potions_floor_usage":[23],"damage_taken":[{"damage":2.0,"enemies":"2 Louse","floor":1.0,"turns":2.0},{"damage":7.0,"enemies":"Jaw Worm","floor":2.0,"turns":3.0},{"damage":23.0,"enemies":"Lagavulin","floor":6.0,"turns":6.0},{"damage":0.0,"enemies":"Cultist","floor":8.0,"turns":2.0},{"damage":20.0,"enemies":"3 Sentries","floor":10.0,"turns":5.0},{"damage":0.0,"enemies":"Blue Slaver","floor":11.0,"turns":1.0},{"damage":1.0,"enemies":"Exordium Thugs","floor":12.0,"turns":3.0},{"damage":0.0,"enemies":"Gremlin Nob","floor":14.0,"turns":3.0},{"damage":0.0,"enemies":"Slime Boss","floor":16.0,"turns":5.0},{"damage":9.0,"enemies":"2 Thieves","floor":18.0,"turns":4.0},{"damage":14.0,"enemies":"Shell Parasite","floor":19.0,"turns":3.0},{"damage":0.0,"enemies":"Cultist and Chosen","floor":21.0,"turns":4.0},{"damage":34,"enemies":"Slavers","floor":23,"turns":6}],"seed_played":"-4557505564572101320","potions_obtained":[{"floor":2.0,"key":"EssenceOfSteel"},{"floor":5.0,"key":"AttackPotion"},{"floor":6.0,"key":"Dexterity Potion"},{"floor":8.0,"key":"EssenceOfDarkness"},{"floor":11.0,"key":"Strength Potion"},{"floor":16.0,"key":"DuplicationPotion"},{"floor":23,"key":"BlessingOfTheForge"}],"is_trial":false,"path_per_floor":["M","M","?","?","?","E","R","M","T","E","M","M","$","E","R","B",null,"M","M","$","M","?","E"],"character_chosen":"DEFECT","items_purchased":["Doom and Gloom","DuplicationPotion","Orrery"],"campfire_rested":1,"item_purchase_floors":[13,13,20],"current_hp_per_floor":[62,55,48,29,29,6,25,25,25,10,15,19,19,24,24,24,54,45,31,31,31,31,2,2],"gold":131,"neow_bonus":"REMOVE_TWO","is_daily":false,"chose_seed":false,"campfire_upgraded":1,"win_rate":0.0,"timestamp":1609909550,"path_taken":["M","M","?","?","?","E","R","M","T","E","M","M","$","E","R","BOSS","M","M","?","M","?","E"],"items_purchased_type":["Card","Potion","Relic"],"build_version":"2020-12-22","purchased_purges":0,"victory":false,"max_hp_per_floor":[64,64,64,64,64,64,64,64,64,64,64,64,64,64,64,64,64,64,64,64,64,64,64,64],"relic_stats":{"Regal Pillow":0,"counters":[11,42],"Snecko Eye":[32,22,31,33],"PreservedInsect":42,"War Paint":["Skim","Defend_B"],"obtain_stats":[{"Regal Pillow":10,"Snecko Eye":17,"Orrery":20,"PreservedInsect":14,"War Paint":23,"Cracked Core":0,"Symbiotic Virus":9,"Toy Ornithopter":6},{"Regal Pillow":3,"Snecko Eye":7,"Orrery":9,"PreservedInsect":6,"War Paint":11,"Cracked Core":0,"Symbiotic Virus":2,"Toy Ornithopter":1},{"Regal Pillow":13,"Snecko Eye":25,"Orrery":32,"PreservedInsect":20,"War Paint":42,"Cracked Core":0,"Symbiotic Virus":8,"Toy Ornithopter":6}],"Toy Ornithopter":25},"card_choices":[{"not_picked":["Hologram","Leap"],"picked":"Compile Driver","floor":1.0},{"not_picked":["Blizzard","Steam Power"],"picked":"Beam Cell","floor":2.0},{"not_picked":["Hologram","Cold Snap"],"picked":"Streamline","floor":6.0},{"not_picked":["Steam Power","Darkness"],"picked":"Defragment","floor":8.0},{"not_picked":["Stack","Redo","Recycle"],"picked":"SKIP","floor":10.0},{"not_picked":["Conserve Battery","Rip and Tear"],"picked":"Buffer","floor":11.0},{"not_picked":["Rebound","Redo"],"picked":"Leap","floor":12.0},{"not_picked":["Stack","Beam Cell"],"picked":"Doom and Gloom","floor":14.0},{"not_picked":["Creative AI","Electrodynamics"],"picked":"Buffer","floor":16.0},{"not_picked":["Beam Cell","Conserve Battery"],"picked":"Consume","floor":18.0},{"not_picked":["Ball Lightning","Redo"],"picked":"Loop","floor":19.0},{"not_picked":["Turbo","Barrage"],"picked":"Glacier","floor":20.0},{"not_picked":["Turbo","Chaos"],"picked":"Skim","floor":20.0},{"not_picked":["Rebound","Beam Cell","Sweeping Beam"],"picked":"SKIP","floor":21.0},{"not_picked":["Leap","Fission"],"picked":"Undo","floor":23}],"player_experience":826674,"relics_obtained":[{"floor":6.0,"key":"Toy Ornithopter"},{"floor":9.0,"key":"Symbiotic Virus"},{"floor":10.0,"key":"Regal Pillow"},{"floor":14.0,"key":"PreservedInsect"},{"floor":23,"key":"War Paint"}],"event_choices":[{"cards_removed":["Strike_B"],"damage_healed":0.0,"max_hp_gain":0.0,"max_hp_loss":0.0,"gold_gain":0.0,"event_name":"Golden Wing","player_choice":"Card Removal","floor":3.0,"gold_loss":0.0,"damage_taken":7.0},{"damage_healed":0.0,"max_hp_gain":0.0,"max_hp_loss":0.0,"gold_gain":0.0,"event_name":"Shining Light","player_choice":"Entered Light","floor":4.0,"gold_loss":0.0,"damage_taken":19.0,"cards_upgraded":["Zap","Strike_B"]},{"damage_healed":0.0,"max_hp_gain":0.0,"max_hp_loss":0.0,"gold_gain":0.0,"event_name":"Lab","player_choice":"Got Potions","floor":5.0,"gold_loss":0.0,"damage_taken":0.0},{"damage_healed":0.0,"max_hp_gain":0.0,"max_hp_loss":0.0,"gold_gain":50.0,"event_name":"Golden Shrine","player_choice":"Pray","floor":22.0,"gold_loss":0.0,"damage_taken":0.0}],"is_beta":false,"boss_relics":[{"not_picked":["Astrolabe","Runic Dome"],"picked":"Snecko Eye"}],"items_purged_floors":[],"is_endless":false,"potions_floor_spawned":[2,6,8,11,16,23],"killed_by":"Slavers","ascension_level":20}}