{"host":"kg61lsvem4dxoat8","time":1609907075,"event":{"mods":["BaseMod","Colored Powertips","Minty Spire (QoL Compilation)","Quick Restart","Rare Cards Sparkle","Relic Stats","slay the spire mod where everything is the same but ironclad has a cowboy hat"],"gold_per_floor":[112,122,122,47,47,65,92,108,108,108,133,147,147,164,164,238,238,258,276,31,44,78,113,126,47,47,47,47,60,60,13,13,87,87,104,104,1103,902,915,915,932,961,988,393,413,363,363,438,438,438],"floor_reached":51,"playtime":1592,"items_purged":["Strike_G","Strike_G","Strike_G","Strike_G","Strike_G"],"score":1156,"play_id":"4985d7d8-1bad-40ca-8385-22afd8996030","local_time":"20210106122435","is_ascension_mode":true,"campfire_choices":[{"data":"Glass Knife","floor":13,"key":"SMITH"},{"data":"Blade Dance","floor":15,"key":"SMITH"},{"data":"Blade Dance","floor":27,"key":"SMITH"},{"data":"Accuracy","floor":30,"key":"SMITH"},{"floor":32,"key":"REST"},{"data":"Footwork","floor":40,"key":"SMITH"},{"floor":49,"key":"REST"}],"circlet_count":0,"master_deck":["AscendersBane","Defend_G","Defend_G","Defend_G","Defend_G","Survivor","Neutralize","Cloak And Dagger","Blade Dance+1","Accuracy+1","Blade Dance+1","Escape Plan","Adrenaline","Footwork+1","Footwork","Finisher+1","Accuracy","Backstab+1","Deflect","Envenom","Accuracy","Adrenaline"],"relics":["Ring of the Snake","NeowsBlessing","Blue Candle","Omamori","Unceasing Top","Molten Egg 2","Mummified Hand","WristBlade","Happy Flower","Mango","Girya","Nloth\u0027s Gift","Busted Crown","Smiling Mask","Juzu Bracelet","Toxic Egg 2","Anchor","Pantograph"],"acts_visited":["Exordium","TheCity","TheBeyond"],"potions_floor_usage":[7,11,16,23,50],"damage_taken":[{"damage":0,"enemies":"Jaw Worm","floor":1,"turns":1},{"damage":0,"enemies":"Cultist","floor":2,"turns":1},{"damage":0,"enemies":"Small Slimes","floor":6,"turns":1},{"damage":5,"enemies":"3 Sentries","floor":7,"turns":5},{"damage":3,"enemies":"Looter","floor":8,"turns":3},{"damage":7,"enemies":"Gremlin Nob","floor":11,"turns":3},{"damage":2,"enemies":"Exordium Thugs","floor":12,"turns":3},{"damage":4,"enemies":"2 Fungi Beasts","floor":14,"turns":3},{"damage":12,"enemies":"Hexaghost","floor":16,"turns":6},{"damage":0,"enemies":"3 Byrds","floor":18,"turns":4},{"damage":1,"enemies":"Shell Parasite","floor":19,"turns":2},{"damage":12,"enemies":"Centurion and Healer","floor":21,"turns":3},{"damage":12,"enemies":"Masked Bandits","floor":22,"turns":4},{"damage":8,"enemies":"Book of Stabbing","floor":23,"turns":3},{"damage":3,"enemies":"Snake Plant","floor":24,"turns":5},{"damage":0,"enemies":"Snecko","floor":29,"turns":2},{"damage":35,"enemies":"Champ","floor":33,"turns":8},{"damage":6,"enemies":"3 Shapes","floor":35,"turns":5},{"damage":0,"enemies":"3 Darklings","floor":39,"turns":4},{"damage":0,"enemies":"Sphere and 2 Shapes","floor":41,"turns":7},{"damage":5,"enemies":"Giant Head","floor":42,"turns":4},{"damage":19,"enemies":"Writhing Mass","floor":45,"turns":4},{"damage":28,"enemies":"Awakened One","floor":50,"turns":6}],"seed_played":"-4335703330283214887","potions_obtained":[{"floor":1,"key":"LiquidMemories"},{"floor":6,"key":"Strength Potion"},{"floor":11,"key":"CultistPotion"},{"floor":18,"key":"LiquidBronze"},{"floor":21,"key":"FairyPotion"},{"floor":29,"key":"GamblersBrew"},{"floor":41,"key":"DuplicationPotion"}],"is_trial":false,"path_per_floor":["M","M","?","$","T","M","E","M","T","?","E","M","R","M","R","B",null,"M","M","$","M","?","E","M","$","T","R","?","M","R","$","R","B",null,"M","?","?","$","M","R","M","E","T","$","M","$","?","T","R","B",null],"character_chosen":"THE_SILENT","items_purchased":["Happy Flower","Accuracy","Deflect","Accuracy","Adrenaline","Toxic Egg 2","Anchor"],"campfire_rested":2,"item_purchase_floors":[20,25,31,38,44,44,44],"current_hp_per_floor":[63,63,63,63,63,63,58,55,55,55,48,46,46,42,42,30,60,60,59,59,47,35,41,38,38,38,38,38,38,38,38,63,28,70,64,64,64,64,64,64,64,59,59,59,40,40,40,40,64,52],"gold":438,"neow_bonus":"THREE_ENEMY_KILL","is_daily":false,"chose_seed":false,"campfire_upgraded":5,"win_rate":0.0,"timestamp":1609907075,"path_taken":["M","M","?","$","?","?","E","M","T","?","E","M","R","M","R","BOSS","M","M","$","M","?","E","M","$","T","R","?","?","R","$","R","BOSS","M","?","?","?","M","R","M","E","T","$","M","$","?","?","R","BOSS"],"items_purchased_type":["Relic","Card","Card","Card","Card","Relic","Relic"],"build_version":"2020-12-22","purchased_purges":5,"victory":true,"max_hp_per_floor":[70,70,70,70,70,70,70,70,70,70,70,70,70,70,70,70,70,70,70,70,70,70,84,84,84,84,84,84,84,84,84,84,84,84,84,80,80,80,80,80,80,80,80,80,80,80,80,80,80,80],"relic_stats":{"Busted Crown":10,"Happy Flower":[18],"counters":[23,87],"Mummified Hand":[47],"Blue Candle":[1],"Pantograph":16,"Nloth\u0027s Gift":0,"Juzu Bracelet":1,"Smiling Mask":225,"obtain_stats":[{"Girya":26,"NeowsBlessing":0,"Happy Flower":20,"Blue Candle":5,"Mango":23,"Omamori":7,"Juzu Bracelet":43,"Smiling Mask":42,"Anchor":44,"Busted Crown":34,"WristBlade":17,"Mummified Hand":11,"Pantograph":48,"Molten Egg 2":10,"Red Mask":22,"Nloth\u0027s Gift":28,"Toxic Egg 2":44,"Unceasing Top":9,"Ring of the Snake":0},{"Girya":15,"NeowsBlessing":0,"Happy Flower":11,"Blue Candle":2,"Mango":14,"Omamori":4,"Juzu Bracelet":21,"Smiling Mask":21,"Anchor":21,"Busted Crown":17,"WristBlade":9,"Mummified Hand":6,"Pantograph":22,"Molten Egg 2":5,"Red Mask":13,"Nloth\u0027s Gift":15,"Toxic Egg 2":21,"Unceasing Top":5,"Ring of the Snake":0},{"Girya":47,"NeowsBlessing":0,"Happy Flower":32,"Blue Candle":2,"Mango":42,"Omamori":8,"Juzu Bracelet":77,"Smiling Mask":77,"Anchor":77,"Busted Crown":57,"WristBlade":26,"Mummified Hand":14,"Pantograph":81,"Molten Egg 2":11,"Red Mask":39,"Nloth\u0027s Gift":47,"Toxic Egg 2":77,"Unceasing Top":11,"Ring of the Snake":0}],"Unceasing Top":[32],"Ring of the Snake":[46]},"card_choices":[{"not_picked":["Dash","Dagger Throw"],"picked":"Cloak And Dagger","floor":1},{"not_picked":["Predator","Cloak And Dagger"],"picked":"Blade Dance","floor":2},{"not_picked":["Cloak And Dagger","Heel Hook"],"picked":"Accuracy","floor":6},{"not_picked":["Backflip","Acrobatics"],"picked":"Blade Dance","floor":7},{"not_picked":["Bane","Slice","Storm of Steel"],"picked":"SKIP","floor":8},{"not_picked":["Reflex","Bouncing Flask","Distraction"],"picked":"SKIP","floor":11},{"not_picked":["Catalyst","Bane+1","Quick Slash+1"],"picked":"SKIP","floor":12},{"not_picked":["Quick Slash+1","Blade Dance"],"picked":"Escape Plan","floor":14},{"not_picked":["Tools of the Trade","Bullet Time"],"picked":"Adrenaline","floor":16},{"not_picked":["Bane+1","Deflect","Flying Knee+1"],"picked":"SKIP","floor":18},{"not_picked":["Deflect","Quick Slash+1","Bane+1"],"picked":"SKIP","floor":19},{"not_picked":["Bane+1","Well Laid Plans","Slice+1"],"picked":"SKIP","floor":21},{"not_picked":["Dagger Spray+1","Deadly Poison"],"picked":"Footwork","floor":22},{"not_picked":["Wraith Form v2","Accuracy"],"picked":"Footwork","floor":23},{"not_picked":["Expertise","Escape Plan"],"picked":"Finisher+1","floor":24},{"not_picked":["Bouncing Flask","Outmaneuver+1"],"picked":"Backstab+1","floor":29},{"not_picked":["Adrenaline","Grand Finale+1"],"picked":"Envenom","floor":33},{"not_picked":["Choke+1"],"picked":"SKIP","floor":35},{"not_picked":["Flying Knee+1"],"picked":"SKIP","floor":39},{"not_picked":["Endless Agony+1"],"picked":"SKIP","floor":41},{"not_picked":["Bouncing Flask"],"picked":"SKIP","floor":42},{"not_picked":["Heel Hook+1"],"picked":"SKIP","floor":45}],"player_experience":1308580,"relics_obtained":[{"floor":5,"key":"Blue Candle"},{"floor":7,"key":"Omamori"},{"floor":9,"key":"Unceasing Top"},{"floor":11,"key":"Mummified Hand"},{"floor":22,"key":"Red Mask"},{"floor":23,"key":"Mango"},{"floor":26,"key":"Girya"},{"floor":42,"key":"Smiling Mask"},{"floor":43,"key":"Juzu Bracelet"},{"floor":48,"key":"Pantograph"}],"event_choices":[{"damage_healed":0,"gold_gain":0,"cards_transformed":["Defend_G"],"player_choice":"Transformed","damage_taken":0,"max_hp_gain":0,"max_hp_loss":0,"event_name":"Transmorgrifier","floor":3,"gold_loss":0,"cards_obtained":["Glass Knife"]},{"damage_healed":0,"gold_gain":0,"player_choice":"Searched \u00271\u0027 times","damage_taken":0,"relics_obtained":["Molten Egg 2"],"max_hp_gain":0,"max_hp_loss":0,"event_name":"Dead Adventurer","floor":10,"gold_loss":0},{"damage_healed":0,"gold_gain":0,"player_choice":"Fought Bandits","damage_taken":0,"max_hp_gain":0,"max_hp_loss":0,"event_name":"Masked Bandits","floor":22,"gold_loss":0},{"damage_healed":0,"gold_gain":0,"player_choice":"Traded Relic","damage_taken":0,"relics_obtained":["Nloth\u0027s Gift"],"max_hp_gain":0,"max_hp_loss":0,"event_name":"N\u0027loth","floor":28,"relics_lost":["Red Mask"],"gold_loss":0},{"damage_healed":0,"gold_gain":0,"player_choice":"Max HP","damage_taken":0,"max_hp_gain":0,"max_hp_loss":4,"event_name":"Winding Halls","floor":36,"gold_loss":0},{"damage_healed":0,"gold_gain":999,"player_choice":"Gold","damage_taken":0,"max_hp_gain":0,"max_hp_loss":0,"event_name":"MindBloom","floor":37,"gold_loss":0,"cards_obtained":["Normality","Normality"]},{"cards_removed":["Glass Knife"],"damage_healed":0,"gold_gain":0,"player_choice":"Purged","damage_taken":0,"max_hp_gain":0,"max_hp_loss":0,"event_name":"Purifier","floor":47,"gold_loss":0}],"is_beta":false,"boss_relics":[{"not_picked":["Pandora\u0027s Box","Runic Pyramid"],"picked":"WristBlade"},{"not_picked":["Tiny House","Ring of the Serpent"],"picked":"Busted Crown"}],"items_purged_floors":[4,20,38,44,46],"is_endless":false,"potions_floor_spawned":[1,6,11,18,21,29,41,42,45],"ascension_level":13}}