{"host":"p4v0hquynnreu717","time":1609958443,"event":{"mods":["BaseMod","Better Vampires","DeckTracker","Googly Eyes","Minty Spire (QoL Compilation)","Quick Restart","StSLib","SuperFastMode"],"gold_per_floor":[116,116,116,41,57,101,101,101,128,128,142,20,59,9,9,100,100,113,63,63,63],"floor_reached":20,"playtime":411,"items_purged":["Strike_B","Strike_B","Defend_B","Strike_B"],"score":355,"play_id":"e60a6293-cda8-4b77-abe7-7ab77b530504","local_time":"20210107024043","is_ascension_mode":true,"campfire_choices":[{"data":"Recycle","floor":8.0,"key":"SMITH"},{"data":"Coolheaded","floor":10.0,"key":"SMITH"},{"data":"Dualcast","floor":15.0,"key":"SMITH"}],"circlet_count":0,"master_deck":["AscendersBane","Strike_B+1","Defend_B+1","Defend_B","Defend_B","Zap","Dualcast+1","Recycle+1","Coolheaded+1","Heatsinks","Static Discharge","Self Repair","All For One","Capacitor"],"relics":["Cracked Core","NeowsBlessing","Golden Idol","Smiling Mask","Strawberry","Shovel","Cursed Key"],"acts_visited":["Exordium","TheCity"],"potions_floor_usage":[20],"damage_taken":[{"damage":0.0,"enemies":"2 Louse","floor":1.0,"turns":1.0},{"damage":0.0,"enemies":"Jaw Worm","floor":5.0,"turns":1.0},{"damage":0.0,"enemies":"Lagavulin","floor":6.0,"turns":1.0},{"damage":0.0,"enemies":"Cultist","floor":11.0,"turns":4.0},{"damage":59.0,"enemies":"Gremlin Nob","floor":13.0,"turns":5.0},{"damage":5.0,"enemies":"Hexaghost","floor":16.0,"turns":8.0},{"damage":10,"enemies":"Spheric Guardian","floor":18,"turns":4},{"damage":54,"enemies":"Masked Bandits","floor":20,"turns":3}],"seed_played":"-4560746697209244012","potions_obtained":[{"floor":6.0,"key":"PowerPotion"},{"floor":11.0,"key":"FocusPotion"},{"floor":16.0,"key":"Weak Potion"}],"is_trial":false,"path_per_floor":["M","?","?","$","M","E","?","R","T","R","M","$","E","$","R","B",null,"M","$","?"],"character_chosen":"DEFECT","items_purchased":["Static Discharge"],"campfire_rested":0,"item_purchase_floors":[12],"current_hp_per_floor":[64,64,45,45,45,45,64,64,71,71,71,71,12,12,12,14,57,54,54,0,0],"gold":63,"neow_bonus":"THREE_ENEMY_KILL","is_daily":false,"chose_seed":false,"campfire_upgraded":3,"win_rate":0.0,"timestamp":1609958443,"path_taken":["M","?","?","$","M","E","?","R","T","R","M","$","E","?","R","BOSS","M","?","?"],"items_purchased_type":["Card"],"build_version":"2020-12-22","purchased_purges":4,"victory":false,"max_hp_per_floor":[71,64,64,64,64,64,64,64,71,71,71,71,71,71,71,71,71,71,71,71,71],"card_choices":[{"not_picked":["Beam Cell","Melter","Doom and Gloom"],"picked":"SKIP","floor":1.0},{"not_picked":["Streamline","Redo"],"picked":"Recycle","floor":5.0},{"not_picked":["Beam Cell","Chill"],"picked":"Coolheaded","floor":6.0},{"not_picked":["Gash","Leap"],"picked":"Heatsinks","floor":11.0},{"not_picked":["Compile Driver","Chaos"],"picked":"Self Repair","floor":13.0},{"not_picked":["Rainbow","Buffer"],"picked":"All For One","floor":16.0},{"not_picked":["Beam Cell+1","Redo"],"picked":"Capacitor","floor":18}],"player_experience":762945,"relics_obtained":[{"floor":6.0,"key":"Smiling Mask"},{"floor":9.0,"key":"Strawberry"},{"floor":13.0,"key":"Shovel"}],"event_choices":[{"damage_healed":0.0,"max_hp_gain":0.0,"max_hp_loss":7.0,"gold_gain":0.0,"event_name":"Golden Idol","player_choice":"Lose Max HP","floor":2.0,"gold_loss":0.0,"damage_taken":0.0,"relics_obtained":["Golden Idol"]},{"damage_healed":0.0,"max_hp_gain":0.0,"max_hp_loss":0.0,"gold_gain":0.0,"event_name":"Shining Light","player_choice":"Entered Light","floor":3.0,"gold_loss":0.0,"damage_taken":19.0,"cards_upgraded":["Strike_B","Defend_B"]},{"damage_healed":21.0,"max_hp_gain":0.0,"max_hp_loss":0.0,"gold_gain":0.0,"event_name":"Big Fish","player_choice":"Banana","floor":7.0,"gold_loss":0.0,"damage_taken":0.0},{"damage_healed":0,"gold_gain":0,"player_choice":"Fought Bandits","damage_taken":0,"max_hp_gain":0,"max_hp_loss":0,"event_name":"Masked Bandits","floor":20,"gold_loss":0}],"is_beta":false,"boss_relics":[{"not_picked":["Snecko Eye","Busted Crown"],"picked":"Cursed Key"}],"items_purged_floors":[4,12,14,19],"is_endless":false,"potions_floor_spawned":[6,11,16],"killed_by":"Masked Bandits","ascension_level":15}}