{"host":"v0dnu0zs4qo0v13s","time":1609963901,"event":{"mods":["BaseMod","Colored Map","Colored Powertips","Minty Spire (QoL Compilation)","Relic Stats","StSLib","SuperFastMode","everything is the same but u backflip on backflip"],"gold_per_floor":[118,22,197,53,70,103,118,449,449,449,449,467,467,482,482,586,586,604,149,149,160,173,173,208,208,208,239,239,0,0,16,16,117,167,183,198,198,208,208,242,242,272,323,348,23,23,34,44,44,44],"floor_reached":51,"playtime":4066,"items_purged":["Lockon","Leap","Auto Shields"],"score":1152,"play_id":"eed30191-51cd-46c6-964a-6f108c77c4a1","local_time":"20210106151141","is_ascension_mode":true,"campfire_choices":[{"floor":10.0,"key":"REST"},{"floor":13.0,"key":"REST"},{"data":"Static Discharge","floor":15.0,"key":"SMITH"},{"data":"Electrodynamics","floor":23.0,"key":"SMITH"},{"data":"Reinforced Body","floor":25.0,"key":"SMITH"},{"floor":28.0,"key":"DIG"},{"floor":32.0,"key":"DIG"},{"floor":41.0,"key":"DIG"},{"data":"Consume","floor":46.0,"key":"SMITH"},{"data":"Amplify","floor":49,"key":"SMITH"}],"circlet_count":0,"master_deck":["Dualcast","Static Discharge+1","Amplify+1","Lockon","Doom and Gloom","Reboot","Consume+1","Conserve Battery","Doubt","Creative AI","Creative AI","Ball Lightning","Electrodynamics+1","Turbo","Zap+1","Electrodynamics+1","Recycle","Reinforced Body+1","Creative AI+1","Glacier","Capacitor+1","Hologram+1","Coolheaded","Echo Form+1","Double Energy","Parasite"],"relics":["Pandora\u0027s Box","PreservedInsect","Old Coin","Frozen Egg 2","Coffee Dripper","Bottled Tornado","Question Card","Strawberry","Bronze Scales","Shovel","FossilizedHelix","Mummified Hand","Ancient Tea Set","Tiny House","Gambling Chip","Anchor","Dead Branch","Regal Pillow","Bottled Flame","Runic Capacitor"],"acts_visited":["Exordium","TheCity","TheBeyond"],"potions_floor_usage":[50,50,50],"damage_taken":[{"damage":1.0,"enemies":"Cultist","floor":1.0,"turns":3.0},{"damage":9.0,"enemies":"Small Slimes","floor":5.0,"turns":3.0},{"damage":56.0,"enemies":"Gremlin Nob","floor":6.0,"turns":4.0},{"damage":1.0,"enemies":"Jaw Worm","floor":7.0,"turns":3.0},{"damage":20.0,"enemies":"Lagavulin","floor":8.0,"turns":5.0},{"damage":23.0,"enemies":"Lots of Slimes","floor":12.0,"turns":3.0},{"damage":0.0,"enemies":"Large Slime","floor":14.0,"turns":2.0},{"damage":17.0,"enemies":"Slime Boss","floor":16.0,"turns":5.0},{"damage":15.0,"enemies":"2 Thieves","floor":18.0,"turns":2.0},{"damage":8.0,"enemies":"Shell Parasite","floor":21.0,"turns":4.0},{"damage":35.0,"enemies":"Snake Plant","floor":22.0,"turns":6.0},{"damage":14.0,"enemies":"Gremlin Leader","floor":24.0,"turns":5.0},{"damage":17.0,"enemies":"Slavers","floor":27.0,"turns":2.0},{"damage":0.0,"enemies":"Chosen and Byrds","floor":30.0,"turns":1.0},{"damage":0.0,"enemies":"Sentry and Sphere","floor":31.0,"turns":3.0},{"damage":14.0,"enemies":"Champ","floor":33.0,"turns":7.0},{"damage":0.0,"enemies":"Orb Walker","floor":35.0,"turns":4.0},{"damage":9.0,"enemies":"3 Shapes","floor":36.0,"turns":4.0},{"damage":9.0,"enemies":"Sphere and 2 Shapes","floor":38.0,"turns":2.0},{"damage":0.0,"enemies":"Giant Head","floor":40.0,"turns":9.0},{"damage":0.0,"enemies":"Nemesis","floor":42.0,"turns":5.0},{"damage":0.0,"enemies":"Giant Head","floor":44.0,"turns":5.0},{"damage":0.0,"enemies":"Jaw Worm Horde","floor":47.0,"turns":3.0},{"damage":11.0,"enemies":"Writhing Mass","floor":48.0,"turns":5.0},{"damage":13,"enemies":"Time Eater","floor":50,"turns":8}],"seed_played":"2696974857751572738","potions_obtained":[{"floor":1.0,"key":"FocusPotion"},{"floor":5.0,"key":"SmokeBomb"},{"floor":7.0,"key":"BlessingOfTheForge"},{"floor":12.0,"key":"FairyPotion"},{"floor":18.0,"key":"SpeedPotion"},{"floor":24.0,"key":"BlessingOfTheForge"},{"floor":34.0,"key":"CultistPotion"},{"floor":42.0,"key":"BlessingOfTheForge"},{"floor":44.0,"key":"FearPotion"},{"floor":47.0,"key":"Weak Potion"}],"is_trial":false,"path_per_floor":["M","$","?","$","M","E","M","E","T","R","?","M","R","M","R","B",null,"M","$","T","M","M","R","E","R","T","E","R","$","M","M","R","B",null,"M","M","?","M","?","E","R","E","T","E","$","R","M","M","R","B",null],"character_chosen":"DEFECT","items_purchased":["FairyPotion","Creative AI","FairyPotion","Bottled Tornado","Mummified Hand","Runic Capacitor","SkillPotion"],"campfire_rested":2,"item_purchase_floors":[2,4,19,19,29,45,45],"current_hp_per_floor":[67,67,67,67,58,2,1,22,22,44,44,21,43,43,43,26,63,48,48,48,40,5,5,29,29,29,12,12,12,12,12,12,24,73,73,64,64,55,55,55,55,55,55,55,55,55,55,44,44,31],"gold":44,"neow_bonus":"BOSS_RELIC","is_daily":false,"chose_seed":false,"campfire_upgraded":5,"win_rate":0.0,"timestamp":1609963901,"path_taken":["M","$","?","$","M","E","M","E","T","R","?","M","R","M","R","BOSS","M","$","?","M","M","R","E","R","T","E","R","$","M","?","R","BOSS","M","M","?","?","?","E","R","E","T","E","$","R","M","M","R","BOSS"],"items_purchased_type":["Potion","Card","Potion","Relic","Relic","Relic","Potion"],"build_version":"2020-12-22","purchased_purges":3,"victory":true,"max_hp_per_floor":[75,75,75,75,75,75,75,75,75,75,75,75,75,75,75,75,75,75,75,75,75,75,75,82,82,82,82,82,82,82,82,82,82,87,87,87,87,87,87,87,87,87,87,87,87,87,87,87,87,87],"relic_stats":{"Regal Pillow":0,"Shovel":3,"counters":[25,103],"Mummified Hand":[235],"Bronze Scales":[124],"Gambling Chip":[14],"Dead Branch":[8],"Pandora\u0027s Box":["Static Discharge","Amplify","Lockon","Lockon","Doom and Gloom","Leap","Reboot","Consume"],"PreservedInsect":413,"Question Card":17,"obtain_stats":[{"Regal Pillow":43,"Tiny House":34,"Dead Branch":42,"PreservedInsect":6,"Runic Capacitor":45,"Frozen Egg 2":9,"Bottled Tornado":19,"Question Card":20,"Ancient Tea Set":32,"Old Coin":8,"Anchor":41,"Bottled Flame":44,"Shovel":27,"Mummified Hand":29,"Strawberry":24,"Bronze Scales":26,"Gambling Chip":40,"Pandora\u0027s Box":0,"Coffee Dripper":17,"Cracked Core":0,"FossilizedHelix":28},{"Regal Pillow":21,"Tiny House":16,"Dead Branch":21,"PreservedInsect":3,"Runic Capacitor":22,"Frozen Egg 2":5,"Bottled Tornado":9,"Question Card":9,"Ancient Tea Set":15,"Old Coin":5,"Anchor":20,"Bottled Flame":22,"Shovel":13,"Mummified Hand":13,"Strawberry":12,"Bronze Scales":12,"Gambling Chip":20,"Pandora\u0027s Box":0,"Coffee Dripper":8,"Cracked Core":0,"FossilizedHelix":13},{"Regal Pillow":82,"Tiny House":58,"Dead Branch":82,"PreservedInsect":10,"Runic Capacitor":87,"Frozen Egg 2":18,"Bottled Tornado":30,"Question Card":30,"Ancient Tea Set":51,"Old Coin":18,"Anchor":77,"Bottled Flame":87,"Shovel":47,"Mummified Hand":47,"Strawberry":45,"Bronze Scales":45,"Gambling Chip":77,"Pandora\u0027s Box":0,"Coffee Dripper":28,"Cracked Core":0,"FossilizedHelix":47}]},"card_choices":[{"not_picked":["Static Discharge","Reprogram"],"picked":"Conserve Battery","floor":1.0},{"not_picked":["Conserve Battery","Go for the Eyes"],"picked":"Auto Shields","floor":5.0},{"not_picked":["Compile Driver","Barrage"],"picked":"Creative AI","floor":6.0},{"not_picked":["Auto Shields","Streamline"],"picked":"Ball Lightning","floor":7.0},{"not_picked":["Steam","Storm"],"picked":"Electrodynamics","floor":8.0},{"not_picked":["Static Discharge+1","Turbo"],"picked":"Reinforced Body","floor":12.0},{"not_picked":["Beam Cell","Rebound","Lockon"],"picked":"SKIP","floor":14.0},{"not_picked":["Fission","Hyperbeam"],"picked":"Creative AI+1","floor":16.0},{"not_picked":["Doom and Gloom","Sunder","Gash+1"],"picked":"SKIP","floor":18.0},{"not_picked":["Go for the Eyes","Leap+1","Sweeping Beam+1"],"picked":"Glacier","floor":21.0},{"not_picked":["Rebound","Beam Cell","Compile Driver+1","Turbo"],"picked":"SKIP","floor":22.0},{"not_picked":["Beam Cell","Ball Lightning+1","Hologram"],"picked":"Capacitor+1","floor":24.0},{"not_picked":["Ball Lightning","Creative AI+1","Skim"],"picked":"Hologram+1","floor":27.0},{"not_picked":["Genetic Algorithm","Streamline","Force Field"],"picked":"Coolheaded","floor":31.0},{"not_picked":["Biased Cognition+1","Multi-Cast","Hyperbeam"],"picked":"Echo Form+1","floor":33.0},{"not_picked":["Ball Lightning","Consume","Conserve Battery+1"],"picked":"Double Energy","floor":34.0},{"not_picked":["Barrage+1","Hologram","Rebound","Cold Snap+1"],"picked":"SKIP","floor":35.0},{"not_picked":["Ball Lightning","Coolheaded+1","Undo","Conserve Battery"],"picked":"SKIP","floor":36.0},{"not_picked":["Beam Cell+1","Rebound+1","All For One","Stack+1"],"picked":"SKIP","floor":38.0},{"not_picked":["Redo","Coolheaded+1","Steam Power","Hello World+1"],"picked":"SKIP","floor":40.0},{"not_picked":["Go for the Eyes","Barrage","Ball Lightning+1","Consume+1"],"picked":"SKIP","floor":42.0},{"not_picked":["Loop+1","Consume+1","Compile Driver","Darkness"],"picked":"SKIP","floor":44.0},{"not_picked":["Cold Snap+1","Conserve Battery","Go for the Eyes","Loop+1"],"picked":"SKIP","floor":47.0},{"not_picked":["Redo+1","Gash+1","Steam Power+1","Beam Cell"],"picked":"SKIP","floor":48.0}],"player_experience":685828,"relics_obtained":[{"floor":6.0,"key":"PreservedInsect"},{"floor":8.0,"key":"Old Coin"},{"floor":9.0,"key":"Frozen Egg 2"},{"floor":20.0,"key":"Question Card"},{"floor":24.0,"key":"Strawberry"},{"floor":26.0,"key":"Bronze Scales"},{"floor":27.0,"key":"Shovel"},{"floor":28.0,"key":"FossilizedHelix"},{"floor":32.0,"key":"Ancient Tea Set"},{"floor":40.0,"key":"Gambling Chip"},{"floor":41.0,"key":"Anchor"},{"floor":42.0,"key":"Dead Branch"},{"floor":43.0,"key":"Regal Pillow"},{"floor":44.0,"key":"Bottled Flame"}],"event_choices":[{"damage_healed":0.0,"max_hp_gain":0.0,"max_hp_loss":0.0,"gold_gain":175.0,"event_name":"Liars Game","player_choice":"AGREE","floor":3.0,"gold_loss":0.0,"damage_taken":0.0,"cards_obtained":["Doubt"]},{"damage_healed":0.0,"max_hp_gain":0.0,"max_hp_loss":0.0,"gold_gain":0.0,"event_name":"Match and Keep!","player_choice":"4 cards matched","floor":11.0,"gold_loss":0.0,"damage_taken":0.0,"cards_obtained":["Turbo","Zap","Electrodynamics","Recycle"]},{"cards_removed":["Zap"],"damage_healed":0.0,"max_hp_gain":0.0,"max_hp_loss":0.0,"gold_gain":0.0,"event_name":"Purifier","player_choice":"Purged","floor":37.0,"gold_loss":0.0,"damage_taken":0.0},{"damage_healed":0.0,"max_hp_gain":0.0,"max_hp_loss":0.0,"gold_gain":0.0,"event_name":"SensoryStone","player_choice":"Memory 1","floor":39.0,"gold_loss":0.0,"damage_taken":0.0}],"is_beta":false,"boss_relics":[{"not_picked":["Ectoplasm","SacredBark"],"picked":"Coffee Dripper"},{"not_picked":["Runic Dome","Runic Pyramid"],"picked":"Tiny House"}],"items_purged_floors":[4,19,45],"is_endless":false,"potions_floor_spawned":[1,5,7,12,18,22,24,30,42,44,47,48],"ascension_level":7}}