{"host":"cm56dopeulr50jn0","time":1609914042,"event":{"mods":["BaseMod","Bestiary","Better Match","Better Third Choice","Downfall","Minty Spire (QoL Compilation)","Relic Stats","StSLib"],"gold_per_floor":[117,136,154,165,7,39,39,59,79,179,179,179,198,230,230,334,334,350,363,378,104,124,124,124,124,124,137,153,164,197,214,214,319,319,333,353,562,581,158,171,194,207,226,245,259,285,305,123,48,48],"floor_reached":51,"playtime":4324,"items_purged":["Pain","Guardian:WalkerClaw"],"score":1232,"play_id":"85666855-acbd-4127-9994-300234435e00","local_time":"20210105222042","is_ascension_mode":true,"campfire_choices":[{"floor":11.0,"key":"REST"},{"data":"Guardian:VentSteam","floor":15.0,"key":"SMITH"},{"data":"Guardian:PrismaticBarrier","floor":26.0,"key":"SMITH"},{"floor":32.0,"key":"REST"},{"floor":49,"key":"RECALL"}],"circlet_count":0,"master_deck":["AscendersBane","Guardian:CurlUp","Guardian:TwinSlam","Guardian:PrimingBeam","Guardian:FloatingOrbs","Guardian:PrismaticBeam","Guardian:Orbwalk","Guardian:SphericShield","Guardian:PolyBeam","Guardian:VentSteam+1","Guardian:HyperBeam_Guardian","Guardian:Planning","Guardian:Emergency","Guardian:TimeCapacitor","Guardian:PrismaticBarrier+1","Guardian:FierceBash","Guardian:RevengeProtocol","Guardian:ShieldCharger","Guardian:SpikerProtocol","Guardian:ShieldSpikes","Guardian:StasisField","Guardian:Reroute","Guardian:ShieldCharger","Guardian:Planning","Guardian:FuturePlans","Guardian:Clone","Guardian:GemFinder","Guardian:BaubleBeam","Guardian:ChargeUp","Guardian:FloatingOrbs+1","Guardian:TimeSifter","Guardian:PrismaticBarrier+1","Guardian:ShieldCharger"],"relics":["Guardian:ModeShifter","Guardian:StasisUpgradeRelic","Guardian:PocketSentry","Pen Nib","Akabeko","Pandora\u0027s Box","Orrery","Shuriken","WarpedTongs","Singing Bowl","expansioncontent:StudyCardRelic","Pear","Bottled Lightning","DollysMirror","downfall:HeartBlessingGreen"],"acts_visited":["Exordium","TheCity","TheBeyond"],"potions_floor_usage":[50,50],"damage_taken":[{"damage":9.0,"enemies":"2 Louse","floor":1.0,"turns":3.0},{"damage":5.0,"enemies":"Small Slimes","floor":2.0,"turns":3.0},{"damage":8.0,"enemies":"Jaw Worm","floor":3.0,"turns":5.0},{"damage":12.0,"enemies":"Exordium Thugs","floor":4.0,"turns":5.0},{"damage":0.0,"enemies":"downfall:FleeingMerchant","floor":5.0,"turns":4.0},{"damage":24.0,"enemies":"3 Sentries","floor":6.0,"turns":8.0},{"damage":6.0,"enemies":"Lots of Slimes","floor":8.0,"turns":4.0},{"damage":0.0,"enemies":"2 Fungi Beasts","floor":9.0,"turns":3.0},{"damage":0.0,"enemies":"Blue Slaver","floor":13.0,"turns":4.0},{"damage":7.0,"enemies":"Lagavulin","floor":14.0,"turns":6.0},{"damage":11.0,"enemies":"downfall:Watcher","floor":16.0,"turns":6.0},{"damage":0.0,"enemies":"Spheric Guardian","floor":18.0,"turns":1.0},{"damage":0.0,"enemies":"3 Byrds","floor":19.0,"turns":3.0},{"damage":12.0,"enemies":"Shelled Parasite and Fungi","floor":20.0,"turns":5.0},{"damage":0.0,"enemies":"downfall:FleeingMerchant","floor":21.0,"turns":4.0},{"damage":20.0,"enemies":"Sentry and Sphere","floor":22.0,"turns":5.0},{"damage":3.0,"enemies":"Centurion and Healer","floor":27.0,"turns":5.0},{"damage":15.0,"enemies":"3 Cultists","floor":28.0,"turns":4.0},{"damage":18.0,"enemies":"Snake Plant","floor":29.0,"turns":4.0},{"damage":10.0,"enemies":"Book of Stabbing","floor":30.0,"turns":5.0},{"damage":16.0,"enemies":"Cultist and Chosen","floor":31.0,"turns":5.0},{"damage":25.0,"enemies":"downfall:Ironclad","floor":33.0,"turns":8.0},{"damage":0,"enemies":"3 Shapes","floor":35,"turns":4},{"damage":10,"enemies":"3 Darklings","floor":36,"turns":5},{"damage":0,"enemies":"downfall:FleeingMerchant","floor":37,"turns":2},{"damage":10,"enemies":"Transient","floor":38,"turns":5},{"damage":0,"enemies":"Writhing Mass","floor":40,"turns":5},{"damage":4,"enemies":"Spire Growth","floor":42,"turns":4},{"damage":0,"enemies":"4 Shapes","floor":43,"turns":7},{"damage":0,"enemies":"3 Darklings","floor":44,"turns":6},{"damage":18,"enemies":"Writhing Mass","floor":45,"turns":4},{"damage":8,"enemies":"Giant Head","floor":46,"turns":5},{"damage":9,"enemies":"Jaw Worm Horde","floor":47,"turns":3},{"damage":0,"enemies":"downfall:Defect","floor":50,"turns":4}],"seed_played":"-7065430621917961070","potions_obtained":[{"floor":2.0,"key":"FearPotion"},{"floor":4.0,"key":"PowerPotion"},{"floor":8.0,"key":"Swift Potion"},{"floor":13.0,"key":"AttackPotion"},{"floor":22.0,"key":"PowerPotion"},{"floor":35,"key":"DuplicationPotion"}],"is_trial":false,"path_per_floor":["M","M","M","M","$","E","T","M","M","?","R","?","M","E","R","B",null,"M","M","M","$","M","?","T","?","R","M","M","M","E","M","R","B",null,"M","M","$","M","$","M","T","M","M","M","M","E","M","$","R","B",null],"character_chosen":"GUARDIAN","items_purchased":["Guardian:StasisUpgradeRelic","Guardian:SpikerProtocol","Guardian:Gem_Blue","Orrery","Guardian:Gem_Green","Guardian:Gem_Fragmented","Pear","DollysMirror","Guardian:ShieldCharger"],"campfire_rested":2,"item_purchase_floors":[5,21,21,21,37,39,39,48,48],"current_hp_per_floor":[71,66,58,46,46,22,22,16,16,16,42,47,47,40,40,29,77,77,77,65,65,45,76,76,76,76,73,58,40,32,16,44,19,76,80,70,72,62,72,72,72,68,72,74,60,54,47,47,47,47],"gold":48,"neow_bonus":"TEN_PERCENT_HP_BONUS","is_daily":false,"chose_seed":false,"campfire_upgraded":2,"win_rate":0.0,"timestamp":1609914042,"path_taken":["M","M","M","M","$","E","T","M","M","?","R","?","M","E","R","BOSS","M","M","M","$","M","?","T","?","R","?","M","M","E","M","R","BOSS","M","M","?","M","$","?","T","M","M","M","M","E","M","$","R","BOSS"],"items_purchased_type":["Relic","Card","Card","Relic","Card","Card","Relic","Relic","Card"],"build_version":"2020-12-22","purchased_purges":2,"victory":true,"max_hp_per_floor":[88,88,88,88,88,88,88,88,88,88,88,93,93,93,93,93,93,93,93,93,93,93,93,93,93,93,93,93,93,95,95,95,95,95,99,99,101,101,111,111,111,111,115,117,121,123,125,125,125,125],"relic_stats":{"Singing Bowl":22,"counters":[34,152],"Shuriken":[17],"Pandora\u0027s Box":["Guardian:Planning","Guardian:Emergency","Guardian:TimeCapacitor","Guardian:WalkerClaw","Guardian:PrismaticBarrier","Guardian:Gem_White","Guardian:FierceBash","Guardian:RevengeProtocol"],"Pen Nib":[18],"obtain_stats":[{"Pear":39,"Singing Bowl":30,"Guardian:ModeShifter":0,"downfall:HeartBlessingGreen":49,"Pen Nib":7,"Guardian:PocketSentry":6,"expansioncontent:StudyCardRelic":34,"Akabeko":14,"WarpedTongs":25,"Guardian:StasisUpgradeRelic":5,"Shuriken":24,"DollysMirror":48,"Orrery":21,"Pandora\u0027s Box":17,"Bottled Lightning":46},{"Pear":26,"Singing Bowl":20,"Guardian:ModeShifter":0,"downfall:HeartBlessingGreen":33,"Pen Nib":6,"Guardian:PocketSentry":6,"expansioncontent:StudyCardRelic":22,"Akabeko":10,"WarpedTongs":16,"Guardian:StasisUpgradeRelic":5,"Shuriken":16,"DollysMirror":33,"Orrery":15,"Pandora\u0027s Box":11,"Bottled Lightning":32},{"Pear":114,"Singing Bowl":85,"Guardian:ModeShifter":0,"downfall:HeartBlessingGreen":148,"Pen Nib":28,"Guardian:PocketSentry":28,"expansioncontent:StudyCardRelic":98,"Akabeko":45,"WarpedTongs":69,"Guardian:StasisUpgradeRelic":20,"Shuriken":69,"DollysMirror":148,"Orrery":64,"Pandora\u0027s Box":51,"Bottled Lightning":145}],"WarpedTongs":[83]},"card_choices":[{"not_picked":["Guardian:Gem_Green","Guardian:ShieldCharger"],"picked":"Guardian:PrimingBeam","floor":1.0},{"not_picked":["Guardian:VentSteam","Guardian:Gem_Lightblue"],"picked":"Guardian:FloatingOrbs","floor":2.0},{"not_picked":["Guardian:MultiBeam","Guardian:ShieldCharger"],"picked":"Guardian:Gem_Blue","floor":3.0},{"not_picked":["Guardian:Emergency","Guardian:Gem_Red"],"picked":"Guardian:PrismaticBeam","floor":4.0},{"not_picked":["Guardian:Gem_Lightblue","Guardian:Incinerate"],"picked":"Guardian:Orbwalk","floor":5.0},{"not_picked":["Guardian:ChargeCore","Guardian:GuardianWhirl"],"picked":"Guardian:SphericShield","floor":6.0},{"not_picked":["Guardian:Reroute","Guardian:TemporalShield"],"picked":"Guardian:PolyBeam","floor":8.0},{"not_picked":["Guardian:Gem_Cyan","Guardian:Emergency"],"picked":"Guardian:Gem_Purple","floor":9.0},{"not_picked":["Guardian:SentryBeam","Guardian:PrismaticBarrier"],"picked":"Guardian:VentSteam","floor":13.0},{"not_picked":["Guardian:EvasiveProtocol","Guardian:Repulse"],"picked":"Guardian:Gem_White","floor":14.0},{"not_picked":["Guardian:StasisField","Guardian:FierceBash"],"picked":"Guardian:HyperBeam_Guardian","floor":16.0},{"not_picked":["Guardian:Incinerate+1","Guardian:PrismaticBarrier"],"picked":"Guardian:ShieldCharger","floor":18.0},{"not_picked":["Guardian:ChargeCore","Guardian:RefractedBeam","Guardian:MultiBeam"],"picked":"SKIP","floor":19.0},{"not_picked":["Guardian:Repulse","Guardian:WalkerClaw"],"picked":"Guardian:Gem_Red","floor":20.0},{"not_picked":["Guardian:RefractedBeam","Guardian:TemporalStrike"],"picked":"Guardian:Gem_Yellow","floor":21.0},{"not_picked":["Guardian:VentSteam+1","Guardian:ChargeCore"],"picked":"Guardian:Gem_Green","floor":21.0},{"not_picked":["Guardian:ChargeCore","Guardian:RollAttack"],"picked":"Guardian:ShieldSpikes","floor":21.0},{"not_picked":["Guardian:ChargeCore","Guardian:PrimingBeam"],"picked":"Guardian:Gem_Crimson","floor":21.0},{"not_picked":["Guardian:EvasiveProtocol","Guardian:Reroute"],"picked":"Guardian:Gem_Cyan","floor":21.0},{"not_picked":["Guardian:BronzeOrb","Guardian:Repulse"],"picked":"Guardian:StasisField","floor":21.0},{"not_picked":["Guardian:Incinerate","Guardian:ShieldSpikes"],"picked":"Guardian:Reroute","floor":22.0},{"not_picked":["Guardian:Gem_Green","Guardian:TemporalShield"],"picked":"Guardian:ShieldCharger","floor":27.0},{"not_picked":["Guardian:ChargeCore","Guardian:TemporalStrike"],"picked":"Guardian:Planning","floor":28.0},{"not_picked":["Guardian:BronzeArmor","Guardian:RollAttack"],"picked":"Guardian:FuturePlans","floor":29.0},{"not_picked":["Guardian:Gem_Lightblue","Guardian:ConstructionForm","Guardian:CrystalBeam"],"picked":"Singing Bowl","floor":30.0},{"not_picked":["Guardian:VentSteam","Guardian:DonusPower"],"picked":"Guardian:Clone","floor":31.0},{"not_picked":["Guardian:TimeSifter","Guardian:SphericShield"],"picked":"Guardian:GemFinder","floor":33.0},{"not_picked":["Guardian:Gem_Red","Guardian:Gem_Cyan","Guardian:Gem_Lightblue"],"picked":"Singing Bowl","floor":35},{"not_picked":["Guardian:Planning","Guardian:TemporalStrike","Guardian:Gem_Red"],"picked":"Singing Bowl","floor":35},{"not_picked":["Guardian:Incinerate","Guardian:PiercingHide+1"],"picked":"Guardian:BaubleBeam","floor":36},{"not_picked":["Guardian:WalkerClaw","Guardian:GuardianWhirl","Guardian:ArmoredProtocol"],"picked":"Singing Bowl","floor":37},{"not_picked":["Guardian:Gem_Red","Guardian:Gem_Green"],"picked":"Guardian:Gem_Cyan","floor":38},{"not_picked":["Guardian:PolyBeam+1","Guardian:Emergency"],"picked":"Guardian:Gem_Purple","floor":38},{"not_picked":["Guardian:TemporalShield","Guardian:Incinerate+1"],"picked":"Guardian:ChargeUp","floor":40},{"not_picked":["Guardian:Gem_Red","Guardian:Gem_Green"],"picked":"Guardian:Gem_Cyan","floor":42},{"not_picked":["Guardian:FuturePlans","Guardian:CrystalBeam+1"],"picked":"Guardian:Gem_Cyan","floor":42},{"not_picked":["Guardian:Gem_Red","Guardian:Gem_Lightblue","Guardian:Gem_Green"],"picked":"Singing Bowl","floor":43},{"not_picked":["Guardian:ChargeCore","Guardian:RollAttack","Guardian:TemporalShield"],"picked":"Singing Bowl","floor":43},{"not_picked":["Guardian:Gem_Red","Guardian:Gem_Cyan","Guardian:Gem_Green"],"picked":"Singing Bowl","floor":44},{"not_picked":["Guardian:Gem_Lightblue","Guardian:Orbwalk"],"picked":"Guardian:FloatingOrbs+1","floor":44},{"not_picked":["Guardian:Gem_Lightblue","Guardian:Gem_Green","Guardian:Gem_Red"],"picked":"Singing Bowl","floor":45},{"not_picked":["Guardian:Gem_Lightblue","Guardian:PiercingHide","Guardian:PrimingBeam"],"picked":"Singing Bowl","floor":45},{"not_picked":["Guardian:Gem_Lightblue","Guardian:Gem_Red","Guardian:Gem_Cyan"],"picked":"Singing Bowl","floor":46},{"not_picked":["Guardian:TemporalShield","Guardian:Suspension"],"picked":"Guardian:TimeSifter","floor":46},{"not_picked":["Guardian:VentSteam","Guardian:TemporalStrike","Guardian:Gem_Green"],"picked":"Singing Bowl","floor":47}],"player_experience":1424844,"relics_obtained":[{"floor":6.0,"key":"Guardian:PocketSentry"},{"floor":7.0,"key":"Pen Nib"},{"floor":14.0,"key":"Akabeko"},{"floor":24.0,"key":"Shuriken"},{"floor":30.0,"key":"Singing Bowl"},{"floor":46,"key":"Bottled Lightning"}],"event_choices":[{"damage_healed":0.0,"max_hp_gain":5.0,"max_hp_loss":0.0,"gold_gain":0.0,"event_name":"Big Fish","player_choice":"Donut","floor":12.0,"gold_loss":0.0,"damage_taken":0.0},{"damage_healed":31.0,"max_hp_gain":0.0,"max_hp_loss":0.0,"gold_gain":0.0,"event_name":"The Library","player_choice":"Heal","floor":23.0,"gold_loss":0.0,"damage_taken":0.0}],"is_beta":false,"boss_relics":[{"not_picked":["Guardian:ModeShifterPlus","SlaversCollar"],"picked":"Pandora\u0027s Box"},{"not_picked":["Tiny House","Calling Bell"],"picked":"expansioncontent:StudyCardRelic"}],"items_purged_floors":[37,39],"is_endless":false,"potions_floor_spawned":[2,4,8,9,13,22,27,29,33,35,38,42,45,46,47],"ascension_level":12}}