{"host":"vh33hu3wddwn6yt6","time":1609954563,"event":{"mods":["AchievementEnabler","Act Like it!","Aspiration","BaseMod","Better Altar","Better Match","Better Note","Better Sensory Stone","Better Skull","Better Third Choice","BetterRewards","Downfall","Hermit","Hubris","Infinite Spire","Minty Spire (QoL Compilation)","Permanent Neow","Replay The Spire","Shade Mod","Shop Mod","Spicy Shops","StSLib","SuperFastMode","The Blackbeard","The Necromancer","The Runesmith","The Servant 0.9.4","TheBandit","Wandering Minibosses"],"gold_per_floor":[0,36,70,104,134,179,179,29,74,123,187,211,223,220,269,382,394,406,449,471,520,35,45,45,100,100,100,100,25,25,25,51,90,109,208,208,208,225,59,59,59,78,103,103,118,118,174,185,185,215,233,133],"floor_reached":53,"playtime":1445,"items_purged":["Strike_W"],"score":811,"play_id":"85de35e8-5871-48bc-b2c7-68b16ccbd028","local_time":"20210106183603","is_ascension_mode":true,"campfire_choices":[{"floor":1.0,"key":"RECALL"},{"floor":8.0,"key":"REST"},{"floor":13.0,"key":"REST"},{"data":"Negative_Energy_Arrows","floor":18.0,"key":"SMITH"},{"floor":29.0,"key":"REST"},{"data":"Summon_Vampire_Lady","floor":37,"key":"SMITH"},{"floor":46,"key":"REST"},{"data":"Summon_Undead_Army","floor":49,"key":"SMITH"}],"circlet_count":0,"master_deck":["Negative_Energy_Arrows","Strike_W","Strike_W","Strike_W+1","Defend_W","Defend_W","Defend_W","Defend_W","Negative_Energy_Arrows+1","Bone_Wall","HandOfGreed","Negative_Energy_Sphere+1","Summon_Lich","Negative_Energy_Sphere","Summon_Lich","Negative_Energy_Javelin","Trip","Summon_Undead_Army+1","Summon_Vampire_Lady+1","Spectral_Armor","Acid_Javelin","Negative_Energy_Javelin+1","Disarm+1","Negative_Energy_Mist+1","Heavy Blade+1","Negative_Energy_Sphere"],"relics":["Vampire_Amulet","Replay:WaspNest","Pantograph","downfall:HeartBlessingGreen","downfall:HeartBlessingRed","MawBank","PreservedInsect","Ring of Chaos","BargainBundle","Blue Candle","hubris:TenFootPole","infinitespire:EmpoweringShard","downfall:HeartBlessingBlue","hubris:Icosahedron","Mercury Hourglass","hubris:DisguiseKit","aspiration:IroncladSkillbook","Replay:Baseball","Ginger","Omamori","HornCleat","hubris:Reverence"],"acts_visited":["Exordium","TheCity","TheBeyond"],"potions_floor_usage":[35,35,45,50,51,52],"damage_taken":[{"damage":2.0,"enemies":"Cultist","floor":2.0,"turns":5.0},{"damage":2.0,"enemies":"2 Louse","floor":3.0,"turns":3.0},{"damage":2.0,"enemies":"Small Slimes","floor":4.0,"turns":3.0},{"damage":11.0,"enemies":"Exordium Thugs","floor":5.0,"turns":4.0},{"damage":38.0,"enemies":"Lagavulin","floor":6.0,"turns":8.0},{"damage":12.0,"enemies":"Gremlin Nob","floor":9.0,"turns":4.0},{"damage":7.0,"enemies":"2 Fungi Beasts","floor":10.0,"turns":3.0},{"damage":10.0,"enemies":"3 Sentries","floor":11.0,"turns":5.0},{"damage":3.0,"enemies":"3 Louse","floor":12.0,"turns":2.0},{"damage":0.0,"enemies":"downfall:FleeingMerchant","floor":14.0,"turns":4.0},{"damage":2.0,"enemies":"Blue Slaver","floor":15.0,"turns":3.0},{"damage":66.0,"enemies":"downfall:Defect","floor":16.0,"turns":7.0},{"damage":12.0,"enemies":"3 Byrds","floor":19.0,"turns":3.0},{"damage":26.0,"enemies":"Centurion and Healer","floor":20.0,"turns":7.0},{"damage":28.0,"enemies":"3 Cultists","floor":21.0,"turns":4.0},{"damage":0.0,"enemies":"downfall:FleeingMerchant","floor":22.0,"turns":4.0},{"damage":2.0,"enemies":"Cultist and Chosen","floor":23.0,"turns":5.0},{"damage":10.0,"enemies":"Book of Stabbing","floor":25.0,"turns":5.0},{"damage":6.0,"enemies":"Gremlin Leader","floor":32.0,"turns":6.0},{"damage":33.0,"enemies":"Centurion and Healer","floor":33.0,"turns":5.0},{"damage":3.0,"enemies":"Shelled Parasite and Fungi","floor":34.0,"turns":3.0},{"damage":72,"enemies":"downfall:Ironclad","floor":35,"turns":7},{"damage":9,"enemies":"Orb Walker","floor":38,"turns":4},{"damage":0,"enemies":"downfall:FleeingMerchant","floor":39,"turns":4},{"damage":15,"enemies":"3 Darklings","floor":42,"turns":4},{"damage":39,"enemies":"Spire Growth","floor":45,"turns":5},{"damage":6,"enemies":"Writhing Mass","floor":48,"turns":4},{"damage":32,"enemies":"R_Hoarder","floor":50,"turns":5},{"damage":0,"enemies":"3 Darklings","floor":51,"turns":3},{"damage":44,"enemies":"downfall:Watcher","floor":52,"turns":8}],"seed_played":"7743125312973158268","potions_obtained":[{"floor":2.0,"key":"Languid Potion"},{"floor":5.0,"key":"Ancient Potion"},{"floor":6.0,"key":"Flashbang"},{"floor":9.0,"key":"Weak Potion"},{"floor":12.0,"key":"AttackPotion"},{"floor":16.0,"key":"Guardian:BlockOnCardUsePotion"},{"floor":23.0,"key":"GamblersBrew"},{"floor":25.0,"key":"EssenceOfSteel"},{"floor":32.0,"key":"EntropicBrew"},{"floor":34.0,"key":"champ:CounterPotion"},{"floor":35,"key":"Explosive Potion"},{"floor":38,"key":"Ancient Potion"},{"floor":45,"key":"Fire Potion"},{"floor":48,"key":"SteroidPotion"}],"is_trial":false,"path_per_floor":["R","M","M","M","M","E","T","R","E","M","E","M","R","$","M","B",null,"R","M","M","M","$","M","T","E","?","PTL","PTL","R","?","T","E","M","M","B",null,"R","M","$","?","AVR","M","T","?","M","R","?","M","R","E","M","B",null],"character_chosen":"NECROMANCER","items_purchased":["BargainBundle","Blue Candle","hubris:TenFootPole","Trip","Summon_Undead_Army","Block Potion","Venom Potion","Languid Potion","Replay:Baseball"],"campfire_rested":4,"item_purchase_floors":[22,22,22,22,22,22,22,22,39],"current_hp_per_floor":[75,75,75,75,66,30,30,52,42,39,35,38,60,60,60,11,75,75,69,47,25,25,27,27,19,19,19,19,54,54,54,64,59,60,24,85,85,85,85,88,88,82,82,78,45,71,54,54,54,28,34,30],"gold":133,"neow_bonus":"RANDOM_COLORLESS_2","is_daily":false,"chose_seed":false,"campfire_upgraded":3,"win_rate":0.0,"timestamp":1609954563,"path_taken":["R","M","M","?","M","E","T","R","E","M","E","M","R","$","M","BOSS","R","?","?","?","$","M","T","E","?","PTL","PTL","R","?","?","E","M","M","BOSS","R","M","$","?","AVR","M","T","?","?","R","?","M","R","E","M","BOSS"],"items_purchased_type":["Relic","Relic","Relic","Card","Card","Potion","Potion","Potion","Relic"],"build_version":"2020-12-22","purchased_purges":1,"victory":true,"max_hp_per_floor":[75,75,75,75,75,75,75,75,75,75,75,75,75,75,75,75,75,75,75,75,75,75,75,75,75,75,75,75,85,85,85,85,85,85,85,85,85,85,85,88,88,88,88,88,88,88,88,88,88,88,88,88],"card_choices":[{"not_picked":["The Bomb","Violence"],"picked":"HandOfGreed","floor":0.0},{"not_picked":["Death_Coil","Spectral_Walk"],"picked":"Negative_Energy_Sphere","floor":2.0},{"not_picked":["Vampiric_Strike","Bone_Spikes"],"picked":"Summon_Lich","floor":3.0},{"not_picked":["Blood_Whip","Death_March_Dance","Shade_Step"],"picked":"SKIP","floor":4.0},{"not_picked":["Negative_Energy_Shield","Bone_Spikes","Consume_Illness"],"picked":"SKIP","floor":5.0},{"not_picked":["Bone_Shift","Blood_Whip"],"picked":"Negative_Energy_Sphere","floor":6.0},{"not_picked":["Chill_Blood","Skeleton_Dragon","Shade_Step"],"picked":"SKIP","floor":9.0},{"not_picked":["Scare","Blood_Shield","Blood_Curse"],"picked":"SKIP","floor":10.0},{"not_picked":["Death_Knell","Toxic_Smoke_Screen","Bones_to_Steel"],"picked":"SKIP","floor":11.0},{"not_picked":["Scare","Strike_from_Beyond","Bone_Shift"],"picked":"SKIP","floor":12.0},{"not_picked":["Vampiric_Strike","Finger_Of_Death"],"picked":"Summon_Lich","floor":14.0},{"not_picked":["Pandemic","Bone_Shift"],"picked":"Negative_Energy_Javelin","floor":15.0},{"not_picked":["Consume_Illness","Chill_Blood","Finger_Of_Death"],"picked":"SKIP","floor":19.0},{"not_picked":["Epidemic","Shackles_Of_Pain","Negative_Energy_Sphere"],"picked":"SKIP","floor":20.0},{"not_picked":["Bones_to_Steel+1","Negative_Energy_Shield","Scare+1"],"picked":"SKIP","floor":21.0},{"not_picked":["Consume_Illness","Bone_Armor","Blood_Curse"],"picked":"SKIP","floor":22.0},{"not_picked":["Bone_Armor","Bones_to_Steel"],"picked":"Summon_Vampire_Lady","floor":23.0},{"not_picked":["Blood_Curse","Reap_The_Weak"],"picked":"Spectral_Armor","floor":25.0},{"not_picked":["Finger_Of_Death+1","Vampiric_Strike","Negative_Energy_Bomb"],"picked":"SKIP","floor":32.0},{"not_picked":["Bone_Bullets+1","Death_Coil","Runesmith:ChiselStab"],"picked":"Acid_Javelin","floor":33.0},{"not_picked":["Bones_to_Steel","Necrotic_Claws+1","Consume_Illness+1","Runesmith:CraftMagma"],"picked":"SKIP","floor":34.0},{"not_picked":["Blood_Shield","ReplayTheSpireMod:Strike From Hell+1","Scare+1","Corrupt+1","Runesmith:CraftMagma"],"picked":"SKIP","floor":38},{"not_picked":["Shrug It Off","Run Through","Twin Strike+1","Runesmith:Electrocute"],"picked":"Negative_Energy_Javelin+1","floor":39},{"not_picked":["Twin Strike","Power Through+1","Negative_Energy_Sphere","Runesmith:CraftMagma"],"picked":"Disarm+1","floor":42},{"not_picked":["Thousand_Bone_Knives","Bloodletting+1","Sentinel+1","Runesmith:StaticCage"],"picked":"Negative_Energy_Mist+1","floor":45},{"not_picked":["True Grit","Sword Boomerang+1","Iron Wave+1","Runesmith:MakeshiftArmor"],"picked":"Heavy Blade+1","floor":47},{"not_picked":["Negative_Energy_Burst","hubris:ReadiedAction","Necromantic_Selection","Perfected Strike","Runesmith:FieryHammer"],"picked":"SKIP","floor":48},{"not_picked":["Battle Trance","ReplayReversal+1","Body Slam+1","Runesmith:Repurpose"],"picked":"Negative_Energy_Sphere","floor":50},{"not_picked":["Thunderclap","Clash","Thousand_Bone_Knives+1","Twin Strike","Runesmith:CraftMagma"],"picked":"SKIP","floor":51}],"player_experience":619926,"relics_obtained":[{"floor":6.0,"key":"Replay:WaspNest"},{"floor":7.0,"key":"Pantograph"},{"floor":9.0,"key":"MawBank"},{"floor":11.0,"key":"PreservedInsect"},{"floor":25.0,"key":"infinitespire:EmpoweringShard"},{"floor":31.0,"key":"Mercury Hourglass"},{"floor":32.0,"key":"hubris:DisguiseKit"},{"floor":43,"key":"Omamori"},{"floor":47,"key":"HornCleat"},{"floor":50,"key":"hubris:Reverence"}],"event_choices":[{"damage_healed":0.0,"max_hp_gain":0.0,"max_hp_loss":0.0,"gold_gain":0.0,"event_name":"betterNote:BetterNote","player_choice":"Ignored","floor":26.0,"gold_loss":0.0,"damage_taken":0.0,"cards_obtained":["Defend_S"]}],"is_beta":false,"boss_relics":[{"not_picked":["Fusion Hammer","aspiration:SecretTechniqueScroll"],"picked":"Ring of Chaos"},{"not_picked":["hubris:TerracottaHorce","ReplayTheSpireMod:SealedPack"],"picked":"aspiration:IroncladSkillbook"}],"items_purged_floors":[41],"is_endless":false,"potions_floor_spawned":[2,5,6,9,12,16,23,25,32,34,35,38,45,48],"ascension_level":1}}