{"host":"vmjjgffn5jm19cfo","time":1609919732,"event":{"mods":["BaseMod","Minty Spire (QoL Compilation)","Shop Mod"],"gold_per_floor":[111,111,73,73,73,73,112,125,125,25,40,0,0,15,15,136,136,152,173,192,207,207,207,59,59,59,59,84,127,143,181,181,181,181],"floor_reached":33,"playtime":2015,"items_purged":[],"score":299,"play_id":"166b793a-c821-4958-9670-01bd50cc4748","local_time":"20210106155532","is_ascension_mode":true,"campfire_choices":[{"floor":6.0,"key":"REST"},{"floor":13.0,"key":"REST"},{"floor":15.0,"key":"REST"},{"floor":23.0,"key":"REST"},{"data":"Chrysalis","floor":25.0,"key":"SMITH"},{"data":"Double Energy","floor":27.0,"key":"SMITH"},{"floor":32.0,"key":"REST"}],"circlet_count":0,"master_deck":["Strike_B","Strike_B","Strike_B","Defend_B","Defend_B","Zap","Dualcast","Chrysalis+1","Sunder","Amplify","Tempest","Streamline+1","Biased Cognition","Leap","Double Energy+1","Biased Cognition","Recycle+1","Coolheaded+1","Beam Cell+1","Defragment","White Noise","Steam","Cold Snap+1","Sweeping Beam+1","Core Surge+1","Turbo","Glacier+1","Chill","Defragment","Lockon+1","Defragment+1","Double Energy"],"relics":["Cracked Core","Golden Idol","DataDisk","Molten Egg 2","Prayer Wheel","Astrolabe","Lee\u0027s Waffle","Omamori","CaptainsWheel","Vajra"],"acts_visited":["Exordium","TheCity"],"potions_floor_usage":[33],"damage_taken":[{"damage":5.0,"enemies":"2 Louse","floor":1.0,"turns":3.0},{"damage":48.0,"enemies":"3 Sentries","floor":7.0,"turns":7.0},{"damage":6.0,"enemies":"Jaw Worm","floor":8.0,"turns":3.0},{"damage":1.0,"enemies":"Small Slimes","floor":11.0,"turns":3.0},{"damage":6.0,"enemies":"Exordium Thugs","floor":14.0,"turns":3.0},{"damage":27.0,"enemies":"The Guardian","floor":16.0,"turns":9.0},{"damage":31.0,"enemies":"2 Thieves","floor":18.0,"turns":3.0},{"damage":0.0,"enemies":"Chosen","floor":19.0,"turns":4.0},{"damage":14.0,"enemies":"Sentry and Sphere","floor":20.0,"turns":5.0},{"damage":25.0,"enemies":"Cultist and Chosen","floor":21.0,"turns":5.0},{"damage":3.0,"enemies":"Centurion and Healer","floor":28.0,"turns":5.0},{"damage":25.0,"enemies":"Book of Stabbing","floor":29.0,"turns":4.0},{"damage":0.0,"enemies":"3 Cultists","floor":30.0,"turns":5.0},{"damage":18.0,"enemies":"Slavers","floor":31.0,"turns":4.0},{"damage":73,"enemies":"Collector","floor":33,"turns":7}],"seed_played":"4520827641106686329","potions_obtained":[{"floor":1.0,"key":"SpeedPotion"},{"floor":8.0,"key":"SteroidPotion"},{"floor":19.0,"key":"LiquidBronze"},{"floor":20.0,"key":"PotionOfCapacity"},{"floor":21.0,"key":"LiquidBronze"},{"floor":30.0,"key":"Swift Potion"}],"is_trial":false,"path_per_floor":["M","?","$","?","T","R","E","M","T","$","M","?","R","M","R","B",null,"M","M","M","M","?","R","$","R","T","R","M","E","M","E","R","B"],"character_chosen":"DEFECT","items_purchased":["Sunder","Block Potion","Dexterity Potion","Lee\u0027s Waffle"],"campfire_rested":5,"item_purchase_floors":[3,10,10,24],"current_hp_per_floor":[49,31,31,36,36,60,12,6,6,6,5,5,29,23,47,20,80,49,49,35,10,10,34,87,87,87,87,84,59,59,41,67,0,0],"gold":181,"neow_bonus":"RANDOM_COLORLESS_2","is_daily":false,"chose_seed":false,"campfire_upgraded":2,"win_rate":0.0,"timestamp":1609919732,"path_taken":["M","?","$","?","?","R","E","M","T","?","M","?","R","?","R","BOSS","M","M","M","?","?","R","$","R","T","R","M","E","M","E","R","BOSS"],"items_purchased_type":["Card","Potion","Potion","Relic"],"build_version":"2020-12-22","purchased_purges":0,"victory":false,"max_hp_per_floor":[75,75,75,80,80,80,80,80,80,80,80,80,80,80,80,80,80,80,80,80,80,80,80,87,87,87,87,87,87,87,87,87,87,87],"card_choices":[{"not_picked":["Mayhem","The Bomb"],"picked":"Chrysalis","floor":0.0},{"not_picked":["Barrage","Redo","Stack"],"picked":"SKIP","floor":1.0},{"not_picked":["Reinforced Body","Stack"],"picked":"Amplify","floor":7.0},{"not_picked":["Sweeping Beam+1","Compile Driver+1"],"picked":"Tempest","floor":8.0},{"not_picked":["Aggregate","Coolheaded"],"picked":"Streamline+1","floor":11.0},{"not_picked":["Steam","Double Energy"],"picked":"Biased Cognition","floor":11.0},{"not_picked":["Coolheaded","Recycle"],"picked":"Leap","floor":14.0},{"not_picked":["Beam Cell+1","Ball Lightning+1"],"picked":"Double Energy","floor":14.0},{"not_picked":["Buffer","Seek"],"picked":"Biased Cognition","floor":16.0},{"not_picked":["Leap","Stack"],"picked":"Defragment","floor":18.0},{"not_picked":["Gash+1","Go for the Eyes+1"],"picked":"White Noise","floor":18.0},{"not_picked":["Hologram","Coolheaded"],"picked":"Steam","floor":19.0},{"not_picked":["Leap","Stack"],"picked":"Cold Snap+1","floor":19.0},{"not_picked":["Conserve Battery","Beam Cell+1"],"picked":"Sweeping Beam+1","floor":20.0},{"not_picked":["Conserve Battery","Redo+1"],"picked":"Core Surge+1","floor":20.0},{"not_picked":["Glacier","Sweeping Beam+1"],"picked":"Turbo","floor":21.0},{"not_picked":["Recycle","Beam Cell+1"],"picked":"Glacier+1","floor":21.0},{"not_picked":["Sweeping Beam+1","Rebound+1"],"picked":"Chill","floor":28.0},{"not_picked":["Compile Driver+1","Stack"],"picked":"Defragment","floor":28.0},{"not_picked":["Gash+1","Steam"],"picked":"Lockon+1","floor":29.0},{"not_picked":["Sweeping Beam+1","Fusion"],"picked":"Defragment+1","floor":30.0},{"not_picked":["Loop","Coolheaded+1","Darkness"],"picked":"SKIP","floor":30.0},{"not_picked":["Streamline+1","Conserve Battery"],"picked":"Double Energy","floor":31.0}],"player_experience":311190,"relics_obtained":[{"floor":5.0,"key":"DataDisk"},{"floor":7.0,"key":"Molten Egg 2"},{"floor":9.0,"key":"Prayer Wheel"},{"floor":26.0,"key":"Omamori"},{"floor":29.0,"key":"CaptainsWheel"},{"floor":31.0,"key":"Vajra"}],"event_choices":[{"damage_healed":0.0,"max_hp_gain":0.0,"max_hp_loss":0.0,"gold_gain":0.0,"event_name":"Golden Idol","player_choice":"Take Damage","floor":2.0,"gold_loss":0.0,"damage_taken":18.0,"relics_obtained":["Golden Idol"]},{"damage_healed":0.0,"max_hp_gain":5.0,"max_hp_loss":0.0,"gold_gain":0.0,"event_name":"Big Fish","player_choice":"Donut","floor":4.0,"gold_loss":0.0,"damage_taken":0.0},{"damage_healed":0.0,"max_hp_gain":0.0,"max_hp_loss":0.0,"gold_gain":0.0,"event_name":"World of Goop","player_choice":"Left Gold","floor":12.0,"gold_loss":40.0,"damage_taken":0.0},{"damage_healed":0.0,"max_hp_gain":0.0,"max_hp_loss":0.0,"gold_gain":0.0,"event_name":"Ghosts","player_choice":"Ignored","floor":22.0,"gold_loss":0.0,"damage_taken":0.0}],"is_beta":false,"boss_relics":[{"not_picked":["Runic Pyramid","Black Star"],"picked":"Astrolabe"}],"items_purged_floors":[],"is_endless":false,"potions_floor_spawned":[1,8,19,20,21,30],"killed_by":"Collector","ascension_level":1}}