{"host":"9v3x998ddbx8o276","time":1609928474,"event":{"mods":["AchievementEnabler","BaseMod","Colored Map","Colored Powertips","Highlight Path","Minty Spire (QoL Compilation)","Quick Restart","Rare Cards Sparkle"],"gold_per_floor":[109,119,4,4,22,22,55,55,55,55,79,79,98,122,122,122,122],"floor_reached":16,"playtime":511,"items_purged":[],"score":204,"play_id":"96b75e01-e25e-4037-b2dd-ef53a757eddf","local_time":"20210106205114","is_ascension_mode":true,"campfire_choices":[{"data":"Barrage","floor":6,"key":"SMITH"},{"floor":10,"key":"REST"},{"floor":12,"key":"REST"},{"floor":15,"key":"REST"}],"circlet_count":0,"master_deck":["AscendersBane","Strike_B","Strike_B","Strike_B+1","Strike_B","Defend_B+1","Defend_B","Defend_B","Defend_B","Zap","Dualcast","Cold Snap","Gash","Barrage+1","Glacier","Loop","Sweeping Beam","Cold Snap","Gash"],"relics":["Cracked Core","Golden Idol","Kunai","Letter Opener"],"acts_visited":["Exordium"],"potions_floor_usage":[7,16],"damage_taken":[{"damage":4,"enemies":"Jaw Worm","floor":1,"turns":4},{"damage":2,"enemies":"Small Slimes","floor":2,"turns":4},{"damage":11,"enemies":"2 Louse","floor":5,"turns":3},{"damage":29,"enemies":"Gremlin Nob","floor":7,"turns":4},{"damage":7,"enemies":"Red Slaver","floor":11,"turns":4},{"damage":7,"enemies":"Exordium Wildlife","floor":13,"turns":3},{"damage":10,"enemies":"Lots of Slimes","floor":14,"turns":4},{"damage":45,"enemies":"Hexaghost","floor":16,"turns":9}],"seed_played":"5432356776151709575","potions_obtained":[{"floor":1,"key":"ColorlessPotion"},{"floor":7,"key":"ColorlessPotion"},{"floor":11,"key":"PowerPotion"}],"is_trial":false,"path_per_floor":["M","M","$","?","M","R","E","?","T","R","M","R","M","M","R","B"],"character_chosen":"DEFECT","items_purchased":["DuplicationPotion","Barrage"],"campfire_rested":3,"item_purchase_floors":[3,3],"current_hp_per_floor":[67,65,65,65,54,54,25,4,4,25,18,39,32,22,43,0,0],"gold":122,"neow_bonus":"TEN_PERCENT_HP_BONUS","is_daily":false,"chose_seed":false,"campfire_upgraded":1,"win_rate":0.0,"timestamp":1609928474,"path_taken":["M","M","$","?","M","R","E","?","T","R","M","R","M","M","R","BOSS"],"items_purchased_type":["Potion","Card"],"build_version":"2020-12-22","purchased_purges":0,"victory":false,"max_hp_per_floor":[78,78,78,71,71,71,71,71,71,71,71,71,71,71,71,71,71],"card_choices":[{"not_picked":["Conserve Battery","Barrage"],"picked":"Cold Snap","floor":1},{"not_picked":["Redo","Capacitor"],"picked":"Gash","floor":2},{"not_picked":["Beam Cell","Streamline"],"picked":"Glacier","floor":5},{"not_picked":["Streamline","Leap"],"picked":"Loop","floor":7},{"not_picked":["Chill","Conserve Battery"],"picked":"Sweeping Beam","floor":11},{"not_picked":["Sweeping Beam","Double Energy"],"picked":"Cold Snap","floor":13},{"not_picked":["Reboot","Genetic Algorithm"],"picked":"Gash","floor":14}],"player_experience":2089496,"relics_obtained":[{"floor":7,"key":"Kunai"},{"floor":9,"key":"Letter Opener"}],"event_choices":[{"damage_healed":0,"gold_gain":0,"player_choice":"Lose Max HP","damage_taken":0,"relics_obtained":["Golden Idol"],"max_hp_gain":0,"max_hp_loss":7,"event_name":"Golden Idol","floor":4,"gold_loss":0},{"damage_healed":0,"gold_gain":0,"player_choice":"Entered Light","damage_taken":21,"max_hp_gain":0,"max_hp_loss":0,"event_name":"Shining Light","floor":8,"gold_loss":0,"cards_upgraded":["Strike_B","Defend_B"]}],"is_beta":false,"boss_relics":[],"items_purged_floors":[],"is_endless":false,"potions_floor_spawned":[1,7,11,13],"killed_by":"Hexaghost","ascension_level":20}}