{"host":"gfr9dk7hxbf4u708","time":1609965192,"event":{"mods":["AchievementEnabler","BaseMod","Better Third Choice","Colored Map","Downfall","Googly Eyes","Hermit","Hubris","Infinite Spire","Minty Spire (QoL Compilation)","Permanent Neow","Quick Restart","Random Character Button","Replay The Spire","StSLib","The Bug Knight","The Factory","The Hierophant","The Jungle","The Runesmith"],"gold_per_floor":[113,40,54,54,72,107,107,139,139,139,150,165,165,181,181,277,277,292,306,319,334,259,285,285,305,376,389,416,102,128,145,145,248,248,267,321,621,632,682,709,723,749,749,774,774,72,90,100,100,100],"floor_reached":51,"playtime":4729,"items_purged":["Strike_G","Strike_G"],"score":998,"play_id":"06dd5cbc-8842-45b4-b227-b81526501688","local_time":"20210106223312","is_ascension_mode":true,"campfire_choices":[{"data":"Storm of Steel","floor":7,"key":"SMITH"},{"data":"ReplayTheSpireMod:Scrap Shanks","floor":10,"key":"SMITH"},{"data":"Choke","floor":15,"key":"SMITH"},{"floor":24,"key":"REST"},{"data":"Envenom","floor":32,"key":"SMITH"},{"floor":49,"key":"REST"}],"circlet_count":0,"master_deck":["Strike_G","Defend_G","Defend_G","Defend_G","Defend_G","Defend_G","Survivor","Neutralize","Storm of Steel+1","PiercingWail","ReplayTheSpireMod:Scrap Shanks+1","Dodge and Roll","Reflex","Blade Dance","Choke+1","Envenom+1","Blade Dance+1","Hidden Blade","Leg Sweep","Tools of the Trade","Cloak And Dagger","Dagger Throw","Infinite Blades+1","Unload","ReplayTheSpireMod:Speed Training+1","Calculated Gamble+1","Acrobatics+1","After Image","Adrenaline"],"relics":["Ring of the Snake","infinitespire:WardingShard","hubris:MedicalManual","MealTicket","Iron Hammer","ChewingGum","Incense Burner","Replay:Accelerometer","Bottled Lightning","Du-Vu Doll","Cursed Key","Replay:Kaleidoscope","hubris:CuriousFeather","Replay:Wax Seal","infinitespire:Beetle Shell","FossilizedHelix","The Specimen","hubris:PeanutButter"],"acts_visited":["Exordium","TheCity","TheBeyond"],"potions_floor_usage":[8,8,16,25,33,33,40,42,47,50,50,50],"damage_taken":[{"damage":2,"enemies":"Cultist","floor":1,"turns":4},{"damage":6,"enemies":"Small Slimes","floor":3,"turns":2},{"damage":6,"enemies":"infinitespire:Voidling","floor":5,"turns":4},{"damage":19,"enemies":"HollowMod:MossKnight","floor":6,"turns":16},{"damage":36,"enemies":"Lagavulin","floor":8,"turns":12},{"damage":0,"enemies":"Exordium Thugs","floor":11,"turns":5},{"damage":0,"enemies":"Looter","floor":12,"turns":1},{"damage":0,"enemies":"3 Louse","floor":14,"turns":2},{"damage":15,"enemies":"Hexaghost","floor":16,"turns":11},{"damage":0,"enemies":"Chosen","floor":18,"turns":3},{"damage":6,"enemies":"Shelled Parasite and Fungi","floor":19,"turns":3},{"damage":6,"enemies":"Snake Plant","floor":20,"turns":4},{"damage":29,"enemies":"Snecko","floor":21,"turns":4},{"damage":11,"enemies":"Replay:Snechameleon","floor":23,"turns":8},{"damage":11,"enemies":"Centurion and Healer","floor":25,"turns":4},{"damage":0,"enemies":"Shelled Parasite and Fungi","floor":27,"turns":2},{"damage":15,"enemies":"HollowMod:Nosk","floor":28,"turns":6},{"damage":2,"enemies":"Book of Stabbing","floor":30,"turns":5},{"damage":9,"enemies":"Snecko","floor":31,"turns":4},{"damage":16,"enemies":"hubris:MusketHawk","floor":33,"turns":5},{"damage":0,"enemies":"3 Shapes","floor":35,"turns":7},{"damage":24,"enemies":"2 Orb Walkers","floor":36,"turns":5},{"damage":2,"enemies":"Orb Walker","floor":38,"turns":2},{"damage":0,"enemies":"Mind Bloom Boss Battle","floor":39,"turns":5},{"damage":3,"enemies":"Reptomancer","floor":40,"turns":5},{"damage":3,"enemies":"Writhing Mass","floor":41,"turns":6},{"damage":14,"enemies":"Giant Head","floor":42,"turns":6},{"damage":0,"enemies":"Nemesis","floor":44,"turns":5},{"damage":0,"enemies":"Maw","floor":47,"turns":3},{"damage":0,"enemies":"3 Darklings","floor":48,"turns":3},{"damage":34,"enemies":"hubris:GrandSnecko","floor":50,"turns":5}],"seed_played":"7737597612903958794","potions_obtained":[{"floor":5,"key":"Regen Potion"},{"floor":6,"key":"Weak Potion"},{"floor":11,"key":"PowerPotion"},{"floor":12,"key":"Regen Potion"},{"floor":16,"key":"PowerPotion"},{"floor":18,"key":"SkillPotion"},{"floor":25,"key":"champ:CounterPotion"},{"floor":36,"key":"SkillPotion"},{"floor":38,"key":"DistilledChaos"},{"floor":39,"key":"Regen Potion"},{"floor":40,"key":"Venom Potion"},{"floor":44,"key":"Poison Potion"},{"floor":47,"key":"SteroidPotion"}],"is_trial":false,"path_per_floor":["M","$","M","?","M","E","R","E","T","R","M","M","T","M","R","B",null,"M","M","M","M","?","E","R","M","T","M","E","$","E","M","R","B",null,"M","?","?","M","?","E","M","E","T","E","?","$","M","M","R","B",null],"character_chosen":"THE_SILENT","items_purchased":["ReplayTheSpireMod:Scrap Shanks","Bottled Lightning","After Image","Swift Potion","hubris:PeanutButter","Adrenaline"],"campfire_rested":2,"item_purchase_floors":[2,29,46,46,46,46],"current_hp_per_floor":[68,68,62,62,56,37,37,16,16,16,16,16,16,16,16,1,70,70,64,58,29,29,18,39,37,37,37,22,37,35,26,26,10,70,70,46,46,44,44,41,38,24,24,24,24,39,48,48,69,35],"gold":100,"neow_bonus":"ONE_RANDOM_RARE_CARD","is_daily":false,"chose_seed":false,"campfire_upgraded":4,"win_rate":0.0,"timestamp":1609965192,"path_taken":["M","?","M","?","?","E","R","E","T","R","M","M","?","M","R","BOSS","M","?","M","M","?","E","R","M","T","M","E","$","E","M","R","BOSS","M","?","?","?","?","E","M","E","T","E","?","$","?","M","R","BOSS"],"items_purchased_type":["Card","Relic","Card","Potion","Relic","Card"],"build_version":"2020-12-22","purchased_purges":2,"victory":true,"max_hp_per_floor":[70,70,70,70,70,70,70,70,70,70,70,70,70,70,70,70,70,70,70,70,70,70,70,70,70,70,70,70,70,70,70,70,70,70,70,70,70,70,70,70,70,70,70,70,70,70,70,70,70,70],"card_choices":[{"not_picked":["Sneak Up","Dagger Throw"],"picked":"PiercingWail","floor":1},{"not_picked":["Poisoned Stab","Prepared"],"picked":"Dodge and Roll","floor":3},{"not_picked":["Bane","Flying Knee","Prepared"],"picked":"SKIP","floor":5},{"not_picked":["Prepared","Escape Plan"],"picked":"Blade Dance","floor":6},{"not_picked":["ReplayTheSpireMod:Necrosis","Poisoned Stab","hubris:SlightOfHand"],"picked":"SKIP","floor":8},{"not_picked":["Replay:Poison Smokescreen","Underhanded Strike","Outmaneuver"],"picked":"SKIP","floor":11},{"not_picked":["Dagger Throw","Flechettes"],"picked":"Choke","floor":12},{"not_picked":["Flying Knee","Blade Dance","Dodge and Roll"],"picked":"SKIP","floor":14},{"not_picked":["Atom Bomb","Grand Finale"],"picked":"Envenom","floor":16},{"not_picked":["Slice","Fluid Movement"],"picked":"Blade Dance+1","floor":18},{"not_picked":["Reflex+1","Endless Agony"],"picked":"Hidden Blade","floor":19},{"not_picked":["Prepared","Dodge and Roll","hubris:SlightOfHand"],"picked":"SKIP","floor":20},{"not_picked":["Dagger Spray","Quick Slash+1"],"picked":"Leg Sweep","floor":21},{"not_picked":["Concentrate+1","ReplayTheSpireMod:Shiv Toss+1"],"picked":"Tools of the Trade","floor":23},{"not_picked":["Backflip+1","Prepared+1"],"picked":"Cloak And Dagger","floor":25},{"not_picked":["Sucker Punch","Prepared+1"],"picked":"Dagger Throw","floor":27},{"not_picked":["Slice","Cloak And Dagger"],"picked":"Infinite Blades+1","floor":28},{"not_picked":["hubris:SlightOfHand","ReplayTheSpireMod:From All Sides","ReplayTheSpireMod:Exploit Weakness"],"picked":"SKIP","floor":30},{"not_picked":["Cloak And Dagger","Slice","Deflect"],"picked":"SKIP","floor":31},{"not_picked":["Burst","Doppelganger"],"picked":"Unload","floor":33},{"not_picked":["Flying Knee+1","PiercingWail+1"],"picked":"ReplayTheSpireMod:Speed Training+1","floor":35},{"not_picked":["Flying Knee","Endless Agony","Choke"],"picked":"SKIP","floor":38},{"not_picked":["ReplayTheSpireMod:Shiv Toss+1","Catalyst+1","Heel Hook"],"picked":"SKIP","floor":40},{"not_picked":["Choke","Dodge and Roll"],"picked":"Calculated Gamble+1","floor":41},{"not_picked":["Deadly Poison+1","hubris:TrickCloak+1","Flying Knee"],"picked":"SKIP","floor":42},{"not_picked":["Crippling Poison+1","Dagger Throw+1"],"picked":"Acrobatics+1","floor":44},{"not_picked":["Sucker Punch","Prepared+1","Cloak And Dagger"],"picked":"SKIP","floor":47},{"not_picked":["Envenom","ReplayTheSpireMod:Tripwire","Flying Knee+1"],"picked":"SKIP","floor":48}],"player_experience":308427,"relics_obtained":[{"floor":6,"key":"infinitespire:WardingShard"},{"floor":8,"key":"hubris:MedicalManual"},{"floor":9,"key":"MealTicket"},{"floor":13,"key":"Iron Hammer"},{"floor":23,"key":"Incense Burner"},{"floor":28,"key":"Replay:Accelerometer"},{"floor":30,"key":"Du-Vu Doll"},{"floor":36,"key":"Replay:Kaleidoscope"},{"floor":39,"key":"hubris:CuriousFeather"},{"floor":40,"key":"Replay:Wax Seal"},{"floor":42,"key":"infinitespire:Beetle Shell"},{"floor":43,"key":"FossilizedHelix"},{"floor":44,"key":"The Specimen"}],"event_choices":[{"damage_healed":0,"gold_gain":0,"cards_transformed":["Strike_G"],"player_choice":"Transformed","damage_taken":0,"max_hp_gain":0,"max_hp_loss":0,"event_name":"Transmorgrifier","floor":4,"gold_loss":0,"cards_obtained":["Reflex"]},{"cards_removed":["Strike_G"],"damage_healed":0,"gold_gain":0,"player_choice":"Gave Gold","damage_taken":0,"max_hp_gain":0,"max_hp_loss":0,"event_name":"Beggar","floor":22,"gold_loss":75},{"damage_healed":0,"gold_gain":0,"player_choice":"Fight","damage_taken":0,"max_hp_gain":0,"max_hp_loss":0,"event_name":"Mysterious Sphere","floor":36,"gold_loss":0},{"damage_healed":0,"gold_gain":300,"player_choice":"Gold","damage_taken":0,"max_hp_gain":0,"max_hp_loss":0,"event_name":"Wheel of Change","floor":37,"gold_loss":0},{"damage_healed":0,"gold_gain":0,"player_choice":"Fight","damage_taken":0,"max_hp_gain":0,"max_hp_loss":0,"event_name":"MindBloom","floor":39,"gold_loss":0},{"cards_removed":["Pain"],"damage_healed":0,"gold_gain":0,"player_choice":"Removed Curses","damage_taken":0,"max_hp_gain":0,"max_hp_loss":0,"event_name":"Fountain of Cleansing","floor":45,"gold_loss":0}],"is_beta":false,"boss_relics":[{"not_picked":["hubris:TerracottaHorce","Snecko Eye"],"picked":"ChewingGum"},{"not_picked":["Tiny House","Replay:Ancient Bell"],"picked":"Cursed Key"}],"items_purged_floors":[29,46],"is_endless":false,"potions_floor_spawned":[5,6,11,12,16,18,20,25,30,36,38,39,40,44,47],"ascension_level":4}}