{"host":"j4g6ia6asvpyu2b0","time":1609891967,"event":{"mods":["BaseMod","Colored Map","Minty Spire (QoL Compilation)","Permanent Neow","Quick Restart","Relic Stats","StSLib","Unceasing Turn Reminder"],"gold_per_floor":[365,315,315,69,69,96,96,116,140,168,181,213,229,257,257,257,257],"floor_reached":16,"playtime":342,"items_purged":[],"score":166,"play_id":"3bf07ccb-c941-45d5-9530-ef1cf8ab1c6a","local_time":"20210105171247","is_ascension_mode":true,"campfire_choices":[{"data":"Armaments","floor":7,"key":"SMITH"},{"data":"Bash","floor":15,"key":"SMITH"}],"circlet_count":0,"master_deck":["Strike_R","Strike_R","Strike_R","Strike_R","Defend_R","Defend_R","Bash+1","Armaments+1","Metallicize","Shrug It Off","Rage","Cleave","Iron Wave","Dropkick"],"relics":["Burning Blood","Paper Frog","Toy Ornithopter","Blood Vial","Bottled Tornado","Juzu Bracelet","Letter Opener"],"acts_visited":["Exordium"],"potions_floor_usage":[10,12,14],"damage_taken":[{"damage":3,"enemies":"2 Louse","floor":1,"turns":4},{"damage":32,"enemies":"Gremlin Nob","floor":6,"turns":4},{"damage":0,"enemies":"Small Slimes","floor":8,"turns":3},{"damage":11,"enemies":"Lagavulin","floor":10,"turns":7},{"damage":1,"enemies":"Cultist","floor":11,"turns":4},{"damage":21,"enemies":"Gremlin Nob","floor":12,"turns":5},{"damage":1,"enemies":"Looter","floor":13,"turns":2},{"damage":2,"enemies":"3 Sentries","floor":14,"turns":5},{"damage":10,"enemies":"Hexaghost","floor":16,"turns":4}],"seed_played":"2506790864812503098","potions_obtained":[{"floor":6,"key":"EssenceOfSteel"},{"floor":8,"key":"Energy Potion"},{"floor":12,"key":"Explosive Potion"},{"floor":13,"key":"Dexterity Potion"}],"is_trial":false,"path_per_floor":["M","?","?","$","?","E","R","M","T","E","M","E","M","E","R","B"],"character_chosen":"IRONCLAD","items_purchased":["Paper Frog"],"campfire_rested":0,"item_purchase_floors":[4],"current_hp_per_floor":[72,72,65,65,65,39,39,45,45,47,54,46,53,64,64,56,56],"gold":257,"neow_bonus":"TWO_FIFTY_GOLD","is_daily":false,"chose_seed":false,"campfire_upgraded":2,"win_rate":0.0,"timestamp":1609891967,"path_taken":["M","?","?","$","?","E","R","M","T","E","M","E","M","E","R","BOSS"],"items_purchased_type":["Relic"],"build_version":"2020-12-22","purchased_purges":0,"victory":false,"max_hp_per_floor":[72,72,72,72,72,72,72,72,72,72,72,72,72,72,72,72,72],"relic_stats":{"Blood Vial":12,"counters":[9,38],"Juzu Bracelet":0,"Letter Opener":[5],"obtain_stats":[{"Blood Vial":9,"Juzu Bracelet":12,"Letter Opener":14,"Bottled Tornado":10,"Burning Blood":0,"Toy Ornithopter":6,"Paper Frog":4},{"Blood Vial":3,"Juzu Bracelet":6,"Letter Opener":8,"Bottled Tornado":4,"Burning Blood":0,"Toy Ornithopter":2,"Paper Frog":1},{"Blood Vial":11,"Juzu Bracelet":27,"Letter Opener":34,"Bottled Tornado":18,"Burning Blood":0,"Toy Ornithopter":8,"Paper Frog":4}],"Burning Blood":45,"Toy Ornithopter":15},"card_choices":[{"not_picked":["Warcry","Havoc"],"picked":"Armaments","floor":1},{"not_picked":["Sentinel","Bloodletting"],"picked":"Metallicize","floor":6},{"not_picked":["Heavy Blade","Fire Breathing","Sentinel"],"picked":"SKIP","floor":8},{"not_picked":["Bloodletting","Infernal Blade"],"picked":"Shrug It Off","floor":10},{"not_picked":["Iron Wave","Cleave"],"picked":"Rage","floor":11},{"not_picked":["Twin Strike","Heavy Blade"],"picked":"Cleave","floor":12},{"not_picked":["Havoc","Dark Embrace"],"picked":"Iron Wave","floor":13},{"not_picked":["Brutality","Heavy Blade"],"picked":"Dropkick","floor":14}],"player_experience":723902,"relics_obtained":[{"floor":6,"key":"Toy Ornithopter"},{"floor":9,"key":"Blood Vial"},{"floor":10,"key":"Bottled Tornado"},{"floor":12,"key":"Juzu Bracelet"},{"floor":14,"key":"Letter Opener"}],"event_choices":[{"cards_removed":["Defend_R"],"damage_healed":0,"gold_gain":0,"player_choice":"Card Removal","damage_taken":0,"max_hp_gain":0,"max_hp_loss":0,"event_name":"The Cleric","floor":2,"gold_loss":50},{"cards_removed":["Strike_R"],"damage_healed":0,"gold_gain":0,"player_choice":"Card Removal","damage_taken":7,"max_hp_gain":0,"max_hp_loss":0,"event_name":"Golden Wing","floor":3,"gold_loss":0},{"cards_removed":["Defend_R"],"damage_healed":0,"gold_gain":0,"player_choice":"Purged","damage_taken":0,"max_hp_gain":0,"max_hp_loss":0,"event_name":"Purifier","floor":5,"gold_loss":0}],"is_beta":false,"boss_relics":[],"items_purged_floors":[],"is_endless":false,"potions_floor_spawned":[6,8,12,13],"killed_by":"Hexaghost","ascension_level":6}}