{"host":"7qf1todfnxspvw7w","time":1609952697,"event":{"mods":["AchievementEnabler","BaseMod","Block Reminder","Colored Powertips","Disable Question Mark Monsters","Displayed Cursed Tome","Googly Eyes","Minty Spire (QoL Compilation)","Rare Cards Sparkle","Relic Stats","Reorder Act Four","SacredBarkPlus","StSLib","Uncapped"],"gold_per_floor":[113,113,113,113,126,170,95,95,95,128,147,166,166,23,23,23,23],"floor_reached":16,"playtime":1322,"items_purged":["Strike_P"],"score":146,"play_id":"bb8ac9c5-7c7a-4ba6-898d-41c1c07de065","local_time":"20210106200457","is_ascension_mode":true,"campfire_choices":[{"data":"ThirdEye","floor":8,"key":"SMITH"},{"floor":13,"key":"REST"},{"floor":15,"key":"REST"}],"circlet_count":0,"master_deck":["Strike_P","Strike_P","Strike_P","Defend_P","Defend_P","Defend_P","Defend_P","Eruption+1","Vigilance","ThirdEye+1","LikeWater","Crescendo","EmptyBody","FlyingSleeves","Judgement","PathToVictory"],"relics":["PureWater","NeowsBlessing","Golden Idol","Dream Catcher","Pear","Centennial Puzzle"],"acts_visited":["Exordium"],"potions_floor_usage":[16,16,16,16,16],"damage_taken":[{"damage":0,"enemies":"Jaw Worm","floor":1,"turns":1},{"damage":0,"enemies":"Cultist","floor":5,"turns":1},{"damage":0,"enemies":"Gremlin Nob","floor":6,"turns":1},{"damage":24,"enemies":"3 Sentries","floor":10,"turns":16},{"damage":7,"enemies":"2 Louse","floor":11,"turns":3},{"damage":16,"enemies":"2 Fungi Beasts","floor":12,"turns":5},{"damage":78,"enemies":"Hexaghost","floor":16,"turns":14}],"seed_played":"3424982536561979642","potions_obtained":[{"floor":3,"key":"BottledMiracle"},{"floor":3,"key":"EntropicBrew"},{"floor":3,"key":"BottledMiracle"}],"is_trial":false,"path_per_floor":["M","?","?","?","M","E","$","R","T","E","M","M","R","$","R","B"],"character_chosen":"WATCHER","items_purchased":["Judgement"],"campfire_rested":2,"item_purchase_floors":[14],"current_hp_per_floor":[72,54,54,54,54,54,54,54,64,40,33,17,41,41,65,0,0],"gold":23,"neow_bonus":"THREE_ENEMY_KILL","is_daily":false,"chose_seed":false,"campfire_upgraded":1,"win_rate":0.0,"timestamp":1609952697,"path_taken":["M","?","?","?","M","E","$","R","T","E","M","M","R","?","R","BOSS"],"items_purchased_type":["Card"],"build_version":"2020-12-22","purchased_purges":1,"victory":false,"max_hp_per_floor":[72,72,72,72,72,72,72,72,82,82,82,82,82,82,82,82,82],"relic_stats":{"Dream Catcher":2,"Centennial Puzzle":[9],"counters":[7,41],"Golden Idol":27,"obtain_stats":[{"Dream Catcher":6,"Centennial Puzzle":10,"Pear":9,"NeowsBlessing":0,"Golden Idol":2,"PureWater":0},{"Dream Catcher":3,"Centennial Puzzle":4,"Pear":3,"NeowsBlessing":0,"Golden Idol":1,"PureWater":0},{"Dream Catcher":3,"Centennial Puzzle":19,"Pear":3,"NeowsBlessing":0,"Golden Idol":1,"PureWater":0}]},"card_choices":[{"not_picked":["BowlingBash","CrushJoints"],"picked":"ThirdEye","floor":1},{"not_picked":["Prostrate","Pray"],"picked":"LikeWater","floor":5},{"not_picked":["Prostrate","FlyingSleeves"],"picked":"Crescendo","floor":6},{"not_picked":["EmptyBody","FlurryOfBlows","Perseverance"],"picked":"SKIP","floor":10},{"not_picked":["FlurryOfBlows","Perseverance"],"picked":"EmptyBody","floor":10},{"not_picked":["Study","EmptyBody","Evaluate"],"picked":"SKIP","floor":11},{"not_picked":["DeceiveReality","DeusExMachina"],"picked":"FlyingSleeves","floor":12},{"not_picked":["JustLucky","Weave"],"picked":"PathToVictory","floor":15}],"player_experience":481043,"relics_obtained":[{"floor":6,"key":"Dream Catcher"},{"floor":9,"key":"Pear"},{"floor":10,"key":"Centennial Puzzle"}],"event_choices":[{"damage_healed":0,"gold_gain":0,"player_choice":"Take Damage","damage_taken":18,"relics_obtained":["Golden Idol"],"max_hp_gain":0,"max_hp_loss":0,"event_name":"Golden Idol","floor":2,"gold_loss":0},{"damage_healed":0,"gold_gain":0,"player_choice":"Got Potions","damage_taken":0,"max_hp_gain":0,"max_hp_loss":0,"event_name":"Lab","floor":3,"gold_loss":0},{"damage_healed":0,"gold_gain":0,"player_choice":"Upgraded","damage_taken":0,"max_hp_gain":0,"max_hp_loss":0,"event_name":"Upgrade Shrine","floor":4,"gold_loss":0,"cards_upgraded":["Eruption"]}],"is_beta":false,"boss_relics":[],"items_purged_floors":[7],"is_endless":false,"potions_floor_spawned":[6,10,12],"killed_by":"Hexaghost","ascension_level":2}}