{"host":"1eo5f82aifdzd7pr","time":1609893951,"event":{"mods":["AchievementEnabler","BaseMod","Colored Map","Colored Powertips","DeckTracker","Marisa????????","Minty Spire (QoL Compilation)","StSLib","SuperFastMode"],"gold_per_floor":[110,110,110,129,129,129,149,149,149,164,164,175,186,200,200,298,298,313,313,332,344,358,389,389,389,389,389,400,400,500,159,159,255,255,269,282,118,0,0,0,20,20,47,3,31,50,50,70,70,70],"floor_reached":51,"playtime":2507,"items_purged":["Strike_R","Defend_R"],"score":759,"play_id":"995e4f2f-db73-4f97-9319-d118ab6f7d6d","local_time":"20210106024551","is_ascension_mode":false,"campfire_choices":[{"data":"Feed","floor":6.0,"key":"SMITH"},{"data":"Bash","floor":11.0,"key":"SMITH"},{"data":"Disarm","floor":15.0,"key":"SMITH"},{"floor":24.0,"key":"REST"},{"data":"Demon Form","floor":27,"key":"SMITH"},{"data":"Metallicize","floor":29,"key":"SMITH"},{"floor":32,"key":"REST"},{"data":"Shrug It Off","floor":40,"key":"SMITH"},{"data":"Seeing Red","floor":42,"key":"SMITH"},{"floor":47,"key":"REST"},{"data":"Shrug It Off","floor":49,"key":"SMITH"}],"circlet_count":0,"master_deck":["Strike_R","Strike_R","Bash+1","Feed+1","Disarm+1","Shrug It Off+1","Metallicize+1","Inflame","Demon Form+1","Shrug It Off+1","Battle Trance","Seeing Red+1","Flash of Steel"],"relics":["Burning Blood","Singing Bowl","Bottled Flame","Sozu","Potion Belt","Bottled Lightning","Membership Card","Ice Cream","SlaversCollar","Strawberry","Red Mask","MealTicket","Pen Nib"],"acts_visited":["Exordium","TheCity","TheBeyond"],"potions_floor_usage":[25],"damage_taken":[{"damage":13.0,"enemies":"Cultist","floor":1.0,"turns":6.0},{"damage":0.0,"enemies":"2 Louse","floor":4.0,"turns":3.0},{"damage":4.0,"enemies":"Jaw Worm","floor":7.0,"turns":4.0},{"damage":3.0,"enemies":"Looter","floor":10.0,"turns":4.0},{"damage":23.0,"enemies":"Exordium Thugs","floor":12.0,"turns":6.0},{"damage":8.0,"enemies":"Red Slaver","floor":13.0,"turns":4.0},{"damage":14.0,"enemies":"Exordium Wildlife","floor":14.0,"turns":7.0},{"damage":12.0,"enemies":"The Guardian","floor":16.0,"turns":13.0},{"damage":28.0,"enemies":"Spheric Guardian","floor":18.0,"turns":6.0},{"damage":9.0,"enemies":"3 Byrds","floor":20.0,"turns":7.0},{"damage":10.0,"enemies":"Shelled Parasite and Fungi","floor":21.0,"turns":6.0},{"damage":23.0,"enemies":"Cultist and Chosen","floor":22.0,"turns":10.0},{"damage":67.0,"enemies":"Slavers","floor":23.0,"turns":7.0},{"damage":0,"enemies":"Book of Stabbing","floor":25,"turns":1},{"damage":6,"enemies":"Snake Plant","floor":28,"turns":7},{"damage":52,"enemies":"Champ","floor":33,"turns":11},{"damage":19,"enemies":"Orb Walker","floor":35,"turns":5},{"damage":38,"enemies":"3 Darklings","floor":36,"turns":8},{"damage":1,"enemies":"Spire Growth","floor":41,"turns":7},{"damage":56,"enemies":"Reptomancer","floor":45,"turns":7},{"damage":11,"enemies":"Jaw Worm Horde","floor":46,"turns":5},{"damage":7,"enemies":"Sphere and 2 Shapes","floor":48,"turns":6},{"damage":49,"enemies":"Donu and Deca","floor":50,"turns":7}],"seed_played":"4851365233610596215","potions_obtained":[{"floor":1.0,"key":"LiquidBronze"},{"floor":12.0,"key":"ColorlessPotion"},{"floor":13.0,"key":"SmokeBomb"},{"floor":14.0,"key":"DistilledChaos"}],"is_trial":false,"path_per_floor":["M","?","?","M","?","R","M","?","T","M","R","M","M","M","R","B",null,"M","?","M","M","M","E","R","E","T","R","M","R","?","$","R","B",null,"M","M","$","?","?","R","M","R","T","$","E","M","R","M","R","B",null],"character_chosen":"IRONCLAD","items_purchased":["Membership Card","Ice Cream","Strawberry","Seeing Red","Flash of Steel"],"campfire_rested":3,"item_purchase_floors":[31,31,37,37,44],"current_hp_per_floor":[68,68,68,77,70,70,78,71,71,78,78,67,69,65,65,63,106,90,90,93,95,82,27,67,73,73,73,79,79,79,79,121,81,146,137,111,118,118,118,118,129,129,129,144,100,101,155,160,160,121],"gold":70,"neow_bonus":"THREE_RARE_CARDS","is_daily":false,"chose_seed":false,"campfire_upgraded":8,"win_rate":0.0,"timestamp":1609893951,"path_taken":["M","?","?","?","?","R","M","?","T","M","R","M","M","M","R","BOSS","M","?","M","M","M","E","R","E","T","R","?","R","?","$","R","BOSS","M","M","?","?","?","R","M","R","T","$","E","M","R","M","R","BOSS"],"items_purchased_type":["Relic","Relic","Relic","Card","Card"],"build_version":"2020-12-22","purchased_purges":2,"victory":true,"max_hp_per_floor":[75,75,75,78,78,78,84,84,84,88,88,94,98,102,102,106,106,112,112,118,124,128,134,134,134,134,134,140,140,140,140,140,146,146,150,156,163,163,163,163,169,169,169,169,175,181,181,187,187,191],"card_choices":[{"not_picked":["Brutality","Bludgeon"],"picked":"Feed","floor":0.0},{"not_picked":["Uppercut","Perfected Strike"],"picked":"Disarm","floor":1.0},{"not_picked":["Perfected Strike","Second Wind","Clash"],"picked":"SKIP","floor":4.0},{"not_picked":["Wild Strike","Cleave","Evolve"],"picked":"Singing Bowl","floor":7.0},{"not_picked":["Iron Wave","Bludgeon"],"picked":"Shrug It Off","floor":10.0},{"not_picked":["Power Through","Perfected Strike","Rupture"],"picked":"Singing Bowl","floor":12.0},{"not_picked":["Sword Boomerang","Anger"],"picked":"Metallicize","floor":13.0},{"not_picked":["Evolve","Shrug It Off"],"picked":"Inflame","floor":14.0},{"not_picked":["Impervious","Limit Break"],"picked":"Demon Form","floor":16.0},{"not_picked":["Cleave","Flex","Dropkick+1"],"picked":"Singing Bowl","floor":18.0},{"not_picked":["Thunderclap+1","Combust+1","Blood for Blood"],"picked":"Singing Bowl","floor":20.0},{"not_picked":["Power Through","Havoc+1","Headbutt"],"picked":"Singing Bowl","floor":21.0},{"not_picked":["Havoc","Iron Wave"],"picked":"Shrug It Off","floor":22.0},{"not_picked":["Brutality","Searing Blow","Body Slam+1"],"picked":"Singing Bowl","floor":23.0},{"not_picked":["Iron Wave","Sword Boomerang","Uppercut"],"picked":"Singing Bowl","floor":28},{"not_picked":["Exhume","Demon Form","Immolate"],"picked":"Singing Bowl","floor":33},{"not_picked":["Warcry","Armaments"],"picked":"Battle Trance","floor":35},{"not_picked":["Sever Soul","Burning Pact","Searing Blow"],"picked":"Singing Bowl","floor":36},{"not_picked":["Sever Soul+1","Body Slam","Flex"],"picked":"Singing Bowl","floor":41},{"not_picked":["Perfected Strike+1","Pommel Strike","Armaments"],"picked":"Singing Bowl","floor":45},{"not_picked":["True Grit","Perfected Strike","Rupture+1"],"picked":"Singing Bowl","floor":46},{"not_picked":["Blood for Blood+1","Hemokinesis","Cleave"],"picked":"Singing Bowl","floor":48}],"player_experience":804853,"relics_obtained":[{"floor":9.0,"key":"Bottled Flame"},{"floor":23.0,"key":"Potion Belt"},{"floor":26,"key":"Bottled Lightning"},{"floor":43,"key":"MealTicket"},{"floor":45,"key":"Pen Nib"}],"event_choices":[{"cards_removed":["Strike_R"],"damage_healed":0.0,"max_hp_gain":0.0,"max_hp_loss":0.0,"gold_gain":0.0,"event_name":"Living Wall","player_choice":"Forget","floor":2.0,"gold_loss":0.0,"damage_taken":0.0},{"cards_removed":["Strike_R"],"damage_healed":0.0,"max_hp_gain":0.0,"max_hp_loss":0.0,"gold_gain":0.0,"event_name":"Bonfire Elementals","player_choice":"Offered Basic","floor":3.0,"gold_loss":0.0,"damage_taken":0.0},{"damage_healed":0.0,"max_hp_gain":0.0,"max_hp_loss":0.0,"gold_gain":0.0,"event_name":"Scrap Ooze","player_choice":"Success","floor":5.0,"gold_loss":0.0,"damage_taken":7.0,"relics_obtained":["Singing Bowl"]},{"cards_removed":["Defend_R"],"damage_healed":0.0,"max_hp_gain":0.0,"max_hp_loss":0.0,"gold_gain":0.0,"event_name":"Golden Wing","player_choice":"Card Removal","floor":8.0,"gold_loss":0.0,"damage_taken":7.0},{"cards_removed":["Defend_R"],"damage_healed":0.0,"max_hp_gain":0.0,"max_hp_loss":0.0,"gold_gain":0.0,"event_name":"Wheel of Change","player_choice":"Card Removal","floor":19.0,"gold_loss":0.0,"damage_taken":0.0},{"damage_healed":0,"gold_gain":100,"player_choice":"Pray","damage_taken":0,"max_hp_gain":0,"max_hp_loss":0,"event_name":"Golden Shrine","floor":30,"gold_loss":0},{"damage_healed":0,"gold_gain":0,"player_choice":"Paid","damage_taken":0,"relics_obtained":["Red Mask"],"max_hp_gain":0,"max_hp_loss":0,"event_name":"Tomb of Lord Red Mask","floor":38,"gold_loss":118},{"cards_removed":["Defend_R"],"damage_healed":0,"gold_gain":0,"player_choice":"Removed Skill","damage_taken":0,"max_hp_gain":0,"max_hp_loss":0,"event_name":"Falling","floor":39,"gold_loss":0}],"is_beta":false,"boss_relics":[{"not_picked":["Tiny House","Coffee Dripper"],"picked":"Sozu"},{"not_picked":["Empty Cage","Velvet Choker"],"picked":"SlaversCollar"}],"items_purged_floors":[31,37],"is_endless":false,"potions_floor_spawned":[1,12,13,14,18,20,21,35,41,46,48],"ascension_level":0}}