{"host":"i09pxcjttd31eh4q","time":1609935950,"event":{"mods":["AchievementEnabler","BaseMod","Colored Map","Keyboard Shortcuts","Minty Spire (QoL Compilation)","StSLib","SuperFastMode"],"gold_per_floor":[116,116,41,41,41,41,66,66,111,138,150,176,210,221,221,293,293,311,134,134,9,9,9,28,28,28,28,61,61,81,100,100,177,177,189,200,247,18,18,32,63,73,73,73,73,102,120,145,145,145,145,145,145,145,170,170,170],"floor_reached":56,"playtime":1728,"items_purged":["Strike_P","Strike_P","Strike_P","Strike_P"],"score":2513,"play_id":"a36abd88-26c7-40fc-a4b0-4d389a28c416","local_time":"20210106212550","is_ascension_mode":true,"campfire_choices":[{"data":"Eruption","floor":6.0,"key":"SMITH"},{"data":"Wallop","floor":15.0,"key":"SMITH"},{"data":"Adaptation","floor":23.0,"key":"SMITH"},{"data":"Scrawl","floor":25.0,"key":"SMITH"},{"floor":32.0,"key":"REST"},{"floor":44.0,"key":"REST"},{"floor":49.0,"key":"RECALL"},{"data":"MentalFortress","floor":53,"key":"SMITH"}],"circlet_count":0,"master_deck":["AscendersBane","Defend_P","Defend_P","Defend_P","Eruption+1","Vigilance","Adaptation+1","EmptyFist+1","Wallop+1","Meditate","Scrawl+1","FearNoEvil+1","MentalFortress+1","InnerPeace+1"],"relics":["PureWater","NeowsBlessing","GoldenEye","Akabeko","Regal Pillow","Boot","Damaru","Runic Pyramid","Matryoshka","Bag of Marbles","Sozu","Gambling Chip","White Beast Statue","Dream Catcher","Nunchaku","Whetstone","Blood Vial"],"acts_visited":["Exordium","TheCity","TheBeyond","TheEnding"],"potions_floor_usage":[],"damage_taken":[{"damage":0.0,"enemies":"2 Louse","floor":1.0,"turns":2.0},{"damage":0.0,"enemies":"Lagavulin","floor":7.0,"turns":1.0},{"damage":0.0,"enemies":"Gremlin Nob","floor":10.0,"turns":1.0},{"damage":0.0,"enemies":"Jaw Worm","floor":11.0,"turns":1.0},{"damage":25.0,"enemies":"3 Sentries","floor":13.0,"turns":8.0},{"damage":1.0,"enemies":"Small Slimes","floor":14.0,"turns":2.0},{"damage":40.0,"enemies":"Hexaghost","floor":16.0,"turns":11.0},{"damage":3.0,"enemies":"Spheric Guardian","floor":18.0,"turns":3.0},{"damage":0.0,"enemies":"3 Byrds","floor":24.0,"turns":3.0},{"damage":0.0,"enemies":"Slavers","floor":28.0,"turns":3.0},{"damage":0.0,"enemies":"Snecko","floor":30.0,"turns":3.0},{"damage":0.0,"enemies":"Cultist and Chosen","floor":31.0,"turns":5.0},{"damage":42.0,"enemies":"Collector","floor":33.0,"turns":6.0},{"damage":6.0,"enemies":"Orb Walker","floor":35.0,"turns":3.0},{"damage":14.0,"enemies":"3 Darklings","floor":36.0,"turns":4.0},{"damage":25.0,"enemies":"2 Orb Walkers","floor":37.0,"turns":4.0},{"damage":0.0,"enemies":"Spire Growth","floor":40.0,"turns":2.0},{"damage":0.0,"enemies":"Reptomancer","floor":41.0,"turns":2.0},{"damage":0.0,"enemies":"Writhing Mass","floor":42.0,"turns":2.0},{"damage":0.0,"enemies":"Giant Head","floor":46.0,"turns":3.0},{"damage":0.0,"enemies":"Jaw Worm Horde","floor":47.0,"turns":3.0},{"damage":0.0,"enemies":"Reptomancer","floor":48.0,"turns":2.0},{"damage":0.0,"enemies":"Awakened One","floor":50.0,"turns":3.0},{"damage":0.0,"enemies":"Donu and Deca","floor":51.0,"turns":3.0},{"damage":0,"enemies":"Shield and Spear","floor":55,"turns":2},{"damage":75,"enemies":"The Heart","floor":56,"turns":3}],"seed_played":"5107389551416954621","potions_obtained":[{"floor":7.0,"key":"Swift Potion"},{"floor":14.0,"key":"SneckoOil"},{"floor":18.0,"key":"BottledMiracle"}],"is_trial":false,"path_per_floor":["M","?","$","?","?","R","E","?","T","E","M","T","E","M","R","B",null,"M","$","?","$","?","R","M","R","T","?","E","?","M","M","R","B",null,"M","M","?","$","?","M","E","M","T","R","?","E","M","E","R","B","B",null,"R","$","E","B"],"character_chosen":"WATCHER","items_purchased":["FearNoEvil","MentalFortress"],"campfire_rested":2,"item_purchase_floors":[19,38],"current_hp_per_floor":[61,66,66,66,59,59,59,73,73,73,73,73,48,47,47,7,57,54,54,54,54,33,33,33,33,33,33,33,33,33,33,71,29,66,60,46,21,21,21,21,21,21,21,58,58,58,58,58,58,58,58,70,70,70,70,0,0],"gold":170,"neow_bonus":"THREE_ENEMY_KILL","is_daily":false,"chose_seed":false,"campfire_upgraded":5,"win_rate":0.0,"timestamp":1609935950,"path_taken":["M","?","$","?","?","R","E","?","T","E","?","?","E","M","R","BOSS","M","$","?","$","?","R","M","R","T","?","E","?","?","?","R","BOSS","M","?","?","$","?","M","E","M","T","R","?","E","M","E","R","BOSS","BOSS","R","$","E","BOSS"],"items_purchased_type":["Card","Card"],"build_version":"2020-12-22","purchased_purges":4,"victory":false,"max_hp_per_floor":[68,73,73,73,73,73,73,73,73,73,73,73,73,73,73,73,73,73,73,73,73,78,78,78,78,78,78,78,78,78,78,78,78,78,78,78,78,78,74,74,74,74,74,74,74,74,74,74,74,74,74,74,74,74,74,74,74],"card_choices":[{"not_picked":["ClearTheMind","EmptyBody","ForeignInfluence"],"picked":"SKIP","floor":1.0},{"not_picked":["FollowUp","CrushJoints"],"picked":"Adaptation","floor":7.0},{"not_picked":["Devotion","Protect"],"picked":"EmptyFist","floor":10.0},{"not_picked":["Prostrate","FlyingSleeves"],"picked":"Wallop","floor":11.0},{"not_picked":["SandsOfTime","WheelKick","ClearTheMind"],"picked":"SKIP","floor":13.0},{"not_picked":["FlyingSleeves","BowlingBash"],"picked":"Meditate","floor":14.0},{"not_picked":["MasterReality","Devotion"],"picked":"Scrawl","floor":16.0},{"not_picked":["FollowUp","Protect","Halt"],"picked":"SKIP","floor":18.0},{"not_picked":["Prostrate","FlurryOfBlows","CutThroughFate"],"picked":"SKIP","floor":24.0},{"not_picked":["BowlingBash","FlurryOfBlows+1","Tantrum"],"picked":"SKIP","floor":28.0},{"not_picked":["SandsOfTime","Establishment","Halt"],"picked":"SKIP","floor":30.0},{"not_picked":["CrushJoints","Weave","Halt"],"picked":"SKIP","floor":31.0},{"not_picked":["CrushJoints","Protect","SignatureMove"],"picked":"SKIP","floor":35.0},{"not_picked":["EmptyFist","Halt","Conclude"],"picked":"SKIP","floor":36.0},{"not_picked":["SashWhip","FlurryOfBlows+1","Evaluate"],"picked":"SKIP","floor":40.0},{"not_picked":["EmptyMind","ClearTheMind","ReachHeaven"],"picked":"SKIP","floor":41.0},{"not_picked":["SashWhip","SignatureMove","FollowUp"],"picked":"SKIP","floor":42.0},{"not_picked":["Sanctity","Consecrate","BowlingBash+1"],"picked":"SKIP","floor":46.0},{"not_picked":["FlurryOfBlows","FearNoEvil+1","PathToVictory+1"],"picked":"SKIP","floor":47.0},{"not_picked":["Sanctity","Consecrate"],"picked":"InnerPeace+1","floor":48.0},{"not_picked":["CutThroughFate","LikeWater+1","FearNoEvil"],"picked":"SKIP","floor":55}],"player_experience":834547,"relics_obtained":[{"floor":7.0,"key":"GoldenEye"},{"floor":9.0,"key":"Akabeko"},{"floor":10.0,"key":"Regal Pillow"},{"floor":12.0,"key":"Boot"},{"floor":13.0,"key":"Damaru"},{"floor":26.0,"key":"Matryoshka"},{"floor":28.0,"key":"Bag of Marbles"},{"floor":37.0,"key":"Gambling Chip"},{"floor":41.0,"key":"White Beast Statue"},{"floor":43.0,"key":"Dream Catcher"},{"floor":46.0,"key":"Nunchaku"},{"floor":48.0,"key":"Whetstone"},{"floor":55,"key":"Blood Vial"}],"event_choices":[{"damage_healed":0.0,"max_hp_gain":5.0,"max_hp_loss":0.0,"gold_gain":0.0,"event_name":"Big Fish","player_choice":"Donut","floor":2.0,"gold_loss":0.0,"damage_taken":0.0},{"damage_healed":0.0,"max_hp_gain":0.0,"max_hp_loss":0.0,"gold_gain":0.0,"event_name":"Liars Game","player_choice":"Ignored","floor":4.0,"gold_loss":0.0,"damage_taken":0.0},{"cards_removed":["Defend_P"],"damage_healed":0.0,"max_hp_gain":0.0,"max_hp_loss":0.0,"gold_gain":0.0,"event_name":"Golden Wing","player_choice":"Card Removal","floor":5.0,"gold_loss":0.0,"damage_taken":7.0},{"damage_healed":14.0,"max_hp_gain":0.0,"max_hp_loss":0.0,"gold_gain":0.0,"event_name":"Wheel of Change","player_choice":"Full Heal","floor":8.0,"gold_loss":0.0,"damage_taken":0.0},{"damage_healed":0.0,"max_hp_gain":0.0,"max_hp_loss":0.0,"gold_gain":0.0,"event_name":"Cursed Tome","player_choice":"Ignored","floor":20.0,"gold_loss":0.0,"damage_taken":0.0},{"damage_healed":0.0,"max_hp_gain":5.0,"max_hp_loss":0.0,"gold_gain":0.0,"event_name":"Forgotten Altar","player_choice":"Shed Blood","floor":22.0,"gold_loss":0.0,"damage_taken":26.0},{"damage_healed":0.0,"max_hp_gain":0.0,"max_hp_loss":0.0,"gold_gain":0.0,"event_name":"Vampires","player_choice":"Ignored","floor":27.0,"gold_loss":0.0,"damage_taken":0.0},{"damage_healed":0.0,"max_hp_gain":0.0,"max_hp_loss":0.0,"gold_gain":0.0,"event_name":"Match and Keep!","player_choice":"0 cards matched","floor":29.0,"gold_loss":0.0,"damage_taken":0.0,"cards_obtained":[]},{"damage_healed":0.0,"max_hp_gain":0.0,"max_hp_loss":0.0,"gold_gain":0.0,"event_name":"Mysterious Sphere","player_choice":"Fight","floor":37.0,"gold_loss":0.0,"damage_taken":0.0},{"damage_healed":0.0,"max_hp_gain":0.0,"max_hp_loss":4.0,"gold_gain":0.0,"event_name":"Winding Halls","player_choice":"Max HP","floor":39.0,"gold_loss":0.0,"damage_taken":0.0},{"damage_healed":0.0,"max_hp_gain":0.0,"max_hp_loss":0.0,"gold_gain":0.0,"event_name":"Lab","player_choice":"Got Potions","floor":45.0,"gold_loss":0.0,"damage_taken":0.0}],"is_beta":false,"boss_relics":[{"not_picked":["Calling Bell","Busted Crown"],"picked":"Runic Pyramid"},{"not_picked":["Pandora\u0027s Box","HolyWater"],"picked":"Sozu"}],"items_purged_floors":[3,19,21,38],"is_endless":false,"potions_floor_spawned":[7,14,18,36,40,42,46,47,48,55],"killed_by":"The Heart","ascension_level":20}}