{"host":"yp47u74hk6n79vj1","time":1609969685,"event":{"mods":["BaseMod","Colored Map","Highlight Path","Minty Spire (QoL Compilation)"],"gold_per_floor":[213,224,234,251,326,356,369,379,379,379,379,53,53,53,53],"floor_reached":14,"playtime":412,"items_purged":["Strike_R"],"score":106,"play_id":"9cdf7167-d977-4c99-ac68-c67231a4bb86","local_time":"20210106164805","is_ascension_mode":true,"campfire_choices":[{"data":"Berserk","floor":10,"key":"SMITH"},{"data":"Battle Trance","floor":13,"key":"SMITH"}],"circlet_count":0,"master_deck":["Strike_R+1","Strike_R+1","Strike_R","Strike_R","Defend_R","Defend_R","Defend_R","Defend_R","Dark Embrace","Battle Trance+1","Berserk+1","Cleave","Evolve"],"relics":["Burning Blood","Pocketwatch","Potion Belt","Whetstone"],"acts_visited":["Exordium"],"potions_floor_usage":[4,8,14],"damage_taken":[{"damage":6,"enemies":"Cultist","floor":1,"turns":3},{"damage":3,"enemies":"2 Louse","floor":2,"turns":3},{"damage":2,"enemies":"Jaw Worm","floor":3,"turns":3},{"damage":4,"enemies":"Red Slaver","floor":4,"turns":4},{"damage":36,"enemies":"Gremlin Nob","floor":6,"turns":5},{"damage":19,"enemies":"Blue Slaver","floor":7,"turns":5},{"damage":16,"enemies":"Large Slime","floor":8,"turns":7},{"damage":35,"enemies":"Lagavulin","floor":14,"turns":7}],"seed_played":"7633534250683917995","potions_obtained":[{"floor":1,"key":"FearPotion"},{"floor":3,"key":"Fruit Juice"},{"floor":7,"key":"SteroidPotion"}],"is_trial":false,"path_per_floor":["M","M","M","M","?","E","M","M","T","R","?","$","R","E"],"character_chosen":"IRONCLAD","items_purchased":["Cleave","Whetstone","Evolve"],"campfire_rested":0,"item_purchase_floors":[12,12,12],"current_hp_per_floor":[80,80,80,80,72,42,29,19,19,19,19,19,19,0,0],"gold":53,"neow_bonus":"HUNDRED_GOLD","is_daily":false,"chose_seed":false,"campfire_upgraded":2,"win_rate":0.0,"timestamp":1609969685,"path_taken":["M","M","?","M","?","E","M","?","T","R","?","$","R","E"],"items_purchased_type":["Card","Relic","Card"],"build_version":"2020-12-22","purchased_purges":1,"victory":false,"max_hp_per_floor":[80,80,80,80,80,80,80,80,80,80,80,80,80,85,85],"card_choices":[{"not_picked":["Anger","Second Wind"],"picked":"Dark Embrace","floor":1},{"not_picked":["Pommel Strike","Perfected Strike","Anger"],"picked":"SKIP","floor":2},{"not_picked":["Armaments","Blood for Blood"],"picked":"Battle Trance","floor":3},{"not_picked":["Havoc","Flame Barrier","Thunderclap"],"picked":"SKIP","floor":4},{"not_picked":["Perfected Strike","Shockwave","Combust"],"picked":"SKIP","floor":6},{"not_picked":["Cleave","Dropkick"],"picked":"Berserk","floor":7},{"not_picked":["Headbutt","Whirlwind","Perfected Strike"],"picked":"SKIP","floor":8}],"player_experience":606395,"relics_obtained":[{"floor":6,"key":"Pocketwatch"},{"floor":9,"key":"Potion Belt"}],"event_choices":[{"damage_healed":0,"gold_gain":75,"player_choice":"Touch","damage_taken":8,"max_hp_gain":0,"max_hp_loss":0,"event_name":"FaceTrader","floor":5,"gold_loss":0},{"cards_removed":["Bash"],"damage_healed":0,"gold_gain":0,"player_choice":"Purged","damage_taken":0,"max_hp_gain":0,"max_hp_loss":0,"event_name":"Purifier","floor":11,"gold_loss":0}],"is_beta":false,"boss_relics":[],"items_purged_floors":[12],"is_endless":false,"potions_floor_spawned":[1,3,7],"killed_by":"Lagavulin","ascension_level":3}}