{"host":"pq8o62wp0h1hflf3","time":1609962227,"event":{"mods":["BaseMod","Minty Spire (QoL Compilation)","Relic Stats","ojb\u0027s Info Mod"],"gold_per_floor":[115,39,57,68,83,112,130,130,130,205,75,108,139,166,178,190,190],"floor_reached":16,"playtime":987,"items_purged":[],"score":228,"play_id":"6c7ae836-da44-46c7-a41f-14a20afdecab","local_time":"20210106144347","is_ascension_mode":true,"campfire_choices":[{"data":"Spot Weakness","floor":8,"key":"SMITH"},{"data":"Bludgeon","floor":15,"key":"SMITH"}],"circlet_count":0,"master_deck":["AscendersBane","Strike_R","Strike_R","Strike_R","Strike_R","Strike_R","Defend_R","Defend_R","Defend_R","Defend_R","Bash","Clothesline","Feel No Pain","Shrug It Off","Headbutt","Spot Weakness+1","Sword Boomerang","Havoc","Impervious","Shrug It Off","Flame Barrier","Bludgeon+1"],"relics":["Burning Blood","Torii","HornCleat","The Courier","Orrery","MawBank"],"acts_visited":["Exordium"],"potions_floor_usage":[13,14],"damage_taken":[{"damage":1,"enemies":"Cultist","floor":1,"turns":3},{"damage":10,"enemies":"Jaw Worm","floor":3,"turns":5},{"damage":0,"enemies":"2 Louse","floor":4,"turns":2},{"damage":2,"enemies":"Looter","floor":5,"turns":4},{"damage":14,"enemies":"3 Sentries","floor":6,"turns":9},{"damage":1,"enemies":"3 Louse","floor":7,"turns":4},{"damage":21,"enemies":"Lagavulin","floor":12,"turns":5},{"damage":1,"enemies":"Exordium Thugs","floor":13,"turns":2},{"damage":6,"enemies":"Exordium Wildlife","floor":14,"turns":2},{"damage":43,"enemies":"The Guardian","floor":16,"turns":12}],"seed_played":"-5523610346880773601","potions_obtained":[{"floor":5,"key":"Explosive Potion"},{"floor":6,"key":"Explosive Potion"}],"is_trial":false,"path_per_floor":["M","$","M","M","M","E","M","R","T","?","$","E","M","M","R","B"],"character_chosen":"IRONCLAD","items_purchased":["Feel No Pain","Orrery"],"campfire_rested":0,"item_purchase_floors":[2,11],"current_hp_per_floor":[55,55,51,57,61,53,58,58,58,47,47,32,37,37,37,0,0],"gold":190,"neow_bonus":"ONE_RARE_RELIC","is_daily":false,"chose_seed":false,"campfire_upgraded":2,"win_rate":0.0,"timestamp":1609962227,"path_taken":["M","?","M","M","M","E","M","R","T","?","?","E","M","M","R","BOSS"],"items_purchased_type":["Card","Relic"],"build_version":"2020-12-22","purchased_purges":0,"victory":false,"max_hp_per_floor":[75,75,75,75,75,75,75,75,75,75,75,75,75,75,75,75,75],"relic_stats":{"Torii":37,"counters":[10,48],"MawBank":48,"obtain_stats":[{"HornCleat":6,"Torii":0,"Orrery":11,"The Courier":9,"MawBank":12,"Burning Blood":0},{"HornCleat":5,"Torii":0,"Orrery":6,"The Courier":6,"MawBank":7,"Burning Blood":0},{"HornCleat":23,"Torii":0,"Orrery":27,"The Courier":27,"MawBank":32,"Burning Blood":0}],"Burning Blood":54},"card_choices":[{"not_picked":["Anger","Metallicize"],"picked":"Clothesline","floor":1},{"not_picked":["Clothesline","Ghostly Armor"],"picked":"Shrug It Off","floor":3},{"not_picked":["Thunderclap","Seeing Red"],"picked":"Headbutt","floor":4},{"not_picked":["Warcry","Flex"],"picked":"Spot Weakness","floor":5},{"not_picked":["Rupture","Warcry"],"picked":"Sword Boomerang","floor":6},{"not_picked":["Sword Boomerang","Brutality"],"picked":"Havoc","floor":7},{"not_picked":["Clothesline","Feel No Pain"],"picked":"Impervious","floor":11},{"not_picked":["Armaments","Cleave"],"picked":"Shrug It Off","floor":11},{"not_picked":["Berserk","Iron Wave"],"picked":"Flame Barrier","floor":11},{"not_picked":["Cleave","Wild Strike"],"picked":"Bludgeon","floor":11},{"not_picked":["Cleave","Searing Blow","Intimidate"],"picked":"SKIP","floor":12},{"not_picked":["Anger","Iron Wave","Seeing Red"],"picked":"SKIP","floor":13},{"not_picked":["Flex","Ghostly Armor","Thunderclap"],"picked":"SKIP","floor":14}],"player_experience":1112266,"relics_obtained":[{"floor":6,"key":"HornCleat"},{"floor":9,"key":"The Courier"},{"floor":12,"key":"MawBank"}],"event_choices":[{"damage_healed":0,"gold_gain":75,"player_choice":"Gather Gold","damage_taken":11,"max_hp_gain":0,"max_hp_loss":0,"event_name":"World of Goop","floor":10,"gold_loss":0}],"is_beta":false,"boss_relics":[],"items_purged_floors":[],"is_endless":false,"potions_floor_spawned":[5,6],"killed_by":"The Guardian","ascension_level":20}}