{"host":"pa9f0x1gh89g8gxw","time":1609920473,"event":{"mods":["BaseMod","Colored Powertips","Hubris","Infinite Spire","Minty Spire (QoL Compilation)","Replay The Spire","StSLib"],"gold_per_floor":[109,34,54,70,84,84,119,202,202,235,235,278,278,317,317,325,325],"floor_reached":16,"playtime":541,"items_purged":["Regret"],"score":120,"play_id":"c2fa81d4-1580-4e2b-897f-93e517377841","local_time":"20210106190753","is_ascension_mode":false,"campfire_choices":[{"data":"Gash","floor":6,"key":"SMITH"},{"floor":11,"key":"REST"},{"data":"Chill","floor":13,"key":"SMITH"}],"circlet_count":0,"master_deck":["Strike_B","Strike_B","Strike_B","Strike_B","Defend_B","Defend_B","Defend_B","Defend_B","Zap","Dualcast","Darkness","Beam Cell","Gash+1","Tempest+1","Cold Snap","ReplayTheSpireMod:Splinters","Beam Cell","Chill+1","BasicCrystalCard","Glacier","Go for the Eyes"],"relics":["Cracked Core","Replay:Bottled Steam","Replay:Bandana","Art of War","hubris:CrystalStatue","hubris:OldNail","Replay:PocketPolymizer"],"acts_visited":["Exordium"],"potions_floor_usage":[7,12,14],"damage_taken":[{"damage":8,"enemies":"Jaw Worm","floor":1,"turns":3},{"damage":0,"enemies":"Cultist","floor":3,"turns":4},{"damage":5,"enemies":"Small Slimes","floor":4,"turns":3},{"damage":15,"enemies":"Looter","floor":5,"turns":3},{"damage":14,"enemies":"Replay:BlueRogue","floor":7,"turns":3},{"damage":13,"enemies":"Large Slime","floor":10,"turns":5},{"damage":13,"enemies":"3 Sentries","floor":12,"turns":6},{"damage":19,"enemies":"Gremlin Nob","floor":14,"turns":4},{"damage":34,"enemies":"Hexaghost","floor":16,"turns":9}],"seed_played":"-1666358066068792288","potions_obtained":[{"floor":3,"key":"Strength Potion"},{"floor":5,"key":"SpeedPotion"},{"floor":7,"key":"LiquidMemories"}],"is_trial":false,"path_per_floor":["M","$","M","M","M","R","E","?","T","M","R","E","R","E","R","B"],"character_chosen":"DEFECT","items_purchased":[],"campfire_rested":1,"item_purchase_floors":[],"current_hp_per_floor":[67,67,67,62,47,47,33,33,33,20,42,29,29,10,32,0,0],"gold":325,"neow_bonus":"RANDOM_EVENT","is_daily":false,"chose_seed":false,"campfire_upgraded":2,"win_rate":0.0,"timestamp":1609920473,"path_taken":["M","$","M","M","M","R","E","?","T","?","R","E","R","E","R","BOSS"],"items_purchased_type":[],"build_version":"2020-12-22","purchased_purges":1,"victory":false,"max_hp_per_floor":[75,75,75,75,75,75,75,75,75,75,75,75,75,75,75,75,75],"card_choices":[{"not_picked":["ReplayTheSpireMod:Repulse","Conserve Battery"],"picked":"Darkness","floor":1},{"not_picked":["Steam","Rebound"],"picked":"Beam Cell","floor":3},{"not_picked":["Rebound","ReplayTheSpireMod:Calculation Training"],"picked":"Gash","floor":4},{"not_picked":["Sunder","Conserve Battery"],"picked":"Tempest","floor":5},{"not_picked":["Streamline","Hologram"],"picked":"Cold Snap","floor":7},{"not_picked":["Genetic Algorithm","Aggregate"],"picked":"Beam Cell","floor":8},{"not_picked":["Auto Shields","Scrape"],"picked":"Chill","floor":8},{"not_picked":["Ball Lightning","Steam Power"],"picked":"BasicCrystalCard","floor":10},{"not_picked":["hubris:DoWhile","Compile Driver"],"picked":"Glacier","floor":12},{"not_picked":["Streamline","hubris:PowerSurge"],"picked":"Go for the Eyes","floor":14}],"player_experience":456664,"relics_obtained":[{"floor":7,"key":"Replay:Bandana"},{"floor":8,"key":"Art of War"},{"floor":9,"key":"hubris:CrystalStatue"},{"floor":12,"key":"hubris:OldNail"},{"floor":14,"key":"Replay:PocketPolymizer"}],"event_choices":[{"damage_healed":0,"gold_gain":0,"player_choice":"Box","damage_taken":0,"relics_obtained":["Replay:Bottled Steam"],"max_hp_gain":0,"max_hp_loss":0,"event_name":"Big Fish","floor":0,"gold_loss":0,"cards_obtained":["Regret"]}],"is_beta":false,"boss_relics":[],"items_purged_floors":[2],"is_endless":false,"potions_floor_spawned":[3,5,7],"killed_by":"Hexaghost","ascension_level":0}}