{"host":"g01l53quoe6lrer0","time":1609948806,"event":{"mods":["2.2 Compatiblity","AchievementEnabler","BaseMod","Colored Map","Highlight Path","Keyboard Shortcuts","Minty Spire (QoL Compilation)","Permanent Neow","StSLib","SuperFastMode","everything is the same but u backflip on backflip"],"gold_per_floor":[118,129,143,162,162,162,162,193,219,219,234,245,26,40,40,135,135,146,162,162,40,40,40,40,54,104,104,114,147,147,22,22,118,118,128,128,141,16,36,36,52,68,68,84,102,114,114,130,130,130],"floor_reached":51,"playtime":1781,"items_purged":["Strike_B","Strike_B","Defend_B"],"score":825,"play_id":"4c2249f1-e9c7-4cb1-9385-96da535bdbf3","local_time":"20210107010006","is_ascension_mode":false,"campfire_choices":[{"data":"Zap","floor":6.0,"key":"SMITH"},{"data":"Dualcast","floor":10.0,"key":"SMITH"},{"data":"Reprogram","floor":15.0,"key":"SMITH"},{"data":"Buffer","floor":23.0,"key":"SMITH"},{"data":"Hologram","floor":27.0,"key":"SMITH"},{"floor":30.0,"key":"REST"},{"data":"Turbo","floor":32.0,"key":"SMITH"},{"data":"Scrape","floor":40.0,"key":"SMITH"},{"floor":49,"key":"REST"}],"circlet_count":0,"master_deck":["Defend_B","Zap+1","Dualcast+1","Rebound","Conserve Battery","Beam Cell","Sunder","All For One","Steam","Hologram+1","Scrape+1","Reprogram+1","Buffer+1","Recycle+1","Gash","Beam Cell+1","Gash","Go for the Eyes","Turbo+1","All For One","Echo Form+1","Auto Shields+1","Fission+1","Madness+1","Madness","Streamline+1","Gash","Parasite","Gash+1"],"relics":["Cracked Core","Art of War","Meat on the Bone","Ancient Tea Set","Medical Kit","Runic Pyramid","MutagenicStrength","Regal Pillow","Ice Cream","Astrolabe","HornCleat"],"acts_visited":["Exordium","TheCity","TheBeyond"],"potions_floor_usage":[50,50],"damage_taken":[{"damage":1.0,"enemies":"Cultist","floor":1.0,"turns":3.0},{"damage":0.0,"enemies":"2 Louse","floor":2.0,"turns":2.0},{"damage":4.0,"enemies":"Small Slimes","floor":3.0,"turns":3.0},{"damage":2.0,"enemies":"Blue Slaver","floor":4.0,"turns":3.0},{"damage":18.0,"enemies":"3 Sentries","floor":8.0,"turns":4.0},{"damage":0.0,"enemies":"2 Fungi Beasts","floor":11.0,"turns":1.0},{"damage":0.0,"enemies":"Large Slime","floor":12.0,"turns":3.0},{"damage":1.0,"enemies":"Gremlin Gang","floor":14.0,"turns":3.0},{"damage":0.0,"enemies":"Slime Boss","floor":16.0,"turns":5.0},{"damage":5.0,"enemies":"Spheric Guardian","floor":18.0,"turns":3.0},{"damage":10.0,"enemies":"Chosen","floor":19.0,"turns":2.0},{"damage":4.0,"enemies":"Centurion and Healer","floor":25.0,"turns":4.0},{"damage":0.0,"enemies":"Sentry and Sphere","floor":28.0,"turns":4.0},{"damage":32.0,"enemies":"Gremlin Leader","floor":29.0,"turns":6.0},{"damage":0.0,"enemies":"Automaton","floor":33.0,"turns":8.0},{"damage":1.0,"enemies":"3 Darklings","floor":35.0,"turns":3.0},{"damage":4.0,"enemies":"Orb Walker","floor":37.0,"turns":2.0},{"damage":0.0,"enemies":"Transient","floor":39.0,"turns":5.0},{"damage":0.0,"enemies":"Maw","floor":41.0,"turns":5.0},{"damage":4.0,"enemies":"3 Darklings","floor":42.0,"turns":3.0},{"damage":0.0,"enemies":"Transient","floor":44.0,"turns":5.0},{"damage":0,"enemies":"Writhing Mass","floor":45,"turns":4},{"damage":0,"enemies":"4 Shapes","floor":46,"turns":4},{"damage":0,"enemies":"Transient","floor":48,"turns":5},{"damage":59,"enemies":"Awakened One","floor":50,"turns":9}],"seed_played":"2479180380153443961","potions_obtained":[{"floor":3.0,"key":"FearPotion"},{"floor":4.0,"key":"EssenceOfSteel"},{"floor":8.0,"key":"FearPotion"}],"is_trial":false,"path_per_floor":["M","M","M","M","T","R","?","E","T","R","M","M","$","M","R","B",null,"M","M","?","$","?","R","?","M","T","R","M","E","R","$","R","B",null,"M","?","M","$","M","R","M","M","T","M","M","M","?","M","R","B",null],"character_chosen":"DEFECT","items_purchased":["Medical Kit","Gash","Gash","Go for the Eyes","Turbo"],"campfire_rested":2,"item_purchase_floors":[13,21,31,31,31],"current_hp_per_floor":[74,74,70,68,68,68,68,50,50,50,50,50,50,49,49,49,75,70,60,60,60,60,60,60,56,56,56,56,36,73,73,73,73,75,74,65,61,61,61,61,61,57,57,57,57,57,57,57,75,28],"gold":130,"neow_bonus":"THREE_CARDS","is_daily":false,"chose_seed":false,"campfire_upgraded":7,"win_rate":0.0,"timestamp":1609948806,"path_taken":["M","?","M","M","?","R","?","E","T","R","M","M","$","?","R","BOSS","M","M","?","$","?","R","?","M","T","R","M","E","R","?","R","BOSS","M","?","M","$","M","R","M","M","T","M","M","M","?","?","R","BOSS"],"items_purchased_type":["Relic","Card","Card","Card","Card"],"build_version":"2020-12-22","purchased_purges":3,"victory":true,"max_hp_per_floor":[75,75,75,75,75,75,75,75,75,75,75,75,75,75,75,75,75,75,75,75,75,75,75,75,75,75,75,75,75,75,75,75,75,75,75,75,75,75,75,75,75,75,75,75,75,75,75,75,75,75],"card_choices":[{"not_picked":["Steam","Sweeping Beam"],"picked":"Rebound","floor":0.0},{"not_picked":["Loop","Sunder"],"picked":"Beam Cell","floor":1.0},{"not_picked":["Sweeping Beam","Storm"],"picked":"Conserve Battery","floor":2.0},{"not_picked":["Force Field","Streamline"],"picked":"Beam Cell","floor":3.0},{"not_picked":["Coolheaded","Hologram"],"picked":"Sunder","floor":4.0},{"not_picked":["Turbo","Multi-Cast"],"picked":"Steam","floor":8.0},{"not_picked":["Sunder","Defragment"],"picked":"Hologram","floor":11.0},{"not_picked":["Defragment","Conserve Battery"],"picked":"Scrape","floor":12.0},{"not_picked":["Reprogram","Defragment","Hello World"],"picked":"SKIP","floor":14.0},{"not_picked":["Defragment","Hello World"],"picked":"Reprogram","floor":14.0},{"not_picked":["Fission","Reboot"],"picked":"Buffer","floor":16.0},{"not_picked":["Ball Lightning","Genetic Algorithm+1"],"picked":"Recycle+1","floor":18.0},{"not_picked":["Steam+1","White Noise","Undo"],"picked":"SKIP","floor":19.0},{"not_picked":["Aggregate","White Noise"],"picked":"Beam Cell+1","floor":25.0},{"not_picked":["Darkness","Turbo","Chaos"],"picked":"SKIP","floor":28.0},{"not_picked":["Glacier","Steam+1","Rip and Tear"],"picked":"SKIP","floor":29.0},{"not_picked":["Electrodynamics","Amplify"],"picked":"All For One","floor":33.0},{"not_picked":["Storm+1","Rebound+1","Compile Driver"],"picked":"SKIP","floor":35.0},{"not_picked":["Cold Snap+1","Chaos","Hello World"],"picked":"SKIP","floor":37.0},{"not_picked":["Lockon","Sunder+1","Barrage"],"picked":"SKIP","floor":39.0},{"not_picked":["Stack","Conserve Battery"],"picked":"Streamline+1","floor":41.0},{"not_picked":["Hello World","Coolheaded"],"picked":"Gash","floor":42.0},{"not_picked":["Auto Shields","Beam Cell+1","Machine Learning"],"picked":"SKIP","floor":44.0},{"not_picked":["Sweeping Beam","Barrage","Coolheaded"],"picked":"SKIP","floor":45},{"not_picked":["Turbo","Stack+1","Storm"],"picked":"SKIP","floor":46},{"not_picked":["Skim","Barrage+1"],"picked":"Gash+1","floor":48}],"player_experience":31385,"relics_obtained":[{"floor":5.0,"key":"Art of War"},{"floor":8.0,"key":"Meat on the Bone"},{"floor":9.0,"key":"Ancient Tea Set"},{"floor":26.0,"key":"Regal Pillow"},{"floor":29.0,"key":"Ice Cream"},{"floor":43.0,"key":"HornCleat"}],"event_choices":[{"damage_healed":0.0,"max_hp_gain":0.0,"max_hp_loss":0.0,"gold_gain":0.0,"cards_transformed":["Strike_B"],"event_name":"Transmorgrifier","player_choice":"Transformed","floor":7.0,"gold_loss":0.0,"damage_taken":0.0,"cards_obtained":["All For One"]},{"cards_removed":["Strike_B"],"damage_healed":0.0,"max_hp_gain":0.0,"max_hp_loss":0.0,"gold_gain":0.0,"event_name":"Back to Basics","player_choice":"Elegance","floor":20.0,"gold_loss":0.0,"damage_taken":0.0},{"damage_healed":0.0,"max_hp_gain":0.0,"max_hp_loss":0.0,"gold_gain":0.0,"event_name":"Drug Dealer","player_choice":"Inject Mutagens","floor":22.0,"gold_loss":0.0,"damage_taken":0.0,"relics_obtained":["MutagenicStrength"]},{"damage_healed":0.0,"max_hp_gain":0.0,"max_hp_loss":0.0,"gold_gain":0.0,"event_name":"Vampires","player_choice":"Ignored","floor":24.0,"gold_loss":0.0,"damage_taken":0.0},{"damage_healed":0.0,"max_hp_gain":0.0,"max_hp_loss":0.0,"gold_gain":0.0,"event_name":"Winding Halls","player_choice":"Embrace Madness","floor":36.0,"gold_loss":0.0,"damage_taken":9.0,"cards_obtained":["Madness","Madness"]},{"damage_healed":0,"gold_gain":0,"player_choice":"Forge","damage_taken":0,"max_hp_gain":0,"max_hp_loss":0,"event_name":"Accursed Blacksmith","floor":47,"gold_loss":0,"cards_upgraded":["Madness"]}],"is_beta":false,"boss_relics":[{"not_picked":["SacredBark","Inserter"],"picked":"Runic Pyramid"},{"not_picked":["Velvet Choker","FrozenCore"],"picked":"Astrolabe"}],"items_purged_floors":[13,21,38],"is_endless":false,"potions_floor_spawned":[3,4,8,16,18,19,39,41,44,45,46],"ascension_level":0}}