{"host":"hcrpk3ks1jn59x6u","time":1609899016,"event":{"mods":["BaseMod","Better Altar","Better Note","Better Sensory Stone","Better Skull","Better Third Choice","BetterRewards","Colored Map","Conspire","Downfall","GifTheSpireLib","Googly Eyes","Halation","Hermit","Highlight Path","Minty Spire (QoL Compilation)","StSLib","Stuff the Spire","The Bug Knight","The Construct","The Hierophant","everything is the same but u backflip on backflip"],"gold_per_floor":[114,39,54,68,105,131,131,163,163,163,163,163,183,194,194,297,297,310,310,323,323,323,323],"floor_reached":22,"playtime":1915,"items_purged":["Strike_G"],"score":213,"play_id":"b05785a7-700a-4932-9af0-072fc2d8a660","local_time":"20210106101016","is_ascension_mode":true,"campfire_choices":[{"data":"Bane","floor":7,"key":"SMITH"},{"floor":10,"key":"REST"},{"floor":15,"key":"REST"}],"circlet_count":0,"master_deck":["Strike_G","Strike_G","Defend_G","Defend_G","Defend_G","Defend_G","Defend_G","Survivor","Neutralize","Endless Agony","StuffTheSpire:BumpUp","Sucker Punch","Riddle With Holes","Night Terror","Accuracy","Heel Hook","Terror","Burst","Footwork","Necronomicurse","StuffTheSpire:Sprint"],"relics":["halation:SimulatedSpire","halation:VictoryRuler","HornCleat","Pen Nib","halation:BottledLove","halation:EternalFortune","Empty Cage","Necronomicon"],"acts_visited":["Exordium","TheCity"],"potions_floor_usage":[16,18,18,20,22],"damage_taken":[{"damage":3,"enemies":"Cultist","floor":1,"turns":4},{"damage":5,"enemies":"conspire:RoseBush","floor":3,"turns":3},{"damage":2,"enemies":"Small Slimes","floor":4,"turns":5},{"damage":12,"enemies":"conspire:MimicChest","floor":5,"turns":7},{"damage":14,"enemies":"Lagavulin","floor":6,"turns":7},{"damage":14,"enemies":"3 Sentries","floor":8,"turns":7},{"damage":15,"enemies":"Looter","floor":13,"turns":5},{"damage":15,"enemies":"conspire:2 RoseBushes","floor":14,"turns":5},{"damage":2,"enemies":"Slime Boss","floor":16,"turns":7},{"damage":28,"enemies":"2 Thieves","floor":18,"turns":5},{"damage":14,"enemies":"3 Byrds","floor":20,"turns":5},{"damage":31,"enemies":"Centurion and Healer","floor":22,"turns":6}],"seed_played":"-5661788652453166107","potions_obtained":[{"floor":1,"key":"Weak Potion"},{"floor":4,"key":"CunningPotion"},{"floor":8,"key":"Energy Potion"},{"floor":14,"key":"Explosive Potion"},{"floor":16,"key":"FearPotion"},{"floor":18,"key":"LiquidMemories"},{"floor":20,"key":"construct:ShiftPotion"}],"is_trial":false,"path_per_floor":["M","$","M","M","?","E","R","E","T","R","?","?","M","M","R","B",null,"M","?","M","?","M"],"character_chosen":"THE_SILENT","items_purchased":[],"campfire_rested":2,"item_purchase_floors":[],"current_hp_per_floor":[67,67,62,60,48,34,34,20,20,41,44,44,29,14,35,33,73,48,32,18,18,0,0],"gold":323,"neow_bonus":"SIMULATED_SPIRE","is_daily":false,"chose_seed":false,"campfire_upgraded":1,"win_rate":0.0,"timestamp":1609899016,"path_taken":["M","?","M","M","?","E","R","E","T","R","?","?","M","?","R","BOSS","M","?","M","?","M"],"items_purchased_type":[],"build_version":"2020-12-22","purchased_purges":1,"victory":false,"max_hp_per_floor":[70,70,70,70,70,70,70,70,70,70,73,73,73,73,73,73,73,76,76,76,76,76,76],"card_choices":[{"not_picked":["Backflip","Skewer"],"picked":"Endless Agony","floor":1},{"not_picked":["Dagger Spray","Flechettes"],"picked":"StuffTheSpire:BumpUp","floor":3},{"not_picked":["StuffTheSpire:ClusterCrunch","Caltrops"],"picked":"Sucker Punch","floor":4},{"not_picked":["Dagger Spray","Skewer"],"picked":"Riddle With Holes","floor":5},{"not_picked":["PiercingWail","Deflect"],"picked":"Night Terror","floor":6},{"not_picked":["Wraith Form v2","conspire:PoisonWeapons"],"picked":"Accuracy","floor":8},{"not_picked":["StuffTheSpire:Fury","Blade Dance"],"picked":"Heel Hook","floor":13},{"not_picked":["Acrobatics","Dagger Throw"],"picked":"Terror","floor":14},{"not_picked":["Storm of Steel","A Thousand Cuts"],"picked":"Burst","floor":16},{"not_picked":["StuffTheSpire:BumpUp","Acrobatics"],"picked":"Footwork","floor":18},{"not_picked":["Prepared","Dodge and Roll"],"picked":"StuffTheSpire:Sprint","floor":20}],"player_experience":236358,"relics_obtained":[{"floor":5,"key":"halation:VictoryRuler"},{"floor":6,"key":"HornCleat"},{"floor":8,"key":"Pen Nib"},{"floor":9,"key":"halation:BottledLove"},{"floor":18,"key":"halation:EternalFortune"},{"floor":19,"key":"Necronomicon"}],"event_choices":[{"damage_healed":0,"gold_gain":0,"player_choice":"Obtained Book","damage_taken":16,"max_hp_gain":0,"max_hp_loss":0,"event_name":"Cursed Tome","floor":19,"gold_loss":0},{"cards_removed":["Strike_G"],"damage_healed":0,"gold_gain":0,"player_choice":"Purged","damage_taken":0,"max_hp_gain":0,"max_hp_loss":0,"event_name":"Purifier","floor":21,"gold_loss":0}],"is_beta":false,"boss_relics":[{"not_picked":["halation:CatFaceCupcake","halation:HeavySnake"],"picked":"Empty Cage"}],"items_purged_floors":[2],"is_endless":false,"potions_floor_spawned":[1,4,8,14,16,18,20],"killed_by":"Centurion and Healer","ascension_level":2}}