{"host":"2n2g1vowfllvjtvi","time":1609944525,"event":{"mods":["AchievementEnabler","BaseMod","Custom Start","GifTheSpireLib","Keyboard Shortcuts","Minty Spire (QoL Compilation)","Quick Restart","Rare Cards Sparkle","StSLib","SuperFastMode"],"gold_per_floor":[118,118,68,92,107,107,182,223,268,43,78,93,107,107,107,200,200,221,121,145,164,89,89,89,105,130,130,165,188,201,214,214,308,308,329,397,418,438,438,438,472,472,472,472,487,102,116,159,159,159,159,159,7,47,47],"floor_reached":56,"playtime":1707,"items_purged":["Strike_R","Strike_R","Strike_R+1"],"score":2293,"play_id":"b28143b0-9829-453b-b897-da905f8f4653","local_time":"20210106234845","is_ascension_mode":true,"campfire_choices":[{"data":"Armaments","floor":6.0,"key":"SMITH"},{"floor":15.0,"key":"REST"},{"data":"Body Slam","floor":23.0,"key":"SMITH"},{"data":"Battle Trance","floor":27.0,"key":"SMITH"},{"data":"Fire Breathing","floor":32.0,"key":"SMITH"},{"data":"Entrench","floor":40.0,"key":"SMITH"},{"floor":42.0,"key":"DIG"},{"floor":44.0,"key":"DIG"},{"floor":49.0,"key":"RECALL"},{"floor":52.0,"key":"DIG"}],"circlet_count":0,"master_deck":["AscendersBane","Defend_R","Defend_R","Defend_R","Defend_R","Bash+1","Body Slam+1","Armaments+1","Flame Barrier","Immolate","Fire Breathing+1","Impervious","Shrug It Off","Battle Trance+1","Second Wind","Impervious","Warcry+1","Entrench+1","Barricade","Feel No Pain+1"],"relics":["Burning Blood","NeowsBlessing","Golden Idol","Lantern","Bag of Preparation","Bronze Scales","Bottled Lightning","Sozu","MealTicket","Bag of Marbles","SlaversCollar","Mango","Whetstone","Shovel","StoneCalendar","Pocketwatch","PreservedInsect","HornCleat","Happy Flower","Bottled Tornado","ClockworkSouvenir","Mercury Hourglass"],"acts_visited":["Exordium","TheCity","TheBeyond","TheEnding"],"potions_floor_usage":[],"damage_taken":[{"damage":0.0,"enemies":"Small Slimes","floor":1.0,"turns":2.0},{"damage":0.0,"enemies":"2 Louse","floor":4.0,"turns":1.0},{"damage":0.0,"enemies":"Cultist","floor":5.0,"turns":1.0},{"damage":18.0,"enemies":"Gremlin Nob","floor":8.0,"turns":4.0},{"damage":20.0,"enemies":"3 Sentries","floor":11.0,"turns":4.0},{"damage":15.0,"enemies":"Large Slime","floor":12.0,"turns":4.0},{"damage":3.0,"enemies":"Exordium Wildlife","floor":13.0,"turns":4.0},{"damage":0.0,"enemies":"The Guardian","floor":16.0,"turns":10.0},{"damage":2.0,"enemies":"Chosen","floor":18.0,"turns":5.0},{"damage":0.0,"enemies":"2 Thieves","floor":20.0,"turns":3.0},{"damage":4.0,"enemies":"Shelled Parasite and Fungi","floor":21.0,"turns":5.0},{"damage":0.0,"enemies":"3 Cultists","floor":25.0,"turns":4.0},{"damage":0.0,"enemies":"Book of Stabbing","floor":28.0,"turns":5.0},{"damage":0.0,"enemies":"Centurion and Healer","floor":29.0,"turns":6.0},{"damage":18.0,"enemies":"Snecko","floor":30.0,"turns":4.0},{"damage":0.0,"enemies":"Shelled Parasite and Fungi","floor":31.0,"turns":3.0},{"damage":25.0,"enemies":"Collector","floor":33.0,"turns":13.0},{"damage":0.0,"enemies":"3 Shapes","floor":35.0,"turns":1.0},{"damage":0.0,"enemies":"2 Orb Walkers","floor":36.0,"turns":5.0},{"damage":16.0,"enemies":"3 Darklings","floor":37.0,"turns":5.0},{"damage":0.0,"enemies":"Spire Growth","floor":38.0,"turns":4.0},{"damage":0.0,"enemies":"Nemesis","floor":41.0,"turns":5.0},{"damage":0.0,"enemies":"Jaw Worm Horde","floor":45.0,"turns":4.0},{"damage":0.0,"enemies":"Maw","floor":47.0,"turns":6.0},{"damage":0.0,"enemies":"Reptomancer","floor":48.0,"turns":5.0},{"damage":7.0,"enemies":"Time Eater","floor":50.0,"turns":8.0},{"damage":0.0,"enemies":"Shield and Spear","floor":54.0,"turns":4.0},{"damage":0,"enemies":"The Heart","floor":55,"turns":8}],"seed_played":"6761699524694878806","potions_obtained":[{"floor":8.0,"key":"Ancient Potion"},{"floor":11.0,"key":"PowerPotion"},{"floor":12.0,"key":"SkillPotion"},{"floor":13.0,"key":"FearPotion"}],"is_trial":false,"path_per_floor":["M","?","?","M","M","R","?","E","T","$","E","M","M","?","R","B",null,"M","$","M","M","?","R","T","M","T","R","E","M","M","M","R","B",null,"M","?","M","M","T","R","E","R","T","R","M","$","M","E","R","B",null,"R","$","E","B",null],"character_chosen":"IRONCLAD","items_purchased":["Immolate","Fire Breathing","HornCleat","ClockworkSouvenir"],"campfire_rested":1,"item_purchase_floors":[10,10,46,53],"current_hp_per_floor":[74,48,48,54,60,60,49,37,37,37,23,14,17,17,39,45,68,72,72,75,75,75,75,75,75,75,75,75,75,63,69,69,50,69,75,89,79,85,85,85,89,89,89,89,89,89,89,89,89,88,89,89,89,89,89],"gold":47,"neow_bonus":"THREE_ENEMY_KILL","is_daily":false,"chose_seed":false,"campfire_upgraded":5,"win_rate":0.0,"timestamp":1609944525,"path_taken":["M","?","?","M","?","R","?","E","T","?","E","M","M","?","R","BOSS","M","$","M","?","?","R","?","M","T","R","E","M","M","M","R","BOSS","M","?","M","M","?","R","E","R","T","R","M","$","M","E","R","BOSS","R","$","E","BOSS"],"items_purchased_type":["Card","Card","Relic","Relic"],"build_version":"2020-12-22","purchased_purges":3,"victory":true,"max_hp_per_floor":[75,75,75,75,75,75,75,75,75,75,75,75,75,75,75,75,75,75,75,75,75,75,75,75,75,75,75,75,75,75,75,75,75,75,75,89,89,89,89,89,89,89,89,89,89,89,89,89,89,89,89,89,89,89,89],"card_choices":[{"not_picked":["Warcry","Iron Wave"],"picked":"Body Slam","floor":1.0},{"not_picked":["Wild Strike","Double Tap"],"picked":"Armaments","floor":4.0},{"not_picked":["Sword Boomerang","Wild Strike"],"picked":"Flame Barrier","floor":5.0},{"not_picked":["Dropkick","Headbutt","Clash"],"picked":"SKIP","floor":8.0},{"not_picked":["Havoc","Perfected Strike","Cleave"],"picked":"SKIP","floor":11.0},{"not_picked":["True Grit","Sword Boomerang","Armaments"],"picked":"SKIP","floor":12.0},{"not_picked":["Headbutt","Shockwave","Combust"],"picked":"SKIP","floor":13.0},{"not_picked":["Immolate","Exhume"],"picked":"Impervious","floor":16.0},{"not_picked":["Intimidate","Rupture","Havoc"],"picked":"SKIP","floor":18.0},{"not_picked":["Twin Strike","Armaments"],"picked":"Shrug It Off","floor":20.0},{"not_picked":["Clothesline","Flame Barrier"],"picked":"Battle Trance","floor":21.0},{"not_picked":["Sentinel","Perfected Strike"],"picked":"Second Wind","floor":25.0},{"not_picked":["Battle Trance+1","Sever Soul+1"],"picked":"Impervious","floor":28.0},{"not_picked":["Clash","Warcry","Inflame"],"picked":"SKIP","floor":29.0},{"not_picked":["Sever Soul","True Grit"],"picked":"Warcry+1","floor":30.0},{"not_picked":["Ghostly Armor","Rupture"],"picked":"Entrench","floor":31.0},{"not_picked":["Reaper","Double Tap"],"picked":"Barricade","floor":33.0},{"not_picked":["Rampage+1","Headbutt","Shockwave+1"],"picked":"SKIP","floor":35.0},{"not_picked":["Armaments","Sentinel","Bludgeon"],"picked":"SKIP","floor":37.0},{"not_picked":["Anger+1","Battle Trance","Headbutt"],"picked":"SKIP","floor":38.0},{"not_picked":["Twin Strike","Warcry","Shrug It Off"],"picked":"SKIP","floor":41.0},{"not_picked":["Clash","Headbutt","Inflame"],"picked":"SKIP","floor":45.0},{"not_picked":["Iron Wave","Body Slam","Ghostly Armor+1"],"picked":"SKIP","floor":47.0},{"not_picked":["Anger","Heavy Blade"],"picked":"Feel No Pain+1","floor":48.0},{"not_picked":["True Grit","Bloodletting","Double Tap"],"picked":"SKIP","floor":54.0}],"player_experience":421323,"relics_obtained":[{"floor":8.0,"key":"Bag of Preparation"},{"floor":9.0,"key":"Bronze Scales"},{"floor":11.0,"key":"Bottled Lightning"},{"floor":26.0,"key":"MealTicket"},{"floor":28.0,"key":"Bag of Marbles"},{"floor":36.0,"key":"Mango"},{"floor":39.0,"key":"Whetstone"},{"floor":41.0,"key":"Shovel"},{"floor":42.0,"key":"StoneCalendar"},{"floor":43.0,"key":"Pocketwatch"},{"floor":44.0,"key":"PreservedInsect"},{"floor":48.0,"key":"Happy Flower"},{"floor":52.0,"key":"Bottled Tornado"},{"floor":54.0,"key":"Mercury Hourglass"}],"event_choices":[{"damage_healed":0.0,"max_hp_gain":0.0,"max_hp_loss":0.0,"gold_gain":0.0,"event_name":"Golden Idol","player_choice":"Take Damage","floor":2.0,"gold_loss":0.0,"damage_taken":26.0,"relics_obtained":["Golden Idol"]},{"damage_healed":0.0,"max_hp_gain":0.0,"max_hp_loss":0.0,"gold_gain":0.0,"event_name":"WeMeetAgain","player_choice":"Paid Gold","floor":3.0,"gold_loss":50.0,"damage_taken":0.0,"relics_obtained":["Lantern"]},{"damage_healed":0.0,"max_hp_gain":0.0,"max_hp_loss":0.0,"gold_gain":75.0,"event_name":"World of Goop","player_choice":"Gather Gold","floor":7.0,"gold_loss":0.0,"damage_taken":11.0},{"cards_removed":["Strike_R"],"damage_healed":0.0,"max_hp_gain":0.0,"max_hp_loss":0.0,"gold_gain":0.0,"event_name":"Purifier","player_choice":"Purged","floor":14.0,"gold_loss":0.0,"damage_taken":0.0},{"cards_removed":["Strike_R"],"damage_healed":0.0,"max_hp_gain":0.0,"max_hp_loss":0.0,"gold_gain":0.0,"event_name":"Beggar","player_choice":"Gave Gold","floor":22.0,"gold_loss":75.0,"damage_taken":0.0},{"damage_healed":0.0,"max_hp_gain":0.0,"max_hp_loss":0.0,"gold_gain":0.0,"event_name":"Mysterious Sphere","player_choice":"Fight","floor":36.0,"gold_loss":0.0,"damage_taken":0.0}],"is_beta":false,"boss_relics":[{"not_picked":["Astrolabe","Mark of Pain"],"picked":"Sozu"},{"not_picked":["Pandora\u0027s Box","Snecko Eye"],"picked":"SlaversCollar"}],"items_purged_floors":[10,19,46],"is_endless":false,"potions_floor_spawned":[8,11,12,13,21,25,29,33,37,38,41,45],"ascension_level":15}}