{"host":"8m3txu8mcyu46pv6","time":1609930057,"event":{"mods":["ATMod(阿瑾Mod)","BaseMod","Minty Spire (QoL Compilation)","StSLib","【功能Mod】Neow奖励","没有小屋子和绿帽子啦"],"gold_per_floor":[112,126,126,51,16,16,49,65,111,261,290,302,302,320,320,392,392,409,409,419,161,174,201,201,232,232,257,257,288,288,119,119,197,197,217,227,227,240,68,68,82,117,144,174,192,209,234,245,245,245,245,245,2,37,37],"floor_reached":56,"playtime":1762,"items_purged":["Strike_R","Doubt"],"score":3254,"play_id":"6f2cb71a-3be4-4d4b-a58a-18afce2e3d5e","local_time":"20210106184737","is_ascension_mode":true,"campfire_choices":[{"data":"AT_FamilyPortrait","floor":6.0,"key":"SMITH"},{"data":"AT_DiedThrough","floor":13.0,"key":"SMITH"},{"floor":15.0,"key":"RECALL"},{"data":"Exhume","floor":28.0,"key":"SMITH"},{"data":"AT_Dispersion","floor":32,"key":"SMITH"},{"data":"Battle Trance","floor":40,"key":"SMITH"},{"data":"Second Wind","floor":49,"key":"SMITH"},{"data":"Defend_R","floor":52,"key":"SMITH"}],"circlet_count":0,"master_deck":["AscendersBane","Strike_R+1","Defend_R","Defend_R","Defend_R+1","Bash+1","AT_ShrugMaster+1","Infernal Blade+1","Ghostly Armor+1","AT_FamilyPortrait+1","Second Wind+1","AT_BodySlamDance+1","AT_DiedThrough+1","AT_Dispersion+1","Exhume+1","Battle Trance+1","CurseOfTheBell","Limit Break+1","Feel No Pain"],"relics":["AT_ATBox","Astrolabe","Vajra","AT_SunfireAegis","AT_BladeRuinedKing","Mark of Pain","Anchor","AT_ChloranthyRing","Nilry\u0027s Codex","Red Skull","AT_RedNoBalance","Shuriken","Unceasing Top","AT_RedTearstoneRing","Calling Bell","Lantern","Self Forming Clay","Champion Belt","AT_BellDemon","Paper Frog","AT_ImmortalShieldbow","Toxic Egg 2","Boot","Orichalcum","Bird Faced Urn","Whetstone","Potion Belt","Torii","AT_GuinsooRageblade","Bag of Preparation"],"acts_visited":["Exordium","TheCity","TheBeyond","TheEnding"],"potions_floor_usage":[55,55],"damage_taken":[{"damage":3.0,"enemies":"2 Louse","floor":1.0,"turns":3.0},{"damage":7.0,"enemies":"Jaw Worm","floor":2.0,"turns":3.0},{"damage":2.0,"enemies":"Gremlin Nob","floor":7.0,"turns":3.0},{"damage":0.0,"enemies":"Small Slimes","floor":8.0,"turns":1.0},{"damage":0.0,"enemies":"3 Sentries","floor":11.0,"turns":4.0},{"damage":6.0,"enemies":"Blue Slaver","floor":12.0,"turns":2.0},{"damage":8.0,"enemies":"Large Slime","floor":14.0,"turns":5.0},{"damage":0.0,"enemies":"Slime Boss","floor":16.0,"turns":4.0},{"damage":0.0,"enemies":"Spheric Guardian","floor":18.0,"turns":3.0},{"damage":0.0,"enemies":"2 Thieves","floor":20.0,"turns":3.0},{"damage":0.0,"enemies":"Centurion and Healer","floor":22.0,"turns":3.0},{"damage":0.0,"enemies":"Book of Stabbing","floor":23.0,"turns":3.0},{"damage":2.0,"enemies":"Gremlin Leader","floor":25.0,"turns":3.0},{"damage":0.0,"enemies":"Book of Stabbing","floor":27.0,"turns":2.0},{"damage":0.0,"enemies":"Gremlin Leader","floor":29.0,"turns":2.0},{"damage":0,"enemies":"Automaton","floor":33,"turns":3},{"damage":0,"enemies":"Orb Walker","floor":35,"turns":2},{"damage":3,"enemies":"3 Darklings","floor":36,"turns":2},{"damage":0,"enemies":"Jaw Worm Horde","floor":38,"turns":2},{"damage":0,"enemies":"Maw","floor":41,"turns":2},{"damage":0,"enemies":"Giant Head","floor":42,"turns":1},{"damage":0,"enemies":"Nemesis","floor":44,"turns":1},{"damage":0,"enemies":"Spire Growth","floor":45,"turns":2},{"damage":0,"enemies":"Sphere and 2 Shapes","floor":46,"turns":2},{"damage":0,"enemies":"Giant Head","floor":47,"turns":2},{"damage":0,"enemies":"Maw","floor":48,"turns":3},{"damage":0,"enemies":"Awakened One","floor":50,"turns":4},{"damage":1,"enemies":"Shield and Spear","floor":54,"turns":2},{"damage":43,"enemies":"The Heart","floor":55,"turns":6}],"seed_played":"-9038388989640104459","potions_obtained":[{"floor":2.0,"key":"Fruit Juice"},{"floor":7.0,"key":"Weak Potion"},{"floor":11.0,"key":"LiquidBronze"},{"floor":29.0,"key":"Energy Potion"},{"floor":46,"key":"BloodPotion"},{"floor":47,"key":"FearPotion"}],"is_trial":false,"path_per_floor":["M","M","?","$","?","R","E","M","T","?","E","M","R","M","R","B",null,"M","?","M","$","M","E","?","E","T","E","R","E","?","$","R","B",null,"M","M","?","M","$","R","M","E","T","E","M","M","E","M","R","B",null,"R","$","E","B",null],"character_chosen":"IRONCLAD","items_purchased":["Anchor","AT_RedTearstoneRing","AT_BellDemon","Limit Break+1","Feel No Pain"],"campfire_rested":0,"item_purchase_floors":[21,31,39,53,53],"current_hp_per_floor":[65,63,63,63,80,80,78,78,78,78,78,72,72,64,64,64,76,76,53,53,53,63,63,42,40,40,42,42,42,95,95,95,47,83,47,44,44,44,44,44,44,44,44,44,44,44,48,54,54,60,86,86,86,91,54],"gold":37,"neow_bonus":"BOSS_RELIC","is_daily":false,"chose_seed":false,"campfire_upgraded":7,"win_rate":0.0,"timestamp":1609930057,"path_taken":["M","M","?","$","?","R","E","M","T","?","E","M","R","M","R","BOSS","M","?","M","$","M","E","?","E","T","E","R","E","?","$","R","BOSS","M","?","?","M","$","R","M","E","T","E","M","M","E","M","R","BOSS","R","$","E","BOSS"],"items_purchased_type":["Relic","Relic","Relic","Card","Card"],"build_version":"2020-12-22","purchased_purges":2,"victory":true,"max_hp_per_floor":[75,80,80,80,80,80,80,80,80,80,80,80,80,80,80,80,80,80,85,85,85,85,85,85,85,85,85,85,85,95,95,95,95,95,95,95,95,95,95,95,95,95,95,95,95,95,95,95,95,95,95,95,95,95,95],"card_choices":[{"not_picked":["Sword Boomerang","Anger"],"picked":"Second Wind","floor":1.0},{"not_picked":["Clash","Flex"],"picked":"AT_BodySlamDance","floor":2.0},{"not_picked":["Flex","True Grit","AT_IchimonjiDouble"],"picked":"SKIP","floor":7.0},{"not_picked":["Anger","Clash"],"picked":"AT_DiedThrough","floor":8.0},{"not_picked":["AT_DrawKnifeCut","Sword Boomerang","Rupture"],"picked":"SKIP","floor":11.0},{"not_picked":["Pummel","Wild Strike","Inflame"],"picked":"SKIP","floor":12.0},{"not_picked":["Pummel","Wild Strike","Inflame"],"picked":"SKIP","floor":12.0},{"not_picked":["Perfected Strike","Flex","AT_IchimonjiDouble"],"picked":"SKIP","floor":14.0},{"not_picked":["Fiend Fire","Brutality"],"picked":"AT_Dispersion","floor":16.0},{"not_picked":["Rupture","Pommel Strike","Carnage"],"picked":"SKIP","floor":18.0},{"not_picked":["Twin Strike","AT_CaressingTears","Rage"],"picked":"SKIP","floor":20.0},{"not_picked":["Clash","Twin Strike","Cleave+1"],"picked":"SKIP","floor":22.0},{"not_picked":["Fire Breathing","Rampage"],"picked":"Exhume","floor":23.0},{"not_picked":["Cleave","Intimidate","AT_IchimonjiDouble"],"picked":"SKIP","floor":25.0},{"not_picked":["Anger","Thunderclap"],"picked":"Berserk","floor":27.0},{"not_picked":["Feed","Immolate"],"picked":"Battle Trance","floor":29.0},{"not_picked":["Wild Strike","Anger","Headbutt"],"picked":"SKIP","floor":35},{"not_picked":["Hemokinesis","AT_BodySlamDance","Searing Blow"],"picked":"SKIP","floor":36},{"not_picked":["Headbutt","Intimidate","AT_IchimonjiDouble"],"picked":"SKIP","floor":38},{"not_picked":["Headbutt","Intimidate","AT_IchimonjiDouble"],"picked":"SKIP","floor":38},{"not_picked":["Thunderclap","Flex","Exhume"],"picked":"SKIP","floor":41},{"not_picked":["Heavy Blade","Evolve+1","Rupture+1"],"picked":"SKIP","floor":42},{"not_picked":["AT_GerminateFire+1","Wild Strike","Body Slam"],"picked":"SKIP","floor":44},{"not_picked":["Clothesline","Clash+1","Perfected Strike+1"],"picked":"SKIP","floor":45},{"not_picked":["Armaments+1","Headbutt+1","Heavy Blade"],"picked":"SKIP","floor":46},{"not_picked":["Armaments+1","Headbutt+1","Heavy Blade"],"picked":"SKIP","floor":46},{"not_picked":["Shrug It Off+1","Shockwave+1","AT_DrawKnifeCut"],"picked":"SKIP","floor":47},{"not_picked":["Sentinel+1","Cleave+1","Anger"],"picked":"SKIP","floor":48},{"not_picked":["Spot Weakness+1","Inflame","Headbutt"],"picked":"SKIP","floor":54}],"player_experience":74416,"relics_obtained":[{"floor":7.0,"key":"Vajra"},{"floor":9.0,"key":"AT_SunfireAegis"},{"floor":11.0,"key":"AT_BladeRuinedKing"},{"floor":23.0,"key":"AT_ChloranthyRing"},{"floor":24.0,"key":"Nilry\u0027s Codex"},{"floor":25.0,"key":"Red Skull"},{"floor":26.0,"key":"AT_SilverBalance"},{"floor":27.0,"key":"Shuriken"},{"floor":29.0,"key":"Unceasing Top"},{"floor":34,"key":"Lantern"},{"floor":34,"key":"Self Forming Clay"},{"floor":34,"key":"Champion Belt"},{"floor":41,"key":"Paper Frog"},{"floor":42,"key":"AT_ImmortalShieldbow"},{"floor":44,"key":"Toxic Egg 2"},{"floor":44,"key":"Boot"},{"floor":45,"key":"Orichalcum"},{"floor":46,"key":"Bird Faced Urn"},{"floor":47,"key":"Whetstone"},{"floor":47,"key":"Potion Belt"},{"floor":48,"key":"Torii"},{"floor":54,"key":"AT_GuinsooRageblade"},{"floor":54,"key":"Bag of Preparation"}],"event_choices":[{"damage_healed":0.0,"max_hp_gain":0.0,"max_hp_loss":0.0,"gold_gain":0.0,"event_name":"Living Wall","player_choice":"Grow","floor":3.0,"gold_loss":0.0,"damage_taken":0.0,"cards_upgraded":["AT_BodySlamDance"]},{"damage_healed":20.0,"max_hp_gain":0.0,"max_hp_loss":0.0,"gold_gain":0.0,"event_name":"The Cleric","player_choice":"Healed","floor":5.0,"gold_loss":35.0,"damage_taken":0.0},{"damage_healed":0.0,"max_hp_gain":0.0,"max_hp_loss":0.0,"gold_gain":150.0,"event_name":"Liars Game","player_choice":"AGREE","floor":10.0,"gold_loss":0.0,"damage_taken":0.0,"cards_obtained":["Doubt"]},{"damage_healed":0.0,"max_hp_gain":5.0,"max_hp_loss":0.0,"gold_gain":0.0,"event_name":"Forgotten Altar","player_choice":"Shed Blood","floor":19.0,"gold_loss":0.0,"damage_taken":28.0},{"damage_healed":0.0,"max_hp_gain":0.0,"max_hp_loss":0.0,"gold_gain":0.0,"event_name":"Cursed Tome","player_choice":"Obtained Book","floor":24.0,"gold_loss":0.0,"damage_taken":21.0},{"cards_removed":["Berserk"],"damage_healed":43.0,"max_hp_gain":10.0,"max_hp_loss":0.0,"gold_gain":0.0,"event_name":"Bonfire Elementals","player_choice":"Offered Rare","floor":30.0,"gold_loss":0.0,"damage_taken":0.0},{"cards_removed":["Strike_R"],"damage_healed":0,"gold_gain":0,"player_choice":"Purged","damage_taken":0,"max_hp_gain":0,"max_hp_loss":0,"event_name":"Purifier","floor":37,"gold_loss":0}],"is_beta":false,"boss_relics":[{"not_picked":["Fusion Hammer","Philosopher\u0027s Stone"],"picked":"Mark of Pain"},{"not_picked":["Busted Crown","Black Star"],"picked":"Calling Bell"}],"items_purged_floors":[4,21],"is_endless":false,"potions_floor_spawned":[2,7,11,12,22,23,29,36,38,46,47],"ascension_level":19}}