{"host":"a5lz0e76zb3fcwkm","time":1609945038,"event":{"mods":["AchievementEnabler","BaseMod","Colored Map","Colored Powertips","Minty Spire (QoL Compilation)","StSLib","SuperFastMode"],"gold_per_floor":[11,11,11,34,34,68,68,82,82,125,146,146,146],"floor_reached":12,"playtime":271,"items_purged":[],"score":176,"play_id":"a25d49fe-19f6-42dc-8207-57098f6c1099","local_time":"20210106235718","is_ascension_mode":true,"campfire_choices":[{"data":"Fire Breathing","floor":7,"key":"SMITH"}],"circlet_count":0,"master_deck":["AscendersBane","Strike_R+1","Strike_R","Strike_R","Strike_R","Strike_R","Defend_R","Defend_R+1","Defend_R","Defend_R","Bash","Fire Breathing+1","Second Wind","Entrench"],"relics":["Burning Blood","Magic Flower","Golden Idol","StoneCalendar","Letter Opener","Calipers"],"acts_visited":["Exordium"],"potions_floor_usage":[6,8,12],"damage_taken":[{"damage":1,"enemies":"Cultist","floor":1,"turns":3},{"damage":19,"enemies":"Jaw Worm","floor":4,"turns":5},{"damage":18,"enemies":"3 Sentries","floor":6,"turns":5},{"damage":0,"enemies":"Small Slimes","floor":8,"turns":3},{"damage":17,"enemies":"Lagavulin","floor":10,"turns":7},{"damage":9,"enemies":"Looter","floor":11,"turns":3},{"damage":32,"enemies":"Gremlin Nob","floor":12,"turns":3}],"seed_played":"4722691014265255064","potions_obtained":[{"floor":4,"key":"HeartOfIron"},{"floor":6,"key":"Fire Potion"},{"floor":11,"key":"SkillPotion"}],"is_trial":false,"path_per_floor":["M","?","?","M","?","E","R","M","T","E","M","E"],"character_chosen":"IRONCLAD","items_purchased":[],"campfire_rested":0,"item_purchase_floors":[],"current_hp_per_floor":[75,49,54,44,20,11,11,20,20,12,12,0,0],"gold":146,"neow_bonus":"ONE_RARE_RELIC","is_daily":false,"chose_seed":false,"campfire_upgraded":1,"win_rate":0.0,"timestamp":1609945038,"path_taken":["M","?","?","M","?","E","R","M","T","E","M","E"],"items_purchased_type":[],"build_version":"2020-12-22","purchased_purges":0,"victory":false,"max_hp_per_floor":[75,75,80,80,80,80,80,80,80,80,80,80,80],"card_choices":[{"not_picked":["Cleave","Perfected Strike","Iron Wave"],"picked":"SKIP","floor":1},{"not_picked":["Iron Wave","Cleave"],"picked":"Fire Breathing","floor":4},{"not_picked":["Berserk","Pommel Strike","True Grit"],"picked":"SKIP","floor":6},{"not_picked":["Sever Soul","Cleave","Iron Wave"],"picked":"SKIP","floor":8},{"not_picked":["Fire Breathing","Armaments"],"picked":"Second Wind","floor":10},{"not_picked":["Combust","Rage"],"picked":"Entrench","floor":11}],"player_experience":1688215,"relics_obtained":[{"floor":6,"key":"StoneCalendar"},{"floor":9,"key":"Letter Opener"},{"floor":10,"key":"Calipers"}],"event_choices":[{"damage_healed":0,"gold_gain":0,"player_choice":"Take Damage","damage_taken":26,"relics_obtained":["Golden Idol"],"max_hp_gain":0,"max_hp_loss":0,"event_name":"Golden Idol","floor":2,"gold_loss":0},{"damage_healed":0,"gold_gain":0,"player_choice":"Donut","damage_taken":0,"max_hp_gain":5,"max_hp_loss":0,"event_name":"Big Fish","floor":3,"gold_loss":0},{"damage_healed":0,"gold_gain":0,"player_choice":"Entered Light","damage_taken":24,"max_hp_gain":0,"max_hp_loss":0,"event_name":"Shining Light","floor":5,"gold_loss":0,"cards_upgraded":["Strike_R","Defend_R"]}],"is_beta":false,"boss_relics":[],"items_purged_floors":[],"is_endless":false,"potions_floor_spawned":[4,6,11],"killed_by":"Gremlin Nob","ascension_level":20}}