{"host":"j2lclbvdfoh0nnbr","time":1609947433,"event":{"mods":["Aspiration","BaseMod","Downfall","Lobotomy","LobotomyExtend","Minty Spire (QoL Compilation)","Replay The Spire","StSLib","[IsaacMod]ÒÔÈö¼âËþ"],"gold_per_floor":[115,115,115,115,40,80,80,123,150,150,182,182,209,258,258,374,374,402,99,99,99,152,186,186,186,186,227,275,303,303,336,336,436,436,467,113,113,140,164,164,205,205,260,301,301,350,399,450,450,573,573,590,590,590,345,112,151,151,186,186,251,22,78,105,155,155,199,199,199],"floor_reached":67,"playtime":3993,"items_purged":["Amnesia","Slimebound:Defend_Slimebound","Slimebound:Strike_Slimebound","Slimebound:Strike_Slimebound"],"score":1874,"play_id":"a513816e-09ee-4be1-9d23-bdbff6937142","local_time":"20210106233713","daily_mods":["Vintage","Heirloom","Time Dilation","Flight","downfall:Lament","DeadlyEvents","Elite Swarm"],"is_ascension_mode":false,"campfire_choices":[{"data":"Slimebound:Replication","floor":7,"key":"SMITH"},{"data":"Slimebound:OozeBath","floor":12,"key":"SMITH"},{"data":"Slimebound:Split","floor":15,"key":"SMITH"},{"data":"Slimebound:DuplicatedForm","floor":24,"key":"SMITH"},{"data":"Slimebound:CorrosiveSpit","floor":25,"key":"SMITH"},{"data":"Slimebound:SlimeSlap","floor":30,"key":"SMITH"},{"data":"Slimebound:MinionMaster","floor":32,"key":"SMITH"},{"data":"Pot Of Greed","floor":40,"key":"SMITH"},{"data":"Pot Of Greed","floor":42,"key":"SMITH"},{"data":"Pot Of Greed","floor":45,"key":"SMITH"},{"data":"Slimebound:Overexert","floor":49,"key":"SMITH"},{"data":"Slimebound:HauntingLick","floor":58,"key":"SMITH"},{"floor":66,"key":"DIG"}],"circlet_count":0,"master_deck":["Slimebound:Strike_Slimebound","Slimebound:Tackle+1","Slimebound:Defend_Slimebound+1","Slimebound:Defend_Slimebound","Slimebound:Split+1","Slimebound:CorrosiveSpit+1","BettingIsNotGood","Slimebound:Replication+1","Slimebound:RallyTheTroops","Slimebound:LeechLife+1","Slimebound:HauntingLick+1","Slimebound:OozeBath+1","Slimebound:OozeBath+1","Slimebound:Overexert+1","Slimebound:DuplicatedForm+1","Pot Of Greed+1","Pot Of Greed+1","Slimebound:SelfFormingGoo","Slimebound:OneTwoCombo+1","Slimebound:SlimeSlap+1","Slimebound:MinionMaster+1","Slimebound:MassRepurpose+1","Slimebound:OneTwoCombo+1","Pot Of Greed+1","Slimebound:OneTwoCombo+1","Slimebound:OneTwoCombo+1","Slimebound:Prepare","Slimebound:MinionMaster+1"],"relics":["Slimebound:AbsorbEndCombat","NeowsBlessing","replay:Trail_Library","HushsDoor","EdensBlessing","PillsDrop","Replay:Baseball","LetterFromLob","Ring of Fangs","Ring of Fury","HornCleat","Turnip","Pen Nib","Blue Candle","BookOfRevelations","Whetstone","expansioncontent:StudyCardRelic","ReplayTheSpireMod:Shallot","TungstenRod","Nilry\u0027s Codex","Grinning Jar","Replay:Accelerometer","UnicornStump","Orichalcum","Anchor","TheBible","BlankCard","SlaversCollar","Replay:Bandana","Mummified Hand","White Beast Statue","Singing Bowl","Gremlin Food","Guardian:PocketSentry","aspiration:FrozenJewel","Happy Flower","War Paint","Frozen Egg 2","SacredBark","NeowsBlessing","replay:Trail_Library","aspiration:StickyExplosives_weak","Golden Idol","Replay:Bottled Eggs","BargainBundle","Bottled Tornado","Replay:Wax Seal","Replay:WaspNest","Golden Egg"],"acts_visited":["Exordium","TheCity","TheBeyond","Exordium"],"potions_floor_usage":[39,44,44,50,67],"damage_taken":[{"damage":7,"enemies":"2 Louse","floor":1,"turns":2},{"damage":1,"enemies":"3 Sentries","floor":6,"turns":2},{"damage":3,"enemies":"Lagavulin","floor":8,"turns":1},{"damage":20,"enemies":"3 Sentries","floor":11,"turns":6},{"damage":28,"enemies":"Lagavulin","floor":13,"turns":4},{"damage":21,"enemies":"3 Sentries","floor":14,"turns":6},{"damage":29,"enemies":"Hexaghost","floor":16,"turns":5},{"damage":15,"enemies":"Spheric Guardian","floor":18,"turns":3},{"damage":11,"enemies":"Replay:Snechameleon","floor":23,"turns":3},{"damage":31,"enemies":"Gremlin Leader","floor":27,"turns":4},{"damage":44,"enemies":"Replay:Snechameleon","floor":28,"turns":5},{"damage":6,"enemies":"Book of Stabbing","floor":29,"turns":2},{"damage":22,"enemies":"Gremlin Leader","floor":31,"turns":4},{"damage":35,"enemies":"Pondfish","floor":33,"turns":8},{"damage":19,"enemies":"3 Shapes","floor":35,"turns":3},{"damage":27,"enemies":"3 Darklings","floor":38,"turns":4},{"damage":12,"enemies":"Jaw Worm Horde","floor":39,"turns":3},{"damage":9,"enemies":"R_Hoarder","floor":41,"turns":4},{"damage":55,"enemies":"Giant Head","floor":44,"turns":6},{"damage":0,"enemies":"R_Hoarder","floor":46,"turns":3},{"damage":6,"enemies":"Nemesis","floor":47,"turns":3},{"damage":26,"enemies":"Reptomancer","floor":48,"turns":4},{"damage":54,"enemies":"Time Eater","floor":50,"turns":5},{"damage":0,"enemies":"Jaw Worm","floor":52,"turns":1},{"damage":0,"enemies":"3 Sentries","floor":57,"turns":1},{"damage":0,"enemies":"Replay:BlueRogue","floor":59,"turns":1},{"damage":22,"enemies":"3 Sentries","floor":61,"turns":3},{"damage":20,"enemies":"Gremlin Nob","floor":63,"turns":2},{"damage":18,"enemies":"Cultist","floor":64,"turns":2},{"damage":26,"enemies":"Lagavulin","floor":65,"turns":2},{"damage":93,"enemies":"Delirium","floor":67,"turns":5}],"seed_played":"3066353420177703246","potions_obtained":[{"floor":6,"key":"Dexterity Potion"},{"floor":14,"key":"LiquidMemories"},{"floor":16,"key":"SteroidPotion"},{"floor":39,"key":"DistilledChaos"},{"floor":41,"key":"Regen Potion"},{"floor":44,"key":"Adrenaline Potion"},{"floor":46,"key":"Block Potion"},{"floor":48,"key":"Toxic Potion"},{"floor":50,"key":"Explosive Potion"},{"floor":64,"key":"Slimebound:ThreeZeroPotion"}],"is_trial":true,"path_per_floor":["M","?","?","?","$","E","R","E","T","E","E","R","E","E","R","B",null,"M","$","?","?","T","E","R","R","T","E","E","E","R","E","R","B",null,"M","$","?","M","M","R","E","R","T","E","R","E","E","E","R","B",null,"M","?","?","$","$","E","R","E","T","E","$","E","M","E","R","B"],"character_chosen":"SLIMEBOUND","items_purchased":["TungstenRod","Mummified Hand","Replay:Bottled Eggs","BargainBundle","ColorlessPotion","Regen Potion","Slimebound:Prepare","Replay:Wax Seal"],"campfire_rested":0,"item_purchase_floors":[19,36,55,56,56,56,56,62],"current_hp_per_floor":[57,57,57,57,57,56,56,53,53,60,52,52,36,37,37,44,55,55,55,43,43,43,56,56,56,56,58,58,61,61,61,61,61,61,61,61,61,57,57,57,61,61,61,66,66,66,68,71,71,55,73,73,73,56,56,56,56,56,61,61,80,80,82,82,84,84,0,0,0],"gold":199,"neow_bonus":"","is_daily":false,"chose_seed":false,"campfire_upgraded":12,"win_rate":0.0,"timestamp":1609947433,"path_taken":["M","?","?","?","?","E","R","E","T","E","E","R","E","?","R","BOSS","M","$","?","?","?","E","R","R","T","E","E","E","R","E","R","BOSS","M","$","?","?","?","R","E","R","T","E","R","E","E","E","R","BOSS","M","?","?","?","$","E","R","E","T","E","$","E","?","E","R","BOSS"],"items_purchased_type":["Relic","Relic","Relic","Relic","Potion","Potion","Card","Relic"],"build_version":"2020-12-22","purchased_purges":4,"victory":false,"max_hp_per_floor":[60,60,60,60,60,60,60,60,60,60,55,55,55,55,55,55,55,55,55,55,55,55,58,58,58,58,58,58,61,61,61,61,61,61,61,61,61,61,61,61,61,61,61,66,66,66,68,71,71,73,73,73,73,73,73,73,73,73,78,78,80,80,82,82,84,84,84,84,84],"card_choices":[{"not_picked":[],"picked":"BettingIsNotGood","floor":0},{"not_picked":["Slimebound:PrepareCrush","Slimebound:DuplicatedForm"],"picked":"Slimebound:RallyTheTroops","floor":6},{"not_picked":["Slimebound:CheckThePlaybook","Slimebound:SlimeSlap"],"picked":"Slimebound:LeechLife","floor":8},{"not_picked":["Slimebound:MassRepurpose","Slimebound:CheckThePlaybook"],"picked":"Slimebound:OozeBath","floor":11},{"not_picked":["Slimebound:LeechLife","Slimebound:CheckThePlaybook"],"picked":"Slimebound:OozeBath","floor":13},{"not_picked":["Slimebound:SelfFormingGoo","Slimebound:SlimeSlap"],"picked":"Slimebound:Overexert","floor":14},{"not_picked":["Slimebound:CheckThePlaybook","Slimebound:PrepareCrush"],"picked":"Slimebound:DuplicatedForm","floor":16},{"not_picked":["Slimebound:MinionMaster","Slimebound:DouseInSlime"],"picked":"Slimebound:SelfFormingGoo","floor":23},{"not_picked":["Slimebound:DuplicatedForm","Slimebound:PrepareCrush"],"picked":"Slimebound:OneTwoCombo","floor":27},{"not_picked":["Slimebound:WasteNot","Slimebound:MassFeed"],"picked":"Slimebound:SlimeSlap","floor":28},{"not_picked":["Slimebound:SelfFormingGoo","Slimebound:CheckThePlaybook"],"picked":"Slimebound:MinionMaster","floor":29},{"not_picked":["Slimebound:OozeBath","Slimebound:Teamwork","Slimebound:MinionMaster"],"picked":"SKIP","floor":31},{"not_picked":["Slimebound:PrepareCrush","Slimebound:MassFeed"],"picked":"Slimebound:MassRepurpose","floor":33},{"not_picked":["Slimebound:MassRepurpose","Slimebound:PrepareCrush"],"picked":"Slimebound:OneTwoCombo","floor":41},{"not_picked":["Slimebound:LeechLife","Slimebound:MassFeed","Slimebound:OneTwoCombo"],"picked":"Singing Bowl","floor":44},{"not_picked":["Slimebound:DouseInSlime","Slimebound:Overexert"],"picked":"Slimebound:OneTwoCombo","floor":46},{"not_picked":["Slimebound:CheckThePlaybook","Slimebound:LeechLife","Slimebound:OozeBath"],"picked":"Singing Bowl","floor":47},{"not_picked":["Slimebound:DouseInSlime","Slimebound:RallyTheTroops"],"picked":"Slimebound:OneTwoCombo","floor":48},{"not_picked":["Slimebound:SlimeSlap","Slimebound:LeechLife","Slimebound:OozeBath"],"picked":"Singing Bowl","floor":50},{"not_picked":["Slimebound:MassRepurpose","Slimebound:DouseInSlime"],"picked":"Slimebound:MinionMaster+1","floor":57},{"not_picked":["Slimebound:SlimeSlap","Slimebound:DuplicatedForm+1","Slimebound:CheckThePlaybook"],"picked":"Singing Bowl","floor":59},{"not_picked":["Slimebound:MassFeed","Slimebound:WasteNot","Slimebound:SlimeSlap"],"picked":"Singing Bowl","floor":61},{"not_picked":["Slimebound:SlimeSlap","Slimebound:PrepareCrush","Slimebound:RallyTheTroops"],"picked":"Singing Bowl","floor":63},{"not_picked":["Slimebound:MassFeed","Slimebound:SelfFormingGoo+1","Slimebound:MinionMaster+1"],"picked":"Singing Bowl","floor":65}],"player_experience":298442,"relics_obtained":[{"floor":1,"key":"Replay:Baseball"},{"floor":1,"key":"LetterFromLob"},{"floor":4,"key":"Ring of Fangs"},{"floor":4,"key":"Ring of Fury"},{"floor":6,"key":"HornCleat"},{"floor":8,"key":"Turnip"},{"floor":9,"key":"Pen Nib"},{"floor":11,"key":"Blue Candle"},{"floor":13,"key":"BookOfRevelations"},{"floor":14,"key":"Whetstone"},{"floor":18,"key":"ReplayTheSpireMod:Shallot"},{"floor":20,"key":"Nilry\u0027s Codex"},{"floor":22,"key":"Grinning Jar"},{"floor":23,"key":"Replay:Accelerometer"},{"floor":26,"key":"UnicornStump"},{"floor":27,"key":"Orichalcum"},{"floor":28,"key":"Anchor"},{"floor":29,"key":"TheBible"},{"floor":31,"key":"BlankCard"},{"floor":35,"key":"Replay:Bandana"},{"floor":38,"key":"White Beast Statue"},{"floor":39,"key":"Singing Bowl"},{"floor":41,"key":"Gremlin Food"},{"floor":43,"key":"Guardian:PocketSentry"},{"floor":44,"key":"aspiration:FrozenJewel"},{"floor":46,"key":"Happy Flower"},{"floor":47,"key":"War Paint"},{"floor":48,"key":"Frozen Egg 2"},{"floor":52,"key":"aspiration:StickyExplosives_weak"},{"floor":60,"key":"Bottled Tornado"},{"floor":64,"key":"Replay:WaspNest"},{"floor":66,"key":"Golden Egg"}],"event_choices":[{"damage_healed":0,"gold_gain":0,"cards_transformed":["Slimebound:Defend_Slimebound"],"player_choice":"Transformed","damage_taken":0,"max_hp_gain":0,"max_hp_loss":0,"event_name":"Transmorgrifier","floor":3,"gold_loss":0,"cards_obtained":["Slimebound:Replication"]},{"damage_healed":0,"gold_gain":0,"player_choice":"Obtained Book","damage_taken":16,"max_hp_gain":0,"max_hp_loss":0,"event_name":"Cursed Tome","floor":20,"gold_loss":0},{"damage_healed":0,"gold_gain":0,"player_choice":"Take Damage","damage_taken":18,"relics_obtained":["Golden Idol"],"max_hp_gain":0,"max_hp_loss":0,"event_name":"Golden Idol","floor":54,"gold_loss":0}],"is_beta":false,"boss_relics":[{"not_picked":["Astrolabe","aspiration:RunicSpoon"],"picked":"expansioncontent:StudyCardRelic"},{"not_picked":[]},{"not_picked":["aspiration:FutureDiary","Painkiller Herb"],"picked":"SlaversCollar"},{"not_picked":[]},{"not_picked":["ChampionBelt","Tiny House"],"picked":"SacredBark"},{"not_picked":[]}],"items_purged_floors":[5,36,56,62],"is_endless":true,"potions_floor_spawned":[6,14,16,27,28,29,39,41,44,46,47,48,50,52,57,59,61,63,64,65],"killed_by":"Delirium","ascension_level":0}}