{"host":"s794kqxf2n1qz2yr","time":1609917776,"event":{"mods":["100% Spire Juice","2.2 Compatiblity","A Magickal Journey","AchievementEnabler","Aspiration","BaseMod","Downfall","Friendly Minions","Hermit","Minty Spire (QoL Compilation)","Permanent Neow","StSLib","The Disciple","The Marked"],"gold_per_floor":[110,110,2,18,30,55,72,72,96,111,111,26,26,39,39,136,136,151,170,50,63,63,63,63,63],"floor_reached":24,"playtime":1371,"items_purged":[],"score":210,"play_id":"f76e1bd1-7ca8-448e-92dd-7ae6e2f2547c","local_time":"20210106072256","is_ascension_mode":false,"campfire_choices":[{"data":"Moonworks:EvilSpyWorkPreparation","floor":8,"key":"SMITH"},{"data":"Moonworks:AngelHand","floor":11,"key":"SMITH"},{"floor":15,"key":"REST"},{"data":"Moonworks:Ambush","floor":23,"key":"SMITH"}],"circlet_count":0,"master_deck":["Moonworks:Strike","Moonworks:Strike","Moonworks:Strike","Moonworks:Strike","Moonworks:Defend+1","Moonworks:Defend+1","Moonworks:Defend+1","Moonworks:Defend+1","Moonworks:Ambush+1","Moonworks:LongDistanceShot","Moonworks:EvilSpyWorkPreparation+1","Moonworks:WindyEnchantment+1","Moonworks:WindyEnchantment+1","Moonworks:JonathanRush","hexamod:Haunted","Moonworks:AngelHand+1","Moonworks:ReproductionOfRecords+1","Moonworks:LulusLuckyEgg"],"relics":["Moonworks:Homemark","Cursed Key","CultistMask","Vajra","Lantern","Philosopher\u0027s Stone"],"acts_visited":["Exordium","TheCity"],"potions_floor_usage":[6,12,16,21,24,24,24],"damage_taken":[{"damage":0,"enemies":"Cultist","floor":1,"turns":2},{"damage":6,"enemies":"Jaw Worm","floor":3,"turns":3},{"damage":6,"enemies":"2 Louse","floor":4,"turns":2},{"damage":1,"enemies":"Red Slaver","floor":5,"turns":3},{"damage":12,"enemies":"Lagavulin","floor":6,"turns":5},{"damage":0,"enemies":"Blue Slaver","floor":7,"turns":2},{"damage":6,"enemies":"Exordium Wildlife","floor":10,"turns":3},{"damage":12,"enemies":"3 Sentries","floor":12,"turns":4},{"damage":0,"enemies":"2 Fungi Beasts","floor":14,"turns":3},{"damage":6,"enemies":"Hexaghost","floor":16,"turns":6},{"damage":13,"enemies":"2 Thieves","floor":18,"turns":2},{"damage":4,"enemies":"Chosen","floor":19,"turns":5},{"damage":7,"enemies":"Centurion and Healer","floor":21,"turns":4},{"damage":42,"enemies":"Book of Stabbing","floor":24,"turns":7}],"seed_played":"-2041703043894970512","potions_obtained":[{"floor":3,"key":"Strength Potion"},{"floor":6,"key":"sneckomod:MuddlingPotion"},{"floor":7,"key":"champ:CounterPotion"},{"floor":12,"key":"Fire Potion"},{"floor":16,"key":"BlessingOfTheForge"},{"floor":18,"key":"AttackPotion"},{"floor":21,"key":"Swift Potion"}],"is_trial":false,"path_per_floor":["M","?","M","M","M","E","M","R","T","M","R","E","?","M","R","B",null,"M","M","?","M","$","R","E"],"character_chosen":"THE_STARBREAKER","items_purchased":[],"campfire_rested":1,"item_purchase_floors":[],"current_hp_per_floor":[60,60,54,48,47,35,35,35,35,29,29,17,17,17,35,29,60,47,43,43,36,36,36,0,0],"gold":63,"neow_bonus":"BOSS_RELIC","is_daily":false,"chose_seed":false,"campfire_upgraded":3,"win_rate":0.0,"timestamp":1609917776,"path_taken":["M","?","?","M","M","E","M","R","T","M","R","E","?","M","R","BOSS","M","M","?","?","$","R","E"],"items_purchased_type":[],"build_version":"2020-12-22","purchased_purges":0,"victory":false,"max_hp_per_floor":[60,60,60,60,60,60,60,60,60,60,60,60,60,60,60,60,60,60,60,60,60,60,60,60,60],"card_choices":[{"not_picked":["Moonworks:IndiscriminateFireSupport","Moonworks:FullSpeedAlicianrone"],"picked":"Moonworks:EvilSpyWorkPreparation","floor":1},{"not_picked":["Moonworks:DeployBits","Moonworks:SakisCookie"],"picked":"Moonworks:WindyEnchantment","floor":3},{"not_picked":["Moonworks:DevilHand","Moonworks:RedAndBlue","Moonworks:LuckyCharm"],"picked":"SKIP","floor":4},{"not_picked":["Moonworks:Assault","Moonworks:WeAreWaruda"],"picked":"Moonworks:WindyEnchantment","floor":5},{"not_picked":["Moonworks:LulusLuckyEgg","Moonworks:NicePresent","Moonworks:BindingChains"],"picked":"SKIP","floor":6},{"not_picked":["Moonworks:MiracleRedBeanIceCream","Moonworks:IntelligenceOfficer"],"picked":"Moonworks:JonathanRush","floor":7},{"not_picked":["Moonworks:BigBangBell","Moonworks:IndiscriminateFireSupport"],"picked":"Moonworks:AngelHand","floor":10},{"not_picked":["Moonworks:MixPhenomenon","Moonworks:x16BigRocket"],"picked":"Moonworks:ReproductionOfRecords","floor":12},{"not_picked":["Moonworks:FullSpeedAlicianrone","Moonworks:BackdoorTrade","Moonworks:BeyondHell"],"picked":"SKIP","floor":14},{"not_picked":["Moonworks:ImOnFire","Moonworks:EvilSpyWorkPreparation","Moonworks:Assault+1"],"picked":"SKIP","floor":18},{"not_picked":["Moonworks:DeployBits+1","Moonworks:BigBangBell"],"picked":"Moonworks:LulusLuckyEgg","floor":19},{"not_picked":["Moonworks:MiracleRedBeanIceCream","Moonworks:Heat300Percent+1","Moonworks:SakisCookie+1"],"picked":"SKIP","floor":21}],"player_experience":294852,"relics_obtained":[{"floor":6,"key":"Vajra"},{"floor":9,"key":"Lantern"},{"floor":12,"key":"Dream Catcher"}],"event_choices":[{"damage_healed":0,"gold_gain":0,"player_choice":"Trade","damage_taken":0,"relics_obtained":["CultistMask"],"max_hp_gain":0,"max_hp_loss":0,"event_name":"FaceTrader","floor":2,"gold_loss":0},{"damage_healed":0,"gold_gain":0,"player_choice":"Ignored","damage_taken":0,"max_hp_gain":0,"max_hp_loss":0,"event_name":"N\u0027loth","floor":20,"gold_loss":0}],"is_beta":false,"boss_relics":[{"not_picked":["Velvet Choker","SacredBark"],"picked":"Philosopher\u0027s Stone"}],"items_purged_floors":[],"is_endless":false,"potions_floor_spawned":[3,6,7,12,16,18,21],"killed_by":"Book of Stabbing","ascension_level":0}}