{"host":"d2y4rmbezebiv8aj","time":1609935652,"event":{"mods":["AchievementEnabler","BaseMod","Bestiary","BetterRewards","Colored Map","Colored Powertips","Custom Start","Highlight Path","Minty Spire (QoL Compilation)","Quick Restart","Rare Cards Sparkle","Relic Sorter","Relic Stats","Shop Mod","Slay-I","StSLib","SuperFastMode"],"gold_per_floor":[112,126,191,191,30,30,55,55,124,124,153,164,184,201,201,306,306,322,14,14,29,40,40,75,36,36,52,69,69,86,105,105,202,202,221,496,511,529,548,548,548,598,598,598,608,193,193,213,213,213,213],"floor_reached":50,"playtime":1649,"items_purged":["Regret"],"score":945,"play_id":"dead9ec4-f886-4a76-856a-6252c46263c2","local_time":"20210106132052","is_ascension_mode":true,"campfire_choices":[{"floor":6,"key":"REST"},{"data":"Dagger Throw","floor":8,"key":"SMITH"},{"floor":10,"key":"REST"},{"floor":15,"key":"REST"},{"floor":23,"key":"REST"},{"data":"Apotheosis","floor":29,"key":"SMITH"},{"floor":32,"key":"REST"},{"floor":40,"key":"REST"},{"floor":44,"key":"REST"},{"floor":49,"key":"REST"}],"circlet_count":0,"master_deck":["Strike_G","Strike_G","Strike_G","Strike_G","Strike_G","Defend_G+1","Defend_G","Defend_G+1","Defend_G","Survivor","Neutralize","Mayhem+1","Noxious Fumes","Dagger Spray","Noxious Fumes","Slice","Predator","Dagger Throw+1","Terror","Eviscerate","After Image","Poisoned Stab","Dagger Throw","Bouncing Flask","Slice","Apotheosis+1","Backstab","Blade Dance","Dagger Spray+1","Bane","Footwork","Bane+1","A Thousand Cuts","Underhanded Strike+1","PiercingWail","Bullet Time","CurseOfTheBell","Cloak And Dagger+1","Deflect+1","Dramatic Entrance","PiercingWail+1","Deflect+1","Panache","Deflect+1","Deflect+1"],"relics":["Ring of the Snake","Membership Card","Mummified Hand","Strawberry","Blue Candle","War Paint","Sozu","Bottled Tornado","Vajra","Darkstone Periapt","HornCleat","Calling Bell","Boot","Toxic Egg 2","FossilizedHelix","Ice Cream","Question Card","Sling","Blood Vial","Molten Egg 2"],"acts_visited":["Exordium","TheCity","TheBeyond"],"potions_floor_usage":[16,16,33],"damage_taken":[{"damage":5,"enemies":"Cultist","floor":1,"turns":4},{"damage":0,"enemies":"2 Louse","floor":2,"turns":2},{"damage":24,"enemies":"Gremlin Nob","floor":7,"turns":4},{"damage":10,"enemies":"Lagavulin","floor":11,"turns":5},{"damage":0,"enemies":"Jaw Worm","floor":12,"turns":3},{"damage":8,"enemies":"Lots of Slimes","floor":13,"turns":4},{"damage":2,"enemies":"Looter","floor":14,"turns":3},{"damage":21,"enemies":"Hexaghost","floor":16,"turns":7},{"damage":0,"enemies":"Chosen","floor":18,"turns":4},{"damage":5,"enemies":"Spheric Guardian","floor":21,"turns":4},{"damage":18,"enemies":"Centurion and Healer","floor":22,"turns":4},{"damage":13,"enemies":"Gremlin Leader","floor":24,"turns":5},{"damage":4,"enemies":"Cultist and Chosen","floor":27,"turns":3},{"damage":0,"enemies":"Snecko","floor":28,"turns":3},{"damage":6,"enemies":"3 Cultists","floor":30,"turns":4},{"damage":5,"enemies":"Snake Plant","floor":31,"turns":4},{"damage":3,"enemies":"Automaton","floor":33,"turns":6},{"damage":32,"enemies":"3 Shapes","floor":35,"turns":5},{"damage":0,"enemies":"Orb Walker","floor":37,"turns":2},{"damage":23,"enemies":"Spire Growth","floor":38,"turns":5},{"damage":17,"enemies":"Jaw Worm Horde","floor":39,"turns":4},{"damage":14,"enemies":"Mind Bloom Boss Battle","floor":42,"turns":7},{"damage":8,"enemies":"Maw","floor":45,"turns":6},{"damage":5,"enemies":"Spire Growth","floor":48,"turns":4},{"damage":77,"enemies":"Awakened One","floor":50,"turns":6}],"seed_played":"4333545465380438698","potions_obtained":[{"floor":2,"key":"CultistPotion"},{"floor":11,"key":"DuplicationPotion"},{"floor":12,"key":"DuplicationPotion"}],"is_trial":false,"path_per_floor":["M","M","?","?","$","R","E","R","T","R","E","M","M","M","R","B",null,"M","$","?","M","M","R","E","$","T","M","M","R","M","M","R","B",null,"M","?","M","M","M","R","?","?","T","R","M","$","?","M","R","B"],"character_chosen":"THE_SILENT","items_purchased":["Membership Card","Mayhem","Noxious Fumes","Dagger Spray","Noxious Fumes","Slice","Mummified Hand","Terror","Apotheosis","Bottled Tornado","Vajra","Backstab","Footwork","Panache","Sling","Blood Vial","Molten Egg 2","Deflect+1"],"campfire_rested":8,"item_purchase_floors":[0,0,0,0,0,0,5,5,19,19,19,19,25,46,46,46,46,46],"current_hp_per_floor":[41,41,41,41,41,62,45,45,45,68,58,58,50,48,71,50,70,70,70,70,65,47,70,57,57,57,53,53,53,47,42,65,62,79,47,53,53,30,13,39,39,25,25,51,43,43,43,40,66,0,0],"gold":213,"neow_bonus":"","is_daily":false,"chose_seed":false,"campfire_upgraded":2,"win_rate":0.0,"timestamp":1609935652,"path_taken":["M","M","?","?","?","R","E","R","T","R","E","M","M","M","R","BOSS","M","?","?","?","M","R","E","$","T","?","M","R","M","M","R","BOSS","M","?","?","M","M","R","?","?","T","R","M","$","?","M","R","BOSS"],"items_purchased_type":["Relic","Card","Card","Card","Card","Card","Relic","Card","Card","Relic","Relic","Card","Card","Card","Relic","Relic","Relic","Card"],"build_version":"2020-12-22","purchased_purges":1,"victory":false,"max_hp_per_floor":[70,70,70,70,70,70,77,77,77,77,77,77,77,77,77,77,77,77,77,77,77,77,77,77,77,77,77,77,77,77,77,77,77,83,83,89,89,89,89,89,89,89,89,89,89,89,89,89,89,89,89],"relic_stats":{"Sozu":7,"Darkstone Periapt":12,"Blood Vial":4,"counters":[79,360],"Mummified Hand":[111],"Blue Candle":[2],"War Paint":["Survivor","Defend_G","Defend_G","Defend_G"],"Boot":[16],"Question Card":33,"obtain_stats":[{"Ice Cream":6,"Darkstone Periapt":24,"Regal Pillow":6,"Lantern":12,"HoveringKite":17,"Vajra":19,"Mango":0,"Bag of Preparation":27,"Incense Burner":46,"Bottled Tornado":19,"Cursed Key":17,"Boot":41,"Sling":46,"Old Coin":9,"Sozu":17,"Blood Vial":46,"SsserpentHead":22,"Centennial Puzzle":26,"Dream Catcher":29,"Matryoshka":9,"HornCleat":26,"Mummified Hand":5,"Strawberry":7,"Prayer Wheel":47,"Tiny Chest":0,"HandDrill":21,"Toxic Egg 2":12,"InkBottle":9,"Ring of the Snake":0,"Pear":43,"NeowsBlessing":0,"Dead Branch":10,"Blue Candle":9,"Pen Nib":29,"Paper Crane":24,"War Paint":26,"Frozen Egg 2":31,"Medical Kit":12,"Question Card":21,"Calling Bell":34,"Anchor":14,"Molten Egg 2":23,"Membership Card":0,"Toy Ornithopter":43,"FossilizedHelix":34},{"Ice Cream":17,"Darkstone Periapt":66,"Regal Pillow":6,"Lantern":20,"HoveringKite":9,"Vajra":63,"Mango":38,"Bag of Preparation":27,"Incense Burner":35,"Bottled Tornado":63,"Cursed Key":22,"Boot":35,"Sling":77,"Old Coin":18,"Sozu":62,"Blood Vial":77,"SsserpentHead":49,"Centennial Puzzle":26,"Dream Catcher":52,"Matryoshka":6,"HornCleat":66,"Mummified Hand":56,"Strawberry":57,"Prayer Wheel":36,"Tiny Chest":38,"HandDrill":24,"Toxic Egg 2":20,"InkBottle":44,"Ring of the Snake":0,"Pear":35,"NeowsBlessing":0,"Dead Branch":19,"Blue Candle":57,"Pen Nib":28,"Paper Crane":26,"War Paint":51,"Frozen Egg 2":53,"Medical Kit":20,"Question Card":24,"Calling Bell":71,"Anchor":21,"Molten Egg 2":50,"Membership Card":13,"Toy Ornithopter":35,"FossilizedHelix":71},{"Ice Cream":80,"Darkstone Periapt":301,"Regal Pillow":26,"Lantern":94,"HoveringKite":47,"Vajra":288,"Mango":155,"Bag of Preparation":113,"Incense Burner":143,"Bottled Tornado":288,"Cursed Key":101,"Boot":143,"Sling":350,"Old Coin":81,"Sozu":284,"Blood Vial":350,"SsserpentHead":224,"Centennial Puzzle":108,"Dream Catcher":240,"Matryoshka":26,"HornCleat":301,"Mummified Hand":258,"Strawberry":262,"Prayer Wheel":147,"Tiny Chest":155,"HandDrill":103,"Toxic Egg 2":94,"InkBottle":195,"Ring of the Snake":0,"Pear":143,"NeowsBlessing":0,"Dead Branch":88,"Blue Candle":262,"Pen Nib":118,"Paper Crane":108,"War Paint":235,"Frozen Egg 2":245,"Medical Kit":94,"Question Card":103,"Calling Bell":321,"Anchor":95,"Molten Egg 2":229,"Membership Card":68,"Toy Ornithopter":143,"FossilizedHelix":321}],"Ring of the Snake":[158]},"card_choices":[{"not_picked":["Poisoned Stab","Deflect"],"picked":"Predator","floor":1},{"not_picked":["Noxious Fumes","Outmaneuver"],"picked":"Dagger Throw","floor":2},{"not_picked":["Slice","Setup"],"picked":"Eviscerate","floor":7},{"not_picked":["Acrobatics","PiercingWail"],"picked":"After Image","floor":11},{"not_picked":["Dodge and Roll","Outmaneuver"],"picked":"Poisoned Stab","floor":12},{"not_picked":["Outmaneuver","Dodge and Roll"],"picked":"Dagger Throw","floor":13},{"not_picked":["Predator","Outmaneuver"],"picked":"Bouncing Flask","floor":14},{"not_picked":["Quick Slash","Deflect+1"],"picked":"Slice","floor":18},{"not_picked":["Dodge and Roll","Reflex"],"picked":"Blade Dance","floor":21},{"not_picked":["Tactician","Poisoned Stab"],"picked":"Dagger Spray+1","floor":22},{"not_picked":["Prepared","Dodge and Roll"],"picked":"Bane","floor":24},{"not_picked":["Deflect","Flying Knee"],"picked":"Bane+1","floor":27},{"not_picked":["Backflip","Dodge and Roll"],"picked":"A Thousand Cuts","floor":28},{"not_picked":["Skewer+1","Well Laid Plans"],"picked":"Underhanded Strike+1","floor":30},{"not_picked":["Slice","Acrobatics+1"],"picked":"PiercingWail","floor":31},{"not_picked":["Venomology","Grand Finale"],"picked":"Bullet Time","floor":33},{"not_picked":["Setup+1","Sucker Punch"],"picked":"Cloak And Dagger+1","floor":35},{"not_picked":["Flying Knee+1","Tactician+1","Riddle With Holes+1"],"picked":"SKIP","floor":37},{"not_picked":["Bane+1","Dagger Spray+1","Blade Dance+1"],"picked":"SKIP","floor":38},{"not_picked":["Concentrate+1","Cloak And Dagger+1"],"picked":"Deflect+1","floor":39},{"not_picked":["Deep Breath+1","Secret Weapon+1"],"picked":"Dramatic Entrance","floor":41},{"not_picked":["Bane","Acrobatics+1"],"picked":"PiercingWail+1","floor":42},{"not_picked":["Distraction+1","Slice","Quick Slash+1"],"picked":"Deflect+1","floor":45},{"not_picked":["Deadly Poison+1","Concentrate+1","Heel Hook+1"],"picked":"Deflect+1","floor":48}],"player_experience":361840,"relics_obtained":[{"floor":7,"key":"Strawberry"},{"floor":9,"key":"Blue Candle"},{"floor":11,"key":"War Paint"},{"floor":24,"key":"Darkstone Periapt"},{"floor":26,"key":"HornCleat"},{"floor":34,"key":"Boot"},{"floor":34,"key":"Toxic Egg 2"},{"floor":34,"key":"FossilizedHelix"},{"floor":42,"key":"Ice Cream"},{"floor":43,"key":"Question Card"}],"event_choices":[{"damage_healed":0,"gold_gain":65,"player_choice":"Gained Gold","damage_taken":0,"max_hp_gain":0,"max_hp_loss":0,"event_name":"Golden Wing","floor":3,"gold_loss":0},{"damage_healed":0,"gold_gain":0,"player_choice":"Grow","damage_taken":0,"max_hp_gain":0,"max_hp_loss":0,"event_name":"Living Wall","floor":4,"gold_loss":0,"cards_upgraded":["Mayhem"]},{"damage_healed":0,"gold_gain":0,"player_choice":"Ignored","damage_taken":0,"max_hp_gain":0,"max_hp_loss":0,"event_name":"Purifier","floor":20,"gold_loss":0},{"damage_healed":0,"gold_gain":275,"player_choice":"Desecrate","damage_taken":0,"max_hp_gain":0,"max_hp_loss":0,"event_name":"Golden Shrine","floor":36,"gold_loss":0,"cards_obtained":["Regret"]},{"damage_healed":0,"gold_gain":0,"player_choice":"Memory 1","damage_taken":0,"max_hp_gain":0,"max_hp_loss":0,"event_name":"SensoryStone","floor":41,"gold_loss":0},{"damage_healed":0,"gold_gain":0,"player_choice":"Fight","damage_taken":0,"max_hp_gain":0,"max_hp_loss":0,"event_name":"MindBloom","floor":42,"gold_loss":0},{"cards_removed":["Defend_G"],"damage_healed":0,"gold_gain":0,"player_choice":"Removed Skill","damage_taken":0,"max_hp_gain":0,"max_hp_loss":0,"event_name":"Falling","floor":47,"gold_loss":0}],"is_beta":false,"boss_relics":[{"not_picked":["Astrolabe","Pandora\u0027s Box"],"picked":"Sozu"},{"not_picked":["WristBlade","Fusion Hammer"],"picked":"Calling Bell"}],"items_purged_floors":[46],"is_endless":false,"potions_floor_spawned":[2,11,12,18,28,30,33,37,39,42],"killed_by":"Awakened One","ascension_level":7}}