{"host":"sdl5b0uiznq00owb","time":1609903091,"event":{"mods":["BaseMod","Minty Spire (QoL Compilation)","Permanent Neow","Relic Stats"],"gold_per_floor":[118,130,150,150,170,170,210,210,210,248,248,272,272,288,288,413,413,432,532,551,569,610,610,610],"floor_reached":23,"playtime":2084,"items_purged":[],"score":330,"play_id":"f58a31bc-62db-4c61-96db-1480c852a64d","local_time":"20210105211811","is_ascension_mode":true,"campfire_choices":[{"data":"Coolheaded","floor":6.0,"key":"SMITH"},{"floor":8.0,"key":"REST"},{"data":"Capacitor","floor":11.0,"key":"SMITH"},{"data":"Barrage","floor":15.0,"key":"SMITH"}],"circlet_count":0,"master_deck":["AscendersBane","Zap","Dualcast","Capacitor+1","Multi-Cast","Cold Snap","Barrage+1","Undo","Chill","Gash","Hologram","Ball Lightning","Sweeping Beam","Conserve Battery","Coolheaded+1","Echo Form","Darkness","Conserve Battery"],"relics":["Pandora\u0027s Box","Golden Idol","Bottled Lightning","Singing Bowl","Pear","Runic Pyramid","Red Mask"],"acts_visited":["Exordium","TheCity"],"potions_floor_usage":[22,22,22,23],"damage_taken":[{"damage":0.0,"enemies":"Jaw Worm","floor":1.0,"turns":5.0},{"damage":0.0,"enemies":"Small Slimes","floor":2.0,"turns":3.0},{"damage":0.0,"enemies":"Cultist","floor":3.0,"turns":3.0},{"damage":0.0,"enemies":"2 Fungi Beasts","floor":5.0,"turns":3.0},{"damage":16.0,"enemies":"Gremlin Nob","floor":7.0,"turns":4.0},{"damage":13.0,"enemies":"3 Sentries","floor":10.0,"turns":5.0},{"damage":5.0,"enemies":"3 Louse","floor":12.0,"turns":4.0},{"damage":9.0,"enemies":"Large Slime","floor":14.0,"turns":7.0},{"damage":14.0,"enemies":"Hexaghost","floor":16.0,"turns":6.0},{"damage":4.0,"enemies":"Shell Parasite","floor":18.0,"turns":5.0},{"damage":11.0,"enemies":"3 Byrds","floor":20.0,"turns":5.0},{"damage":18.0,"enemies":"Centurion and Healer","floor":21.0,"turns":6.0},{"damage":21,"enemies":"Masked Bandits","floor":22,"turns":5},{"damage":43,"enemies":"Gremlin Leader","floor":23,"turns":6}],"seed_played":"8858823827277514071","potions_obtained":[{"floor":1.0,"key":"EntropicBrew"},{"floor":7.0,"key":"Strength Potion"},{"floor":10.0,"key":"Block Potion"},{"floor":14.0,"key":"FocusPotion"},{"floor":16.0,"key":"Ancient Potion"},{"floor":22,"key":"LiquidMemories"}],"is_trial":false,"path_per_floor":["M","M","M","?","M","R","E","R","T","E","R","M","$","M","R","B",null,"M","?","M","M","?","E"],"character_chosen":"DEFECT","items_purchased":[],"campfire_rested":1,"item_purchase_floors":[],"current_hp_per_floor":[68,68,68,50,50,50,34,56,56,55,55,52,52,45,45,31,76,72,72,63,47,26,0,0],"gold":610,"neow_bonus":"BOSS_RELIC","is_daily":false,"chose_seed":false,"campfire_upgraded":3,"win_rate":0.0,"timestamp":1609903091,"path_taken":["M","M","M","?","M","R","E","R","T","E","R","M","$","M","R","BOSS","M","?","M","?","?","E"],"items_purchased_type":[],"build_version":"2020-12-22","purchased_purges":0,"victory":false,"max_hp_per_floor":[75,75,75,75,75,75,75,75,75,87,87,89,89,91,91,91,91,91,91,93,95,95,95,95],"relic_stats":{"Singing Bowl":10,"counters":[14,67],"Golden Idol":73,"Pandora\u0027s Box":["Capacitor","Multi-Cast","Cold Snap","Barrage","Undo","Chill","Gash","Hologram"],"obtain_stats":[{"Pear":10,"Singing Bowl":9,"Golden Idol":4,"Pandora\u0027s Box":0,"Red Mask":22,"Bottled Lightning":7,"Cracked Core":0,"Runic Pyramid":17},{"Pear":6,"Singing Bowl":5,"Golden Idol":3,"Pandora\u0027s Box":0,"Red Mask":13,"Bottled Lightning":5,"Cracked Core":0,"Runic Pyramid":9},{"Pear":23,"Singing Bowl":18,"Golden Idol":11,"Pandora\u0027s Box":0,"Red Mask":61,"Bottled Lightning":18,"Cracked Core":0,"Runic Pyramid":40}]},"card_choices":[{"not_picked":["Auto Shields","Cold Snap"],"picked":"Ball Lightning","floor":1.0},{"not_picked":["Turbo","Steam"],"picked":"Sweeping Beam","floor":2.0},{"not_picked":["Force Field","Redo"],"picked":"Conserve Battery","floor":3.0},{"not_picked":["Rebound","Multi-Cast"],"picked":"Coolheaded","floor":5.0},{"not_picked":["Blizzard","Hello World","Sweeping Beam"],"picked":"SKIP","floor":7.0},{"not_picked":["Hologram","Reprogram","Steam"],"picked":"Singing Bowl","floor":10.0},{"not_picked":["Barrage","Rebound","Skim"],"picked":"Singing Bowl","floor":12.0},{"not_picked":["White Noise","Gash","Compile Driver"],"picked":"Singing Bowl","floor":14.0},{"not_picked":["Thunder Strike","All For One"],"picked":"Echo Form","floor":16.0},{"not_picked":["Turbo","Ball Lightning+1"],"picked":"Darkness","floor":18.0},{"not_picked":["Sweeping Beam","Force Field","BootSequence"],"picked":"Singing Bowl","floor":20.0},{"not_picked":["Redo","Static Discharge","Streamline"],"picked":"Singing Bowl","floor":21.0},{"not_picked":["Turbo","Leap"],"picked":"Conserve Battery","floor":22}],"player_experience":757745,"relics_obtained":[{"floor":7.0,"key":"Bottled Lightning"},{"floor":9.0,"key":"Singing Bowl"},{"floor":10.0,"key":"Pear"},{"floor":22,"key":"Red Mask"}],"event_choices":[{"damage_healed":0.0,"max_hp_gain":0.0,"max_hp_loss":0.0,"gold_gain":0.0,"event_name":"Golden Idol","player_choice":"Take Damage","floor":4.0,"gold_loss":0.0,"damage_taken":18.0,"relics_obtained":["Golden Idol"]},{"damage_healed":0.0,"max_hp_gain":0.0,"max_hp_loss":0.0,"gold_gain":100.0,"event_name":"Golden Shrine","player_choice":"Pray","floor":19.0,"gold_loss":0.0,"damage_taken":0.0},{"damage_healed":0,"gold_gain":0,"player_choice":"Fought Bandits","damage_taken":0,"max_hp_gain":0,"max_hp_loss":0,"event_name":"Masked Bandits","floor":22,"gold_loss":0}],"is_beta":false,"boss_relics":[{"not_picked":["Calling Bell","SacredBark"],"picked":"Runic Pyramid"}],"items_purged_floors":[],"is_endless":false,"potions_floor_spawned":[1,7,10,14,16,21,22],"killed_by":"Gremlin Leader","ascension_level":10}}