{"host":"3vgzk5mhz751jdrj","time":1609962386,"event":{"mods":["2.2 Compatiblity","AchievementEnabler","Act Like it!","Aspiration","BaseMod","Better Match","Better Note","Better Sensory Stone","Better Skull","Better Third Choice","Block Reminder","Colored Map","Conspire","Displayed Cursed Tome","Downfall","Friendly Minions","GifTheSpireLib","Halation","Hubris","Marked Mod","Mimic Mod","Minty Spire (QoL Compilation)","Quick Restart","Rare Cards Sparkle","Replay The Spire","Reworked Bosses","Shop Mod","Spicy Shops","Spikes Relics","StSLib","Stuff the Spire","Trackpad","vexMod"],"gold_per_floor":[99,112,112,112,132,132,205,221,221,221,221,249,174,190,205,301,301,301,316,175,185,120,342,368,368,368,384,309,125,142,162,177,272,272,272,287,287,49,49,74,128,53,80,98,35,46,46,62,81,81],"floor_reached":51,"playtime":4479,"items_purged":[],"score":677,"play_id":"aa953712-8e18-46d5-b54b-90db4cb3a5cd","local_time":"20210106144626","is_ascension_mode":false,"campfire_choices":[{"data":"champ:Taunt","floor":1,"key":"SMITH"},{"data":"champ:Duel","floor":6,"key":"SMITH"},{"data":"champ:ShieldWall","floor":9,"key":"SMITH"},{"data":"champ:Improvising","floor":13,"key":"SMITH"},{"data":"champ:VampiricStrike","floor":18,"key":"SMITH"},{"data":"champ:IgnorePain","floor":25,"key":"SMITH"},{"floor":25,"key":"RECALL"},{"data":"Static Discharge","floor":28,"key":"SMITH"},{"data":"champ:StanceDance","floor":28,"key":"SMITH"},{"data":"Apotheosis","floor":35,"key":"SMITH"},{"data":"champ:Devastate","floor":35,"key":"SMITH"},{"floor":42,"key":"REST"},{"floor":47,"key":"REST"}],"circlet_count":0,"master_deck":["champ:Strike","champ:Strike+1","champ:Strike","champ:Strike","champ:Defend","champ:Defend","champ:Defend","champ:Execute","champ:Taunt+1","champ:ShieldWall+1","champ:Duel+1","champ:FlashCut","Static Discharge+1","champ:Improvising+1","champ:HeartStrike","champ:DeathBlow","champ:VampiricStrike+1","champ:StanceDance+1","champ:TornadoPunch","champ:BringItOn+1","champ:IgnorePain+1","champ:Haymaker","champ:Devastate+1","Apotheosis+1","champ:BladeFlurry+1","champ:CheapShot","champ:ArenaPreparation+1","champ:EnGarde+1","champ:Duel","expansioncontent:LastStand","champ:CalledShot","champ:Encircle+1","champ:EndlessRage+1"],"relics":["champ:ChampionCrown","trackpad:WritersBlock","halation:EternalFortune","Gremlin Horn","hubris:Towel","Ancient Tea Set","Orichalcum","downfall:HeartBlessingGreen","halation:PenCase","RollingBoulder","downfall:HeartBlessingRed","Black Star","champ:FightingForDummies","Blue Doll","Juzu Bracelet","downfall:HeartBlessingBlue","MiniBlackHole"],"acts_visited":["Exordium","TheCity","TheBeyond"],"potions_floor_usage":[5,16,16,20,32,33,38,40,48],"damage_taken":[{"damage":9,"enemies":"Jaw Worm","floor":2,"turns":3},{"damage":10,"enemies":"2 Louse","floor":5,"turns":3},{"damage":0,"enemies":"conspire:RoseBush","floor":8,"turns":2},{"damage":22,"enemies":"3 Sentries","floor":12,"turns":6},{"damage":13,"enemies":"Large Slime","floor":14,"turns":4},{"damage":0,"enemies":"Blue Slaver","floor":15,"turns":4},{"damage":28,"enemies":"downfall:Watcher","floor":16,"turns":6},{"damage":9,"enemies":"Chosen","floor":19,"turns":6},{"damage":5,"enemies":"downfall:FleeingMerchant","floor":20,"turns":4},{"damage":11,"enemies":"Shell Parasite","floor":21,"turns":7},{"damage":15,"enemies":"downfall:FleeingMerchant","floor":22,"turns":4},{"damage":15,"enemies":"Snecko","floor":27,"turns":4},{"damage":9,"enemies":"downfall:FleeingMerchant","floor":29,"turns":4},{"damage":3,"enemies":"Snake Plant","floor":30,"turns":5},{"damage":18,"enemies":"3 Cultists","floor":31,"turns":5},{"damage":9,"enemies":"Chosen and Byrds","floor":32,"turns":5},{"damage":44,"enemies":"downfall:Ironclad","floor":33,"turns":7},{"damage":55,"enemies":"3 Shapes","floor":36,"turns":5},{"damage":20,"enemies":"downfall:FleeingMerchant","floor":38,"turns":4},{"damage":87,"enemies":"Giant Head","floor":40,"turns":12},{"damage":17,"enemies":"Orb Walker","floor":44,"turns":5},{"damage":10,"enemies":"downfall:FleeingMerchant","floor":45,"turns":4},{"damage":57,"enemies":"3 Darklings","floor":46,"turns":6},{"damage":8,"enemies":"Sphere and 2 Shapes","floor":48,"turns":8},{"damage":63,"enemies":"Maw","floor":49,"turns":7},{"damage":85,"enemies":"downfall:Defect","floor":50,"turns":10}],"seed_played":"5477342389396416565","potions_obtained":[{"floor":5,"key":"Fruit Juice"},{"floor":14,"key":"Regen Potion"},{"floor":15,"key":"FearPotion"},{"floor":16,"key":"SpeedPotion"},{"floor":19,"key":"Swift Potion"},{"floor":30,"key":"SkillPotion"},{"floor":31,"key":"Fire Potion"},{"floor":32,"key":"Strength Potion"},{"floor":33,"key":"EssenceOfSteel"},{"floor":44,"key":"Elixir"}],"is_trial":false,"path_per_floor":["R","M","?","?","M","R","T","M","R","?","?","E","R","M","M","B",null,"R","M","$","M","$","?","T","R","?","M","R","$","M","M","M","B",null,"R","M","?","$","?","E","T","R","T","M","?","M","R","M","M","B",null],"character_chosen":"THE_CHAMP","items_purchased":["halation:PenCase","champ:TornadoPunch","champ:Haymaker","Apotheosis","champ:FightingForDummies","champ:Duel","champ:CounterPotion"],"campfire_rested":2,"item_purchase_floors":[20,20,22,29,38,38,45],"current_hp_per_floor":[90,86,89,89,87,87,87,90,90,90,76,64,64,56,59,66,107,107,107,107,101,107,67,67,67,67,67,67,76,73,70,83,65,110,110,55,55,55,55,17,17,63,63,66,82,43,79,76,77,41],"gold":81,"neow_bonus":"RANDOM_COMMON_RELIC","is_daily":false,"chose_seed":false,"campfire_upgraded":10,"win_rate":0.0,"timestamp":1609962386,"path_taken":["R","M","?","?","M","R","T","?","R","?","?","E","R","M","M","BOSS","R","M","$","M","$","?","T","R","?","?","R","$","M","?","M","BOSS","R","M","?","$","?","E","T","R","?","M","?","M","R","M","M","BOSS"],"items_purchased_type":["Relic","Card","Card","Card","Relic","Card","Potion"],"build_version":"2020-12-22","purchased_purges":0,"victory":true,"max_hp_per_floor":[90,90,93,93,101,101,101,104,104,104,104,104,104,104,107,107,107,107,107,107,107,107,107,107,107,107,107,107,107,107,107,110,110,110,110,110,110,110,110,110,110,120,120,120,120,120,120,120,120,120],"card_choices":[{"not_picked":["champ:BerserkersShout","champ:CrookedStrike"],"picked":"champ:ShieldWall","floor":2},{"not_picked":["champ:DeathBlow","champ:GutPunch"],"picked":"champ:Duel","floor":5},{"not_picked":["champ:HeartStrike","champ:StanceDance"],"picked":"champ:FlashCut","floor":8},{"not_picked":["champ:FalseCounter","champ:GutPunch"],"picked":"champ:Improvising","floor":12},{"not_picked":["champ:PerfectForm","champ:RecklessLeap"],"picked":"champ:HeartStrike","floor":14},{"not_picked":["champ:GutPunch","champ:FightOn"],"picked":"champ:DeathBlow","floor":15},{"not_picked":["champ:DancingMaster","champ:SteelEdge"],"picked":"champ:VampiricStrike","floor":16},{"not_picked":["champ:Riposte+1","champ:CalledShot+1"],"picked":"champ:StanceDance","floor":19},{"not_picked":["champ:FalseCounter","champ:FlashCut","champ:DefensiveShout"],"picked":"SKIP","floor":20},{"not_picked":["champ:BerserkerStyle","champ:FanOfKnives"],"picked":"champ:BringItOn+1","floor":21},{"not_picked":["champ:FightOn","champ:EnGarde"],"picked":"champ:IgnorePain","floor":22},{"not_picked":["champ:GladiatorsShout","champ:Circumvent","champ:BerserkersShout"],"picked":"SKIP","floor":27},{"not_picked":["champ:StanceDance","champ:Lariat"],"picked":"champ:Devastate","floor":29},{"not_picked":["champ:FocusedGladiator+1","champ:HeartStrike"],"picked":"champ:BladeFlurry+1","floor":30},{"not_picked":["champ:GladiatorsShout+1","champ:SkillfulDodge","champ:StanceDance"],"picked":"SKIP","floor":31},{"not_picked":["champ:Backstep","champ:BerserkerStyle","champ:BringItOn"],"picked":"SKIP","floor":32},{"not_picked":["champ:ShieldThrow","champ:Improvising"],"picked":"champ:CheapShot","floor":33},{"not_picked":["champ:BladeFlurry","champ:ShieldWall+1"],"picked":"champ:ArenaPreparation+1","floor":36},{"not_picked":["champ:GutPunch","champ:ShieldSlam"],"picked":"champ:EnGarde+1","floor":38},{"not_picked":["StuffTheSpire:PlasmaPunch","expansioncontent:FaceSlap"],"picked":"expansioncontent:LastStand","floor":39},{"not_picked":["champ:FocusedDefense","champ:GladiatorsShout","champ:ShieldWall"],"picked":"SKIP","floor":40},{"not_picked":["champ:ShieldThrow","champ:Circumvent+1","champ:FlashCut"],"picked":"SKIP","floor":44},{"not_picked":["champ:ViciousMockery","champ:Backstep"],"picked":"champ:CalledShot","floor":45},{"not_picked":["champ:AdrenalArmor","champ:FalseCounter"],"picked":"champ:Encircle+1","floor":46},{"not_picked":["champ:IgnorePain","champ:AdrenalArmor+1","champ:FlashCut"],"picked":"SKIP","floor":48},{"not_picked":["champ:DefensiveShout+1","champ:RapidStrikes+1"],"picked":"champ:EndlessRage+1","floor":49}],"player_experience":337967,"relics_obtained":[{"floor":5,"key":"halation:EternalFortune"},{"floor":7,"key":"Gremlin Horn"},{"floor":8,"key":"halation:EternalFortune"},{"floor":12,"key":"Orichalcum"},{"floor":15,"key":"halation:EternalFortune"},{"floor":24,"key":"RollingBoulder"},{"floor":32,"key":"halation:EternalFortune"},{"floor":40,"key":"Blue Doll"},{"floor":40,"key":"Juzu Bracelet"},{"floor":43,"key":"MiniBlackHole"}],"event_choices":[{"cards_removed":["champ:Defend"],"damage_healed":0,"gold_gain":0,"player_choice":"Offered Basic","damage_taken":0,"max_hp_gain":0,"max_hp_loss":0,"event_name":"Bonfire Elementals","floor":4,"gold_loss":0},{"damage_healed":0,"gold_gain":222,"player_choice":"UP GO GO ","damage_taken":44,"relics_obtained":[],"max_hp_gain":0,"max_hp_loss":0,"event_name":"betterSkull:BetterSkull","floor":23,"gold_loss":0,"cards_upgraded":["champ:Strike"]},{"cards_removed":["champ:IgnorePain"],"damage_healed":0,"gold_gain":0,"player_choice":"Give","damage_taken":0,"max_hp_gain":0,"max_hp_loss":0,"event_name":"betterNote:BetterNote","floor":26,"gold_loss":0,"cards_obtained":["None"]},{"damage_healed":0,"gold_gain":3,"player_choice":"1","damage_taken":0,"max_hp_gain":0,"max_hp_loss":0,"event_name":"betterStone:BetterStone","floor":39,"gold_loss":0}],"is_beta":false,"boss_relics":[{"not_picked":["Kintsugi","halation:PlatinumPhoenix","StuffTheSpire:RunicConfusion"]},{"not_picked":["halation:Yufonium","aspiration:SilentSkillbook"],"picked":"Black Star"}],"items_purged_floors":[],"is_endless":false,"potions_floor_spawned":[5,14,15,16,19,30,31,32,33,44],"ascension_level":0}}