{"host":"pno9h1fupbyz205f","time":1609977248,"event":{"mods":["Aspiration","BaseMod","Better Altar","Better Match","Better Note","Better Sensory Stone","Better Skull","Better Third Choice","Colored Map","Colored Powertips","Hubris","Infinite Spire","Jedi Mod","Mad Scientist","Marisa????????","Minty Spire (QoL Compilation)","Permanent Neow","Potionbrewer","Replay The Spire","Shop Mod","StSLib","Td1madao Mod","The Blackbeard","The Gatherer","The Hierophant","The Poker Player","The Runesmith","The Servant 0.9.4","thorton","vexMod"],"gold_per_floor":[118,137,87,34,49,49,65,89,89,89,89,115,115,115,115,251,251,283,46,46,91,91,91,120,187,187,31,31,31,79,131,131,275,275,342,406,142,233,233,233,328,408,408,472,472,472],"floor_reached":44,"playtime":2319,"items_purged":["thethorton:Strike","thethorton:Defend","thethorton:Strike","thethorton:Strike"],"score":500,"play_id":"cd4fd3a9-5518-4119-a49a-dec5ba3ad100","local_time":"20210106155408","is_ascension_mode":false,"campfire_choices":[{"data":"thethorton:Heckle","floor":6,"key":"SMITH"},{"floor":10,"key":"REST"},{"data":"thethorton:MomentaryBreak","floor":13,"key":"SMITH"},{"floor":15,"key":"REST"},{"floor":23,"key":"REST"},{"data":"thethorton:Fortune","floor":28,"key":"SMITH"},{"data":"thethorton:Rebalance","floor":32,"key":"SMITH"},{"floor":40,"key":"REST"}],"circlet_count":0,"master_deck":["thethorton:Strike","thethorton:Defend","thethorton:Defend","thethorton:Defend","thethorton:Heckle+1","thethorton:CreditCard","thethorton:DualBap","thethorton:HitAhead","thethorton:HitAhead","thethorton:BusinessCard","thethorton:MomentaryBreak+1","thethorton:PocketChange","thethorton:Fortune+1","thethorton:Rebalance+1","thethorton:SheetShred","thethorton:BusinessCard","blackbeard:Anchor","infinitespire:Starlight","thethorton:WhirlingBriefcase","Swift Strike","thethorton:OddChange","thethorton:BusinessCard+1","thethorton:PennyToss","thethorton:BusinessCard","thethorton:GoldBuffer+1","thethorton:SnowDay","thethorton:FeelNoBrain","Secret Weapon","thethorton:SeeingDouble","thethorton:BusinessCard","thethorton:LongTermPayoff+1","Parasite"],"relics":["thethorton:CouragePotion","Sizzling Blood","infinitespire:Lucky Rock","Golden Idol","potionbrewer:BhaskarasWheel","MerchantsRug","Gambling Chip","Anchor","vexMod:InvisibilityCloak","vexMod:FocusSash","Iron Hammer","Black Star","Replay:Kaleidoscope","BargainBundle","Letter Opener","infinitespire:CursedDice","hubris:PeanutButter","Lizard Tail","infinitespire:FocusingShard","Molten Egg 2"],"acts_visited":["Exordium","TheCity","TheBeyond"],"potions_floor_usage":[8,16,21,24,25,25,36,38,41,41,44],"damage_taken":[{"damage":28,"enemies":"Cultist","floor":1,"turns":7},{"damage":11,"enemies":"2 Louse","floor":2,"turns":3},{"damage":4,"enemies":"Jaw Worm","floor":5,"turns":3},{"damage":1,"enemies":"2 Fungi Beasts","floor":7,"turns":4},{"damage":8,"enemies":"Large Slime","floor":8,"turns":5},{"damage":15,"enemies":"Exordium Thugs","floor":12,"turns":5},{"damage":60,"enemies":"Fading Forest","floor":16,"turns":11},{"damage":15,"enemies":"Shell Parasite","floor":18,"turns":5},{"damage":32,"enemies":"Spheric Guardian","floor":21,"turns":6},{"damage":36,"enemies":"Centurion and Healer","floor":24,"turns":7},{"damage":22,"enemies":"Book of Stabbing","floor":25,"turns":5},{"damage":15,"enemies":"Snake Plant","floor":30,"turns":6},{"damage":4,"enemies":"Cultist and Chosen","floor":31,"turns":5},{"damage":47,"enemies":"hubris:MusketHawk","floor":33,"turns":11},{"damage":53,"enemies":"3 Darklings","floor":35,"turns":9},{"damage":23,"enemies":"3 Shapes","floor":36,"turns":4},{"damage":12,"enemies":"Mind Bloom Boss Battle","floor":38,"turns":4},{"damage":74,"enemies":"Reptomancer","floor":41,"turns":10},{"damage":1,"enemies":"3 Darklings","floor":42,"turns":7},{"damage":39,"enemies":"Writhing Mass","floor":44,"turns":9}],"seed_played":"-5443393360434138285","potions_obtained":[{"floor":5,"key":"potionbrewer:DiscountPotion"},{"floor":8,"key":"ColorlessPotion"},{"floor":16,"key":"Energy Potion"},{"floor":18,"key":"Explosive Potion"},{"floor":21,"key":"potionbrewer:InfectionPotion"},{"floor":24,"key":"Explosive Potion"},{"floor":35,"key":"potionbrewer:SplittingPotion"},{"floor":41,"key":"LiquidMemories"},{"floor":44,"key":"Flashbang"}],"is_trial":false,"path_per_floor":["M","M","?","$","M","R","M","M","T","R","T","M","R","?","R","B",null,"M","$","?","M","AVR","R","M","E","T","$","R","?","M","M","R","B",null,"M","M","$","?","?","R","E","M","T","M"],"character_chosen":"THE_THORT","items_purchased":["thethorton:HitAhead","MerchantsRug","thethorton:SheetShred","thethorton:BusinessCard","Swift Strike","thethorton:OddChange","BargainBundle","thethorton:SnowDay","LifebloodPotion","Death Potion","thethorton:FeelNoBrain","Jack Of All Trades","Secret Weapon"],"campfire_rested":4,"item_purchase_floors":[4,19,19,19,27,27,37,37,37,37,37,37,37],"current_hp_per_floor":[48,41,41,41,41,41,44,43,43,64,64,56,56,38,59,17,72,65,65,65,41,41,62,44,40,40,40,40,40,43,57,57,28,72,33,18,18,29,29,50,30,47,47,31,31,31],"gold":472,"neow_bonus":"NOSTALGIA","is_daily":false,"chose_seed":false,"campfire_upgraded":4,"win_rate":0.0,"timestamp":1609977248,"path_taken":["M","?","?","$","M","R","M","M","T","R","?","M","R","?","R","BOSS","M","$","?","M","AVR","R","M","E","T","$","R","?","M","M","R","BOSS","M","M","$","?","?","R","E","M","T","?"],"items_purchased_type":["Card","Relic","Card","Card","Card","Card","Relic","Card","Potion","Potion","Card","Card","Card"],"build_version":"2020-12-22","purchased_purges":4,"victory":false,"max_hp_per_floor":[72,72,72,72,72,72,72,72,72,72,72,72,72,72,72,72,72,72,72,72,72,72,72,72,72,72,72,72,72,72,72,72,72,72,72,72,72,72,72,72,72,72,72,72,72,72],"card_choices":[{"not_picked":["thethorton:TakeAccounts","thethorton:SicklyRun"],"picked":"thethorton:DualBap","floor":1},{"not_picked":["thethorton:GemGun","thethorton:StumblingSlap"],"picked":"thethorton:HitAhead","floor":2},{"not_picked":["thethorton:SeeingDouble","thethorton:ShoutAndRun"],"picked":"thethorton:BusinessCard","floor":5},{"not_picked":["thethorton:StumblingSlap","thethorton:Rebalance"],"picked":"thethorton:MomentaryBreak","floor":7},{"not_picked":["thethorton:SeeingDouble","thethorton:CoffeeBlast"],"picked":"thethorton:PocketChange","floor":8},{"not_picked":["thethorton:Investment","thethorton:DownPayment"],"picked":"thethorton:DualBap","floor":12},{"not_picked":["thethorton:CompoundInterest","thethorton:YoureFired"],"picked":"thethorton:Fortune","floor":16},{"not_picked":["thethorton:HitAhead+1","thethorton:StumblingSlap"],"picked":"thethorton:Rebalance","floor":18},{"not_picked":["thethorton:ShoutAndRun","thethorton:AngerMoment+1","thethorton:FearfulRun"],"picked":"SKIP","floor":21},{"not_picked":["thethorton:LongTermPayoff","thethorton:RunningFeint","thethorton:BookBash+1"],"picked":"SKIP","floor":24},{"not_picked":["thethorton:LongTermPayoff","thethorton:RunningFeint","thethorton:BookBash+1"],"picked":"SKIP","floor":24},{"not_picked":["thethorton:RunningKick","thethorton:DownPayment"],"picked":"thethorton:WhirlingBriefcase","floor":25},{"not_picked":["thethorton:DownPayment","thethorton:FearfulRun"],"picked":"thethorton:BusinessCard+1","floor":30},{"not_picked":["thethorton:GemGun","thethorton:ChartProject","thethorton:Investment"],"picked":"SKIP","floor":31},{"not_picked":["thethorton:CrashingStocks","thethorton:Portfolio"],"picked":"thethorton:PennyToss","floor":33},{"not_picked":["thethorton:AngerMoment+1","thethorton:DockPay"],"picked":"thethorton:BusinessCard","floor":35},{"not_picked":["thethorton:ChartProject+1","thethorton:CoinClash"],"picked":"thethorton:GoldBuffer+1","floor":36},{"not_picked":["thethorton:ChartProject+1","thethorton:CoffeeBlast+1"],"picked":"thethorton:SeeingDouble","floor":38},{"not_picked":["thethorton:Crash+1","thethorton:LongTermPayoff"],"picked":"thethorton:BusinessCard","floor":41},{"not_picked":["thethorton:StampSmack","thethorton:BookBash+1"],"picked":"thethorton:LongTermPayoff+1","floor":42},{"not_picked":["thethorton:BookBash+1","thethorton:StumblingSlap+1","thethorton:LongTermPayoff"],"picked":"SKIP","floor":44}],"player_experience":104153,"relics_obtained":[{"floor":9,"key":"infinitespire:Lucky Rock"},{"floor":11,"key":"hubris:AstralHammer"},{"floor":25,"key":"potionbrewer:BottledElixir"},{"floor":26,"key":"vexMod:InvisibilityCloak"},{"floor":38,"key":"infinitespire:CursedDice"},{"floor":41,"key":"hubris:PeanutButter"},{"floor":41,"key":"Lizard Tail"},{"floor":43,"key":"Molten Egg 2"}],"event_choices":[{"cards_removed":["Normality"],"damage_healed":0,"gold_gain":0,"player_choice":"Card Removal","damage_taken":0,"max_hp_gain":0,"max_hp_loss":0,"event_name":"The Cleric","floor":3,"gold_loss":50},{"damage_healed":0,"gold_gain":0,"player_choice":"Take Damage","damage_taken":18,"relics_obtained":["Golden Idol"],"max_hp_gain":0,"max_hp_loss":0,"event_name":"Golden Idol","floor":14,"gold_loss":0},{"damage_healed":0,"gold_gain":0,"player_choice":"Take","damage_taken":0,"max_hp_gain":0,"max_hp_loss":0,"event_name":"betterNote:BetterNote","floor":20,"gold_loss":0,"cards_obtained":["blackbeard:Anchor"]},{"cards_removed":["thethorton:DualBap"],"damage_healed":0,"gold_gain":0,"player_choice":"Gave Card","damage_taken":0,"relics_obtained":["vexMod:FocusSash"],"max_hp_gain":0,"max_hp_loss":0,"event_name":"WeMeetAgain","floor":29,"gold_loss":0},{"damage_healed":0,"gold_gain":0,"player_choice":"Fight","damage_taken":0,"max_hp_gain":0,"max_hp_loss":0,"event_name":"MindBloom","floor":38,"gold_loss":0},{"cards_removed":["Jack Of All Trades"],"damage_healed":0,"gold_gain":0,"player_choice":"Removed Skill","damage_taken":0,"max_hp_gain":0,"max_hp_loss":0,"event_name":"Falling","floor":39,"gold_loss":0}],"is_beta":false,"boss_relics":[{"not_picked":["aspiration:SilentSkillbook","vexMod:NewClearReactor"],"picked":"potionbrewer:BhaskarasWheel"},{"not_picked":["aspiration:SecretTechniqueScroll","ChewingGum"],"picked":"Black Star"}],"items_purged_floors":[19,22,27,37],"is_endless":false,"potions_floor_spawned":[5,8,16,18,21,24,35,41,44],"killed_by":"Writhing Mass","ascension_level":0}}