{"host":"7nm1ow5v9mg4ehcw","time":1609967075,"event":{"mods":["BaseMod","Minty Spire (QoL Compilation)","StSLib"],"gold_per_floor":[112,287,299,299,35,61,61,10,34,34,89,89,99,125,125,226,226,238,253,253,268,268,268,268,294,367,402,402,420,420,38,38,139,139,150,160,160,179,195,195,195,195],"floor_reached":41,"playtime":2053,"items_purged":["Strike_B"],"score":487,"play_id":"b59e07bb-f461-4cd9-85ef-68fe1122af8b","local_time":"20210106220435","is_ascension_mode":false,"campfire_choices":[{"floor":10,"key":"REST"},{"data":"Scrape","floor":12,"key":"SMITH"},{"floor":15,"key":"RECALL"},{"floor":24,"key":"REST"},{"floor":28,"key":"REST"},{"data":"Zap","floor":30,"key":"SMITH"},{"data":"Dualcast","floor":32,"key":"SMITH"},{"floor":40,"key":"REST"}],"circlet_count":0,"master_deck":["Strike_B","Strike_B","Strike_B","Defend_B","Defend_B","Defend_B","Defend_B","Zap+1","Dualcast+1","Flash of Steel","Scrape+1","Gash","Gash","Undo","Beam Cell","Beam Cell","Skim","Steam","White Noise","BootSequence","Gash","Genetic Algorithm","Steam","Leap","Steam","Scrape+1","Seek","Go for the Eyes+1","Gash","Parasite","Leap+1"],"relics":["Cracked Core","Pantograph","Lantern","Question Card","Pen Nib","Centennial Puzzle","Ginger","Nuclear Battery","Strawberry","Matryoshka","DollysMirror","Oddly Smooth Stone","Black Star","Orichalcum"],"acts_visited":["Exordium","TheCity","TheBeyond"],"potions_floor_usage":[11,14,25,27,33,41],"damage_taken":[{"damage":0,"enemies":"Cultist","floor":1,"turns":2},{"damage":0,"enemies":"Small Slimes","floor":3,"turns":3},{"damage":26,"enemies":"Lagavulin","floor":6,"turns":6},{"damage":3,"enemies":"Gremlin Nob","floor":11,"turns":3},{"damage":2,"enemies":"2 Louse","floor":13,"turns":2},{"damage":0,"enemies":"Gremlin Nob","floor":14,"turns":2},{"damage":34,"enemies":"Hexaghost","floor":16,"turns":9},{"damage":0,"enemies":"3 Byrds","floor":18,"turns":4},{"damage":0,"enemies":"Chosen","floor":19,"turns":4},{"damage":14,"enemies":"Centurion and Healer","floor":21,"turns":4},{"damage":13,"enemies":"Book of Stabbing","floor":25,"turns":5},{"damage":19,"enemies":"Slavers","floor":27,"turns":4},{"damage":3,"enemies":"Chosen and Byrds","floor":29,"turns":5},{"damage":6,"enemies":"Collector","floor":33,"turns":7},{"damage":1,"enemies":"3 Shapes","floor":35,"turns":5},{"damage":0,"enemies":"Orb Walker","floor":36,"turns":4},{"damage":13,"enemies":"Jaw Worm Horde","floor":38,"turns":5},{"damage":25,"enemies":"Writhing Mass","floor":39,"turns":7},{"damage":101,"enemies":"Giant Head","floor":41,"turns":9}],"seed_played":"-7020884982411912565","potions_obtained":[{"floor":3,"key":"SteroidPotion"},{"floor":11,"key":"AttackPotion"},{"floor":16,"key":"ColorlessPotion"},{"floor":19,"key":"LiquidMemories"},{"floor":21,"key":"FearPotion"},{"floor":27,"key":"Energy Potion"},{"floor":33,"key":"SneckoOil"},{"floor":35,"key":"FocusPotion"}],"is_trial":false,"path_per_floor":["M","?","M","?","$","E","?","$","T","R","?","R","M","E","R","B",null,"M","M","?","M","?","?","R","E","T","E","R","M","R","$","R","B",null,"M","M","?","M","M","R","E"],"character_chosen":"DEFECT","items_purchased":["Gash","Pantograph","Beam Cell","DollysMirror","Oddly Smooth Stone"],"campfire_rested":4,"item_purchase_floors":[5,5,8,31,31],"current_hp_per_floor":[75,75,75,68,68,42,35,35,35,57,54,54,52,52,52,41,75,75,75,75,61,47,47,71,65,65,46,72,69,69,69,69,81,87,86,86,86,73,48,74,0,0],"gold":195,"neow_bonus":"RANDOM_COLORLESS","is_daily":false,"chose_seed":false,"campfire_upgraded":3,"win_rate":0.0,"timestamp":1609967075,"path_taken":["M","?","M","?","$","E","?","?","T","R","?","R","?","E","R","BOSS","M","M","?","M","?","?","R","E","T","E","R","?","R","$","R","BOSS","M","M","?","M","?","R","E"],"items_purchased_type":["Card","Relic","Card","Relic","Relic"],"build_version":"2020-12-22","purchased_purges":1,"victory":false,"max_hp_per_floor":[75,75,75,75,75,75,75,75,75,75,75,75,75,75,75,75,75,75,75,75,75,80,80,80,87,87,87,87,87,87,87,87,87,87,87,87,87,87,87,87,87,87],"card_choices":[{"not_picked":["Forethought","Purity"],"picked":"Flash of Steel","floor":0},{"not_picked":["Fusion","Blizzard"],"picked":"Scrape","floor":1},{"not_picked":["Genetic Algorithm","Leap"],"picked":"Gash","floor":3},{"not_picked":["Core Surge","Thunder Strike"],"picked":"Undo","floor":6},{"not_picked":["Force Field","Compile Driver","Lockon"],"picked":"Beam Cell","floor":11},{"not_picked":["Recycle","Blizzard","Redo"],"picked":"Skim","floor":13},{"not_picked":["Heatsinks","Glacier","Reinforced Body"],"picked":"Steam","floor":14},{"not_picked":["Chaos","Rip and Tear","Redo"],"picked":"White Noise","floor":18},{"not_picked":["Turbo","Hello World+1","Conserve Battery+1"],"picked":"BootSequence","floor":19},{"not_picked":["Redo","Streamline+1","Barrage"],"picked":"Genetic Algorithm","floor":21},{"not_picked":["Hologram","Core Surge","Multi-Cast"],"picked":"Steam","floor":25},{"not_picked":["Ball Lightning","Sweeping Beam","Cold Snap"],"picked":"Leap","floor":27},{"not_picked":["Sweeping Beam","Ball Lightning","Chill"],"picked":"Steam","floor":29},{"not_picked":["Hyperbeam","Multi-Cast","Thunder Strike"],"picked":"Seek","floor":33},{"not_picked":["Static Discharge+1","Defragment","Coolheaded"],"picked":"Go for the Eyes+1","floor":35},{"not_picked":["Turbo","Compile Driver+1","Aggregate","Stack+1"],"picked":"SKIP","floor":36},{"not_picked":["Turbo","Leap","Darkness+1"],"picked":"Gash","floor":38},{"not_picked":["Stack","Conserve Battery","Capacitor"],"picked":"Leap+1","floor":39}],"player_experience":327391,"relics_obtained":[{"floor":6,"key":"Lantern"},{"floor":9,"key":"Pen Nib"},{"floor":14,"key":"Ginger"},{"floor":25,"key":"Strawberry"},{"floor":27,"key":"Matryoshka"}],"event_choices":[{"damage_healed":0,"gold_gain":175,"player_choice":"AGREE","damage_taken":0,"max_hp_gain":0,"max_hp_loss":0,"event_name":"Liars Game","floor":2,"gold_loss":0,"cards_obtained":["Doubt"]},{"cards_removed":["Doubt"],"damage_healed":0,"gold_gain":0,"player_choice":"Card Removal","damage_taken":7,"max_hp_gain":0,"max_hp_loss":0,"event_name":"Golden Wing","floor":4,"gold_loss":0},{"damage_healed":0,"gold_gain":0,"player_choice":"Success","damage_taken":7,"relics_obtained":["Question Card"],"max_hp_gain":0,"max_hp_loss":0,"event_name":"Scrap Ooze","floor":7,"gold_loss":0},{"damage_healed":0,"gold_gain":30,"player_choice":"Searched \u00273\u0027 times","damage_taken":0,"relics_obtained":["Centennial Puzzle"],"max_hp_gain":0,"max_hp_loss":0,"event_name":"Dead Adventurer","floor":11,"gold_loss":0},{"damage_healed":0,"gold_gain":0,"player_choice":"Read","damage_taken":0,"max_hp_gain":0,"max_hp_loss":0,"event_name":"The Library","floor":20,"gold_loss":0,"cards_obtained":["Gash"]},{"damage_healed":0,"gold_gain":0,"player_choice":"Shed Blood","damage_taken":19,"max_hp_gain":5,"max_hp_loss":0,"event_name":"Forgotten Altar","floor":22,"gold_loss":0},{"damage_healed":0,"gold_gain":0,"player_choice":"Ignored","damage_taken":0,"max_hp_gain":0,"max_hp_loss":0,"event_name":"Ghosts","floor":23,"gold_loss":0},{"damage_healed":0,"gold_gain":0,"player_choice":"Gave Potion","damage_taken":0,"relics_obtained":["Orichalcum"],"max_hp_gain":0,"max_hp_loss":0,"event_name":"WeMeetAgain","floor":37,"gold_loss":0}],"is_beta":false,"boss_relics":[{"not_picked":["Calling Bell","SlaversCollar"],"picked":"Nuclear Battery"},{"not_picked":["Sozu","Busted Crown"],"picked":"Black Star"}],"items_purged_floors":[31],"is_endless":false,"potions_floor_spawned":[3,11,16,19,21,27,33,35],"killed_by":"Giant Head","ascension_level":0}}