{"host":"qy89j0vid1u7yuu4","time":1609902999,"event":{"mods":["Act Like it!","Aspiration","BaseMod","Better Match","Card Forge","Colored Powertips","Elementarium","Hermit","Hubris","Infinite Spire","Menagerie","Minty Spire (QoL Compilation)","Replay The Spire","Spicy Shops","StSLib"],"gold_per_floor":[156,156,230,290,290,371,371,446,531,600,9,105,210,294,294,609,609,666,118,118,157,157,262,346,346,346,424,144,243,330,330,330,615,615,666,666,705,759,129,228,330,435,488,590,689,689,782,782,782,1086,1086,1078,1078],"floor_reached":52,"playtime":3213,"items_purged":["Conserve Battery","Injury","Fusion","Sickly"],"score":1206,"play_id":"22040cce-8c4e-4c30-845a-94c6753f1022","local_time":"20210105201639","daily_mods":["Heirloom","Flight","DeadlyEvents","Elite Swarm","Midas"],"is_ascension_mode":false,"campfire_choices":[{"floor":7,"key":"REST"},{"floor":25,"key":"REST"},{"floor":32,"key":"REST"},{"floor":46,"key":"REST"}],"circlet_count":0,"master_deck":["Strike_B","Strike_B","Defend_B","Defend_B","Defend_B","Defend_B","Zap+1","Dualcast","Storm","Sweeping Beam","Self Repair+1","Echo Form+1","Beam Cell","FIFO Queue","Biased Cognition","Core Surge+1","Buffer+1","Barrage+1","Crystallizer+1","BasicCrystalCard+1","BasicCrystalCard+1","Rainbow+1","Mirror Shield","Electrodynamics+1","Creative AI+1","Echo Form+1","infinitespire:FutureSight","Biased Cognition+1","Ball Lightning","Buffer+1","infinitespire:FutureSight","Compile Driver+1","Capacitor+1","Crystallizer+1","Hello World+1","Creative AI+1","Core Surge","Thunder Strike","Biased Cognition+1","Machine Learning+1","Glacier"],"relics":["Cracked Core","Hammer of Thor","Seething Fire","Anvil of the Gods","replay:Trail_Library","infinitespire:Joker Card","Mummified Hand","aspiration:StickyExplosives","MawBank","Darkstone Periapt","Prayer Wheel","Strange Spoon","hubris:SphereOfDissonance","Replay:Baseball","hubris:SlimyHat","Mango","StoneCalendar","Frozen Egg 2","Runic Pyramid","infinitespire:Bottled Soul","Pet Ghost","ReplayTheSpireMod:Ring of Exchange","ReplayTheSpireMod:Ring of Challenge","Boot","infinitespire:WardingShard","infinitespire:FocusingShard","hubris:64BitClover","DataDisk","aspiration:ChemicalBlood","aspiration:TomeofQuesting","Ring of Chaos","Quantum Egg","Medical Kit","hubris:BallOfYels","The Courier","Replay:Rubber Ducky","aspiration:DSix","Counterbalance","infinitespire:Midas Blood","hubris:Icosahedron","Busted Crown"],"acts_visited":["Exordium","TheCity","TheBeyond","TheBeyond"],"potions_floor_usage":[24,24,41,50,50,50,50,50],"damage_taken":[{"damage":12,"enemies":"Small Slimes","floor":1,"turns":5},{"damage":1,"enemies":"Cultist","floor":4,"turns":3},{"damage":25,"enemies":"Lagavulin","floor":6,"turns":8},{"damage":16,"enemies":"Gremlin Nob","floor":8,"turns":3},{"damage":10,"enemies":"2 Louse","floor":10,"turns":3},{"damage":11,"enemies":"Replay:BlueRogue","floor":12,"turns":5},{"damage":11,"enemies":"Lagavulin","floor":13,"turns":5},{"damage":15,"enemies":"Gremlin Nob","floor":14,"turns":3},{"damage":55,"enemies":"Hexaghost","floor":16,"turns":7},{"damage":15,"enemies":"2 Thieves","floor":18,"turns":3},{"damage":0,"enemies":"Spheric Guardian","floor":21,"turns":2},{"damage":56,"enemies":"Book of Stabbing","floor":23,"turns":6},{"damage":42,"enemies":"Gremlin Leader","floor":24,"turns":4},{"damage":8,"enemies":"Nightmare","floor":27,"turns":4},{"damage":6,"enemies":"Gremlin Leader","floor":29,"turns":3},{"damage":23,"enemies":"Slavers","floor":30,"turns":2},{"damage":25,"enemies":"Champ","floor":33,"turns":6},{"damage":11,"enemies":"3 Darklings","floor":35,"turns":3},{"damage":13,"enemies":"Orb Walker","floor":37,"turns":3},{"damage":14,"enemies":"4 Shapes","floor":38,"turns":3},{"damage":0,"enemies":"Nemesis","floor":40,"turns":3},{"damage":0,"enemies":"R_Hoarder","floor":41,"turns":4},{"damage":18,"enemies":"Nemesis","floor":42,"turns":4},{"damage":0,"enemies":"R_Hoarder","floor":44,"turns":3},{"damage":0,"enemies":"Reptomancer","floor":45,"turns":4},{"damage":0,"enemies":"R_Hoarder","floor":47,"turns":4},{"damage":99,"enemies":"Awakened One","floor":50,"turns":6},{"damage":0,"enemies":"Menagerie:StygianBoar","floor":52,"turns":2}],"seed_played":"-4560897512075635862","potions_obtained":[{"floor":6,"key":"Venom Potion"},{"floor":8,"key":"DuplicationPotion"},{"floor":12,"key":"Energy Potion"},{"floor":14,"key":"Regen Potion"},{"floor":24,"key":"Doom Potion"},{"floor":29,"key":"BlessingOfTheForge"},{"floor":30,"key":"Weak Potion"},{"floor":35,"key":"Ancient Potion"},{"floor":41,"key":"Toxic Potion"},{"floor":50,"key":"SneckoOil"},{"floor":50,"key":"Swift Potion"}],"is_trial":true,"path_per_floor":["M","?","T","M","?","E","R","E","T","M","$","E","E","E","R","B",null,"M","$","?","M","?","E","E","R","T","NM","$","E","E","AVR","R","B",null,"M","?","M","M","$","E","E","E","T","E","E","R","E","?","R","B",null,"M"],"character_chosen":"DEFECT","items_purchased":["FIFO Queue","Strange Spoon","hubris:SphereOfDissonance","Replay:Baseball","infinitespire:Bottled Soul","Pet Ghost","BasicCrystalCard","DataDisk","Hello World+1","Quantum Egg","Medical Kit"],"campfire_rested":4,"item_purchase_floors":[11,11,11,11,19,19,19,28,39,39,39],"current_hp_per_floor":[63,63,63,62,70,52,74,68,68,68,68,67,80,85,91,46,95,95,95,95,95,101,55,13,43,43,55,55,69,46,46,76,71,101,90,90,77,73,73,73,83,65,65,75,85,101,101,101,101,16,101,101,101],"gold":1078,"neow_bonus":"","is_daily":false,"chose_seed":false,"campfire_upgraded":0,"win_rate":0.0,"timestamp":1609902999,"path_taken":["M","?","?","M","?","E","R","E","T","M","$","E","E","?","R","BOSS","M","$","?","?","?","E","E","R","T","NM","$","E","?","AVR","R","BOSS","M","?","M","M","$","E","E","E","T","E","?","R","E","?","R","BOSS","M"],"items_purchased_type":["Card","Relic","Relic","Relic","Relic","Relic","Card","Relic","Card","Relic","Relic"],"build_version":"2020-12-22","purchased_purges":4,"victory":false,"max_hp_per_floor":[75,75,75,75,75,75,75,75,75,75,75,75,89,89,95,95,95,95,95,95,95,101,101,101,101,101,101,101,101,101,101,101,101,101,101,101,101,101,101,101,101,101,101,101,101,101,101,101,101,101,101,101,101],"card_choices":[{"not_picked":["Recycle","Leap"],"picked":"Storm","floor":1},{"not_picked":["hubris:Ukulele","Reinforced Body"],"picked":"Sweeping Beam","floor":4},{"not_picked":["All For One","Thunder Strike"],"picked":"Echo Form","floor":6},{"not_picked":["Seek","Thunder Strike"],"picked":"ReplayTheSpireMod:Fabricate Wheel","floor":8},{"not_picked":["Doom and Gloom","Stack"],"picked":"Beam Cell","floor":10},{"not_picked":["Stack","Gash","Double Energy"],"picked":"SKIP","floor":10},{"not_picked":["Mirror Shield","Buffer"],"picked":"Biased Cognition","floor":12},{"not_picked":["Mirror Shield","Seek"],"picked":"Core Surge","floor":13},{"not_picked":["Seek","ReplayRNGCard","Mirror Shield"],"picked":"SKIP","floor":14},{"not_picked":["hubris:DoWhile","Core Surge"],"picked":"Buffer+1","floor":16},{"not_picked":["Gash","Go for the Eyes"],"picked":"Barrage+1","floor":18},{"not_picked":["Sweeping Beam","Static Discharge+1"],"picked":"Crystallizer+1","floor":18},{"not_picked":["Thunder Strike","ReplayTheSpireMod:Repulse"],"picked":"BasicCrystalCard+1","floor":21},{"not_picked":["Beam Cell+1","Steam+1","Go for the Eyes"],"picked":"SKIP","floor":21},{"not_picked":["Thunder Strike","Meteor Strike"],"picked":"Rainbow","floor":23},{"not_picked":["Rainbow","hubris:DoWhile"],"picked":"Mirror Shield","floor":24},{"not_picked":["All For One","Echo Form+1"],"picked":"Electrodynamics+1","floor":27},{"not_picked":["Reboot","Fission"],"picked":"Creative AI+1","floor":29},{"not_picked":["Rainbow","Seek"],"picked":"Echo Form+1","floor":30},{"not_picked":["hubris:DoWhile","hubris:SpecializedCircuitry+1"],"picked":"Biased Cognition+1","floor":33},{"not_picked":["Aggregate+1","Static Discharge+1"],"picked":"Ball Lightning","floor":35},{"not_picked":["Auto Shields","Buffer+1","Go for the Eyes"],"picked":"SKIP","floor":35},{"not_picked":["Auto Shields","Go for the Eyes"],"picked":"Buffer+1","floor":35},{"not_picked":["Go for the Eyes+1","Ball Lightning"],"picked":"Compile Driver+1","floor":37},{"not_picked":["Streamline+1","Go for the Eyes+1","Turbo"],"picked":"SKIP","floor":37},{"not_picked":["Hologram","BasicCrystalCard"],"picked":"Capacitor+1","floor":38},{"not_picked":["Ball Lightning","Barrage+1"],"picked":"Crystallizer+1","floor":38},{"not_picked":["All For One","Mirror Shield"],"picked":"Creative AI+1","floor":40},{"not_picked":["hubris:SpecializedCircuitry+1","Meteor Strike"],"picked":"Core Surge","floor":41},{"not_picked":["ReplayTheSpireMod:Fabricate Wheel","Buffer+1"],"picked":"Thunder Strike","floor":42},{"not_picked":["Echo Form+1","ReplayRNGCard"],"picked":"Biased Cognition+1","floor":44},{"not_picked":["Amplify","Seek"],"picked":"Machine Learning+1","floor":45},{"not_picked":["Seek","Multi-Cast","Echo Form+1"],"picked":"SKIP","floor":47}],"player_experience":99239,"relics_obtained":[{"floor":3,"key":"Mummified Hand"},{"floor":6,"key":"aspiration:StickyExplosives"},{"floor":8,"key":"MawBank"},{"floor":9,"key":"Darkstone Periapt"},{"floor":12,"key":"hubris:SlimyHat"},{"floor":13,"key":"Mango"},{"floor":14,"key":"StoneCalendar"},{"floor":22,"key":"ReplayTheSpireMod:Ring of Exchange"},{"floor":22,"key":"ReplayTheSpireMod:Ring of Challenge"},{"floor":23,"key":"Boot"},{"floor":24,"key":"infinitespire:WardingShard"},{"floor":26,"key":"infinitespire:FocusingShard"},{"floor":27,"key":"hubris:64BitClover"},{"floor":29,"key":"aspiration:ChemicalBlood"},{"floor":30,"key":"aspiration:TomeofQuesting"},{"floor":40,"key":"hubris:BallOfYels"},{"floor":41,"key":"The Courier"},{"floor":43,"key":"Replay:Rubber Ducky"},{"floor":44,"key":"aspiration:DSix"},{"floor":45,"key":"Counterbalance"},{"floor":47,"key":"infinitespire:Midas Blood"}],"event_choices":[],"is_beta":false,"boss_relics":[{"not_picked":["aspiration:RitualDagger","hubris:ScarierMask"],"picked":"Runic Pyramid"},{"not_picked":["hubris:EmptyBottle","Snecko Heart"],"picked":"Ring of Chaos"},{"not_picked":["hubris:VirtuousBlindfold","infinitespire:Cupcake"],"picked":"Busted Crown"}],"items_purged_floors":[11,19,28,39],"is_endless":true,"potions_floor_spawned":[6,8,12,13,14,18,24,29,30,38,41,42,47],"killed_by":"Menagerie:StygianBoar","ascension_level":0}}