{"host":"aaqofma31c3gm2hj","time":1609947220,"event":{"mods":["BaseMod","Minty Spire (QoL Compilation)","Replay The Spire","Spicy Shops","StSLib"],"gold_per_floor":[114,189,189,203,4,35,50,50,75,87,121,121,134,145,145,218,218,230,230,245,245,163,163,177,177,203,203,218,230,245,275,275,349,399,399],"floor_reached":34,"playtime":861,"items_purged":["Strike_B","Strike_B"],"score":803,"play_id":"0cb76990-ee43-4a7b-b112-5b7a801875b4","local_time":"20210106233340","is_ascension_mode":true,"campfire_choices":[{"data":"Defragment","floor":15.0,"key":"SMITH"},{"data":"Reboot","floor":23,"key":"SMITH"},{"data":"Reboot","floor":25,"key":"SMITH"},{"data":"Go for the Eyes","floor":27,"key":"SMITH"},{"data":"Creative AI","floor":32,"key":"SMITH"}],"circlet_count":0,"master_deck":["AscendersBane","Defend_B","Defend_B+1","Zap+1","Dualcast","Defragment+1","Defragment+1","Ball Lightning","Go for the Eyes+1","Reboot+1","Hello World+1","Cold Snap","Reboot+1","Creative AI+1","Turbo","Capacitor","ReplayTheSpireMod:Fabricate Wheel"],"relics":["Cracked Core","NeowsBlessing","FaceOfCleric","Membership Card","Nunchaku","Happy Flower","War Paint","Empty Cage","ReplayTheSpireMod:CursedCoin","ReplayTheSpireMod:TigerMarble","Anchor","Red Mask","Tiny House"],"acts_visited":["Exordium","TheCity"],"potions_floor_usage":[33],"damage_taken":[{"damage":0.0,"enemies":"2 Louse","floor":1.0,"turns":1.0},{"damage":0.0,"enemies":"Jaw Worm","floor":4.0,"turns":1.0},{"damage":0.0,"enemies":"Gremlin Nob","floor":6.0,"turns":1.0},{"damage":1.0,"enemies":"Cultist","floor":7.0,"turns":3.0},{"damage":14.0,"enemies":"3 Louse","floor":10.0,"turns":4.0},{"damage":15.0,"enemies":"Lagavulin","floor":11.0,"turns":6.0},{"damage":13.0,"enemies":"Blue Slaver","floor":13.0,"turns":3.0},{"damage":4.0,"enemies":"2 Fungi Beasts","floor":14.0,"turns":3.0},{"damage":3.0,"enemies":"Hexaghost","floor":16.0,"turns":7.0},{"damage":9.0,"enemies":"2 Thieves","floor":18.0,"turns":4.0},{"damage":0,"enemies":"Spheric Guardian","floor":22,"turns":3},{"damage":15,"enemies":"Snake Plant","floor":24,"turns":3},{"damage":6,"enemies":"Shelled Parasite and Fungi","floor":28,"turns":3},{"damage":1,"enemies":"Centurion and Healer","floor":29,"turns":4},{"damage":6,"enemies":"Snake Plant","floor":30,"turns":4},{"damage":4,"enemies":"Masked Bandits","floor":31,"turns":3},{"damage":2,"enemies":"Champ","floor":33,"turns":9}],"seed_played":"-65015761012372598","potions_obtained":[{"floor":1.0,"key":"Energy Potion"},{"floor":7.0,"key":"SteroidPotion"},{"floor":13.0,"key":"Explosive Potion"},{"floor":14.0,"key":"GamblersBrew"},{"floor":24,"key":"SteroidPotion"},{"floor":29,"key":"Adrenaline Potion"},{"floor":34,"key":"PotionOfCapacity"}],"is_trial":false,"path_per_floor":["M","?","?","M","$","E","M","?","T","M","E","?","M","M","R","B",null,"M","?","$","?","M","R","M","R","T","R","M","M","M","?","R","B",null],"character_chosen":"DEFECT","items_purchased":["Membership Card","ReplayTheSpireMod:CursedCoin","ReplayTheSpireMod:TigerMarble"],"campfire_rested":0,"item_purchase_floors":[5,20,20],"current_hp_per_floor":[64,53,53,54,54,55,55,55,55,42,28,28,16,13,13,11,62,54,54,54,54,55,55,41,41,41,41,36,36,31,28,28,27,32,32],"gold":399,"neow_bonus":"THREE_ENEMY_KILL","is_daily":false,"chose_seed":false,"campfire_upgraded":5,"win_rate":0.0,"timestamp":1609947220,"path_taken":["M","?","?","M","$","E","?","?","T","M","E","?","M","M","R","BOSS","M","?","$","?","?","R","M","R","T","R","M","M","M","?","R","BOSS"],"items_purchased_type":["Relic","Relic","Relic"],"build_version":"2020-12-22","purchased_purges":2,"victory":false,"max_hp_per_floor":[71,71,71,72,72,73,74,74,74,75,76,76,77,78,78,79,79,80,80,80,80,81,81,82,82,82,82,83,84,85,86,86,87,92,92],"card_choices":[{"not_picked":["Auto Shields","Rebound"],"picked":"Defragment","floor":1.0},{"not_picked":["Go for the Eyes","Streamline"],"picked":"Defragment","floor":4.0},{"not_picked":["Undo","Sweeping Beam","FIFO Queue"],"picked":"SKIP","floor":6.0},{"not_picked":["Go for the Eyes","Sweeping Beam"],"picked":"Ball Lightning","floor":7.0},{"not_picked":["Heatsinks","ReplaySolidLightProjector"],"picked":"Go for the Eyes","floor":10.0},{"not_picked":["ReplayTheSpireMod:Calculation Training","Streamline"],"picked":"Reboot","floor":11.0},{"not_picked":["Turbo","ReplaySolidLightProjector"],"picked":"Hello World","floor":13.0},{"not_picked":["ReplayTheSpireMod:Repulse","Gash"],"picked":"Cold Snap","floor":14.0},{"not_picked":["All For One","Meteor Strike"],"picked":"Reboot","floor":16.0},{"not_picked":["BasicCrystalCard","Static Discharge","Stack+1"],"picked":"SKIP","floor":18.0},{"not_picked":["Lockon","Steam","Darkness"],"picked":"SKIP","floor":22},{"not_picked":["Sweeping Beam","Redo","Ball Lightning+1"],"picked":"SKIP","floor":24},{"not_picked":["Chaos","Panic Button"],"picked":"Creative AI","floor":28},{"not_picked":["Consume","Panic Button+1"],"picked":"Turbo","floor":29},{"not_picked":["Beam Cell","Melter+1","ReplayTheSpireMod:System Scan"],"picked":"SKIP","floor":30},{"not_picked":["Rebound","Force Field"],"picked":"Capacitor","floor":31},{"not_picked":["ReplayRNGCard","ReplayTheSpireMod:Omega Cannon"],"picked":"ReplayTheSpireMod:Fabricate Wheel","floor":33}],"player_experience":561714,"relics_obtained":[{"floor":6.0,"key":"Nunchaku"},{"floor":9.0,"key":"Happy Flower"},{"floor":11.0,"key":"War Paint"},{"floor":26,"key":"Anchor"},{"floor":31,"key":"Red Mask"}],"event_choices":[{"damage_healed":0.0,"max_hp_gain":0.0,"max_hp_loss":0.0,"gold_gain":75.0,"event_name":"World of Goop","player_choice":"Gather Gold","floor":2.0,"gold_loss":0.0,"damage_taken":11.0},{"damage_healed":0.0,"max_hp_gain":0.0,"max_hp_loss":0.0,"gold_gain":0.0,"event_name":"FaceTrader","player_choice":"Trade","floor":3.0,"gold_loss":0.0,"damage_taken":0.0,"relics_obtained":["FaceOfCleric"]},{"damage_healed":0.0,"max_hp_gain":0.0,"max_hp_loss":0.0,"gold_gain":0.0,"event_name":"Living Wall","player_choice":"Grow","floor":8.0,"gold_loss":0.0,"damage_taken":0.0,"cards_upgraded":["Defragment"]},{"damage_healed":0.0,"max_hp_gain":0.0,"max_hp_loss":0.0,"gold_gain":0.0,"event_name":"Vampires","player_choice":"Ignored","floor":19.0,"gold_loss":0.0,"damage_taken":0.0},{"cards_removed":["Defend_B"],"damage_healed":0,"gold_gain":0,"player_choice":"Purged","damage_taken":0,"max_hp_gain":0,"max_hp_loss":0,"event_name":"Purifier","floor":21,"gold_loss":0},{"damage_healed":0,"gold_gain":0,"player_choice":"Fought Bandits","damage_taken":0,"max_hp_gain":0,"max_hp_loss":0,"event_name":"Masked Bandits","floor":31,"gold_loss":0}],"is_beta":false,"boss_relics":[{"not_picked":["Ectoplasm","SlaversCollar"],"picked":"Empty Cage"},{"not_picked":["Busted Crown","Fusion Hammer"],"picked":"Tiny House"}],"items_purged_floors":[5,20],"is_endless":false,"potions_floor_spawned":[1,7,13,14,24,29,30],"ascension_level":20}}