{"host":"mi0eibewekhugwl1","time":1609924209,"event":{"mods":["AchievementEnabler","BaseMod","Colored Map","Colored Powertips","DeckTracker","Keyboard Shortcuts","Minty Spire (QoL Compilation)","Quick Restart","Rare Cards Sparkle","Relic Stats","StSLib","SuperFastMode","everything is the same but u backflip on backflip"],"gold_per_floor":[116,116,116,191,191,218,218,248,297,307,322,352,352,362,362,436,436,447,447,240,240,256,256,283,283,283,300,300,316,327,52,52,52,52],"floor_reached":33,"playtime":691,"items_purged":["Strike_R","Searing Blow"],"score":816,"play_id":"800381cb-43df-4413-a24b-6d2e967d3cf8","local_time":"20210106181009","is_ascension_mode":true,"campfire_choices":[{"data":"Pommel Strike","floor":7.0,"key":"SMITH"},{"data":"Inflame","floor":15.0,"key":"SMITH"},{"data":"Fire Breathing","floor":23.0,"key":"SMITH"},{"floor":25.0,"key":"REST"},{"floor":32.0,"key":"REST"}],"circlet_count":0,"master_deck":["AscendersBane","Defend_R","Defend_R","Bash","Fire Breathing+1","Pommel Strike+1","Inflame+1","Power Through","Cleave","Twin Strike","Intimidate","Reaper","Clothesline+1","Bloodletting+1","Armaments+1","Reckless Charge","Shrug It Off","Fire Breathing","Dark Embrace+1","Body Slam","Second Wind+1","Power Through"],"relics":["Burning Blood","NeowsBlessing","HornCleat","FossilizedHelix","Regal Pillow","Ornamental Fan","Art of War","Mercury Hourglass","Astrolabe","The Courier","Nunchaku","OrangePellets"],"acts_visited":["Exordium","TheCity"],"potions_floor_usage":[33],"damage_taken":[{"damage":0.0,"enemies":"Jaw Worm","floor":1.0,"turns":1.0},{"damage":0.0,"enemies":"Gremlin Nob","floor":6.0,"turns":1.0},{"damage":0.0,"enemies":"Lagavulin","floor":8.0,"turns":1.0},{"damage":0.0,"enemies":"2 Louse","floor":10.0,"turns":4.0},{"damage":2.0,"enemies":"Small Slimes","floor":11.0,"turns":4.0},{"damage":0.0,"enemies":"Gremlin Nob","floor":12.0,"turns":4.0},{"damage":0.0,"enemies":"Looter","floor":14.0,"turns":3.0},{"damage":0.0,"enemies":"Slime Boss","floor":16.0,"turns":6.0},{"damage":0.0,"enemies":"3 Byrds","floor":18.0,"turns":5.0},{"damage":4.0,"enemies":"Shell Parasite","floor":22.0,"turns":5.0},{"damage":50.0,"enemies":"Book of Stabbing","floor":24.0,"turns":7.0},{"damage":42.0,"enemies":"Sentry and Sphere","floor":27.0,"turns":11.0},{"damage":17.0,"enemies":"Shelled Parasite and Fungi","floor":29.0,"turns":6.0},{"damage":20.0,"enemies":"Snecko","floor":30.0,"turns":5.0},{"damage":89,"enemies":"Collector","floor":33,"turns":10}],"seed_played":"-1776381514072853317","potions_obtained":[{"floor":1.0,"key":"DuplicationPotion"},{"floor":6.0,"key":"Fire Potion"},{"floor":14.0,"key":"PowerPotion"},{"floor":18.0,"key":"Strength Potion"},{"floor":24.0,"key":"Explosive Potion"}],"is_trial":false,"path_per_floor":["M","?","?","?","T","E","R","E","T","M","M","E","?","M","R","B",null,"M","?","$","?","M","R","E","R","T","M","?","M","M","$","R","B"],"character_chosen":"IRONCLAD","items_purchased":["Shrug It Off","Fire Breathing","Power Through","OrangePellets"],"campfire_rested":2,"item_purchase_floors":[20,20,31,31],"current_hp_per_floor":[74,67,49,38,38,44,44,50,50,56,60,66,71,77,77,80,80,80,80,80,57,67,67,31,71,71,43,43,44,36,36,76,0,0],"gold":52,"neow_bonus":"THREE_ENEMY_KILL","is_daily":false,"chose_seed":false,"campfire_upgraded":3,"win_rate":0.0,"timestamp":1609924209,"path_taken":["M","?","?","?","?","E","R","E","T","M","?","E","?","M","R","BOSS","M","?","$","?","M","R","E","R","T","M","?","M","M","$","R","BOSS"],"items_purchased_type":["Card","Card","Card","Relic"],"build_version":"2020-12-22","purchased_purges":2,"victory":false,"max_hp_per_floor":[75,75,75,75,75,75,75,75,75,75,75,75,80,80,80,80,80,80,80,80,85,85,85,85,85,85,85,85,85,85,85,85,85,85],"relic_stats":{"OrangePellets":[0],"Regal Pillow":30,"Nunchaku":[4],"counters":[15,73],"Ornamental Fan":[24],"Astrolabe":["Clothesline","Bloodletting","Armaments"],"Art of War":[11],"obtain_stats":[{"OrangePellets":31,"Regal Pillow":6,"Nunchaku":26,"HornCleat":3,"NeowsBlessing":0,"Ornamental Fan":8,"Astrolabe":17,"The Courier":24,"Art of War":9,"Burning Blood":0,"FossilizedHelix":5,"Mercury Hourglass":12},{"OrangePellets":14,"Regal Pillow":2,"Nunchaku":11,"HornCleat":1,"NeowsBlessing":0,"Ornamental Fan":3,"Astrolabe":8,"The Courier":11,"Art of War":3,"Burning Blood":0,"FossilizedHelix":1,"Mercury Hourglass":6},{"OrangePellets":63,"Regal Pillow":2,"Nunchaku":41,"HornCleat":1,"NeowsBlessing":0,"Ornamental Fan":3,"Astrolabe":24,"The Courier":41,"Art of War":3,"Burning Blood":0,"FossilizedHelix":1,"Mercury Hourglass":15}],"Burning Blood":75,"Mercury Hourglass":[174]},"card_choices":[{"not_picked":["Havoc","Pommel Strike"],"picked":"Fire Breathing","floor":1.0},{"not_picked":["True Grit","Flex"],"picked":"Pommel Strike","floor":6.0},{"not_picked":["Fire Breathing","Warcry"],"picked":"Inflame","floor":8.0},{"not_picked":["Pommel Strike","Searing Blow"],"picked":"Power Through","floor":10.0},{"not_picked":["Flex","True Grit"],"picked":"Cleave","floor":11.0},{"not_picked":["Spot Weakness","Searing Blow"],"picked":"Twin Strike","floor":12.0},{"not_picked":["Flex","Shockwave"],"picked":"Intimidate","floor":14.0},{"not_picked":["Double Tap","Demon Form"],"picked":"Reaper","floor":16.0},{"not_picked":["Thunderclap+1","Pummel"],"picked":"Reckless Charge","floor":18.0},{"not_picked":["Havoc","Flame Barrier","Whirlwind"],"picked":"SKIP","floor":22.0},{"not_picked":["Carnage","Feel No Pain","Perfected Strike"],"picked":"SKIP","floor":24.0},{"not_picked":["Inflame","Shockwave"],"picked":"Dark Embrace+1","floor":27.0},{"not_picked":["Sword Boomerang","Shrug It Off"],"picked":"Second Wind+1","floor":29.0},{"not_picked":["Flex","Cleave","Rage"],"picked":"SKIP","floor":30.0}],"player_experience":1736624,"relics_obtained":[{"floor":5.0,"key":"FossilizedHelix"},{"floor":6.0,"key":"Regal Pillow"},{"floor":8.0,"key":"Ornamental Fan"},{"floor":9.0,"key":"Art of War"},{"floor":12.0,"key":"Mercury Hourglass"},{"floor":24.0,"key":"The Courier"},{"floor":26.0,"key":"Nunchaku"}],"event_choices":[{"cards_removed":["Strike_R"],"damage_healed":0.0,"max_hp_gain":0.0,"max_hp_loss":0.0,"gold_gain":0.0,"event_name":"Golden Wing","player_choice":"Card Removal","floor":2.0,"gold_loss":0.0,"damage_taken":7.0},{"damage_healed":0.0,"max_hp_gain":0.0,"max_hp_loss":0.0,"gold_gain":0.0,"event_name":"Scrap Ooze","player_choice":"Success","floor":3.0,"gold_loss":0.0,"damage_taken":18.0,"relics_obtained":["HornCleat"]},{"damage_healed":0.0,"max_hp_gain":0.0,"max_hp_loss":0.0,"gold_gain":75.0,"event_name":"World of Goop","player_choice":"Gather Gold","floor":4.0,"gold_loss":0.0,"damage_taken":11.0},{"damage_healed":0.0,"max_hp_gain":5.0,"max_hp_loss":0.0,"gold_gain":0.0,"event_name":"Big Fish","player_choice":"Donut","floor":13.0,"gold_loss":0.0,"damage_taken":0.0},{"damage_healed":0.0,"max_hp_gain":0.0,"max_hp_loss":0.0,"gold_gain":0.0,"event_name":"Ghosts","player_choice":"Ignored","floor":19.0,"gold_loss":0.0,"damage_taken":0.0},{"damage_healed":0.0,"max_hp_gain":5.0,"max_hp_loss":0.0,"gold_gain":0.0,"event_name":"Forgotten Altar","player_choice":"Shed Blood","floor":21.0,"gold_loss":0.0,"damage_taken":28.0},{"damage_healed":0.0,"max_hp_gain":0.0,"max_hp_loss":0.0,"gold_gain":0.0,"cards_transformed":["Defend_R","Defend_R"],"event_name":"Drug Dealer","player_choice":"Became Test Subject","floor":28.0,"gold_loss":0.0,"damage_taken":0.0,"cards_obtained":["Body Slam","Searing Blow"]}],"is_beta":false,"boss_relics":[{"not_picked":["Black Star","Ectoplasm"],"picked":"Astrolabe"}],"items_purged_floors":[20,31],"is_endless":false,"potions_floor_spawned":[1,6,10,14,18,24,27],"killed_by":"Collector","ascension_level":20}}