{"host":"p0hktren06injwdf","time":1613440583,"event":{"mods":["AchievementEnabler","BaseMod","Colored Map","DeckTracker","Minty Spire (QoL Compilation)","Permanent Neow","StSLib","SuperFastMode"],"gold_per_floor":[217,217,236,261,45,45,70,101,101,119,119,160,160,160,160,251,251,269,269,46,61,75,113,38,61,132,166,166,166,47,65,65,161,161,180,180,180,130,155,189,189,208,208,208,224,274,274,314,314,314,314,314],"floor_reached":51,"language":"KOR","playtime":1101,"items_purged":["Defend_P","Strike_P"],"score":1631,"play_id":"0685c93c-b226-450a-b0e1-bc9fdac4f3ed","local_time":"20210216105623","is_ascension_mode":true,"campfire_choices":[{"data":"Apotheosis","floor":6.0,"key":"SMITH"},{"floor":13.0,"key":"REST"},{"data":"Conclude","floor":15.0,"key":"SMITH"},{"floor":32.0,"key":"REST"},{"floor":41.0,"key":"RECALL"},{"floor":44.0,"key":"REST"},{"floor":47.0,"key":"REST"},{"floor":49.0,"key":"REST"}],"circlet_count":0,"master_deck":["AscendersBane","Strike_P","Strike_P","Defend_P","Defend_P","Eruption+1","Vigilance","Conclude+1","EmptyFist","Apotheosis+1","Halt","FlurryOfBlows","Scrawl","InnerPeace","CutThroughFate","MentalFortress","MentalFortress"],"relics":["HolyWater","Golden Idol","Pear","Mercury Hourglass","Singing Bowl","Fusion Hammer","Membership Card","Bird Faced Urn","Darkstone Periapt","Anchor","Shuriken","MealTicket","Akabeko","The Courier","TungstenRod"],"acts_visited":["Exordium","TheCity","TheBeyond"],"potions_floor_usage":[50],"damage_taken":[{"damage":4.0,"enemies":"2 Louse","floor":1.0,"turns":4.0},{"damage":0.0,"enemies":"Cultist","floor":3.0,"turns":2.0},{"damage":2.0,"enemies":"Jaw Worm","floor":4.0,"turns":3.0},{"damage":2.0,"enemies":"2 Fungi Beasts","floor":7.0,"turns":3.0},{"damage":39.0,"enemies":"Gremlin Nob","floor":8.0,"turns":4.0},{"damage":4.0,"enemies":"Blue Slaver","floor":10.0,"turns":3.0},{"damage":0.0,"enemies":"Lagavulin","floor":12.0,"turns":6.0},{"damage":8.0,"enemies":"Slime Boss","floor":16.0,"turns":6.0},{"damage":0.0,"enemies":"Spheric Guardian","floor":18.0,"turns":1.0},{"damage":0.0,"enemies":"Chosen","floor":21.0,"turns":2.0},{"damage":18.0,"enemies":"Snake Plant","floor":22.0,"turns":3.0},{"damage":25.0,"enemies":"Book of Stabbing","floor":23.0,"turns":4.0},{"damage":3.0,"enemies":"Centurion and Healer","floor":25.0,"turns":3.0},{"damage":0.0,"enemies":"Gremlin Leader","floor":27.0,"turns":2.0},{"damage":0.0,"enemies":"3 Cultists","floor":31.0,"turns":2.0},{"damage":10.0,"enemies":"Champ","floor":33.0,"turns":5.0},{"damage":0.0,"enemies":"Orb Walker","floor":35.0,"turns":2.0},{"damage":31.0,"enemies":"3 Darklings","floor":39.0,"turns":4.0},{"damage":0.0,"enemies":"Nemesis","floor":40.0,"turns":3.0},{"damage":0.0,"enemies":"Sphere and 2 Shapes","floor":42.0,"turns":2.0},{"damage":0.0,"enemies":"Writhing Mass","floor":45.0,"turns":6.0},{"damage":0.0,"enemies":"Giant Head","floor":48.0,"turns":5.0},{"damage":46,"enemies":"Donu and Deca","floor":50,"turns":10},{"damage":31,"enemies":"Time Eater","floor":51,"turns":7}],"seed_played":"-8832517569318507729","potions_obtained":[{"floor":1.0,"key":"BottledMiracle"},{"floor":8.0,"key":"Weak Potion"},{"floor":23.0,"key":"SpeedPotion"},{"floor":25.0,"key":"SkillPotion"}],"is_trial":false,"path_per_floor":["M","?","M","M","$","R","M","E","T","M","?","E","R","?","R","B",null,"M","T","$","M","M","E","?","M","T","E","?","T","$","M","R","B",null,"M","?","?","$","M","E","R","M","T","R","M","?","R","E","R","B","B"],"character_chosen":"WATCHER","items_purchased":["Apotheosis","Membership Card","InnerPeace","MentalFortress","MealTicket"],"campfire_rested":5,"item_purchase_floors":[5,20,20,30,30],"current_hp_per_floor":[57,57,57,55,55,55,53,24,24,20,20,22,44,44,44,36,65,67,67,67,69,51,28,28,27,27,29,29,29,29,31,56,50,79,81,81,81,90,61,65,65,71,71,96,98,98,98,100,100,56,29,29],"gold":314,"neow_bonus":"HUNDRED_GOLD","is_daily":false,"chose_seed":false,"campfire_upgraded":2,"win_rate":0.0,"timestamp":1613440583,"path_taken":["M","?","M","M","$","R","M","E","T","M","?","E","R","?","R","BOSS","M","?","$","M","?","E","?","M","T","E","?","?","?","?","R","BOSS","M","?","?","$","M","E","R","M","T","R","?","?","R","E","R","BOSS","BOSS"],"items_purchased_type":["Card","Relic","Card","Card","Relic"],"build_version":"2020-12-22","purchased_purges":2,"victory":false,"max_hp_per_floor":[68,62,62,62,62,62,62,72,72,72,72,74,74,74,74,74,74,76,76,76,78,78,80,80,82,82,84,84,84,84,86,86,88,88,90,90,90,90,92,94,94,96,96,96,98,98,98,100,100,100,100,100],"card_choices":[{"not_picked":["SashWhip","InnerPeace"],"picked":"Conclude","floor":1.0},{"not_picked":["Wireheading","SashWhip","Vengeance"],"picked":"SKIP","floor":3.0},{"not_picked":["Pray","FlyingSleeves"],"picked":"EmptyFist","floor":4.0},{"not_picked":["Vengeance","ForeignInfluence"],"picked":"Halt","floor":7.0},{"not_picked":["Blasphemy","Vengeance","JustLucky"],"picked":"SKIP","floor":8.0},{"not_picked":["JustLucky","Prostrate"],"picked":"FlurryOfBlows","floor":10.0},{"not_picked":["Crescendo","Conclude","JustLucky"],"picked":"Singing Bowl","floor":12.0},{"not_picked":["Ragnarok","LessonLearned"],"picked":"Scrawl","floor":16.0},{"not_picked":["Crescendo","BowlingBash","Worship+1"],"picked":"Singing Bowl","floor":18.0},{"not_picked":["Pray","ForeignInfluence","EmptyMind"],"picked":"Singing Bowl","floor":21.0},{"not_picked":["Evaluate","FlyingSleeves"],"picked":"CutThroughFate","floor":22.0},{"not_picked":["WheelKick","Scrawl","CrushJoints"],"picked":"Singing Bowl","floor":23.0},{"not_picked":["ThirdEye","Pray","EmptyBody"],"picked":"Singing Bowl","floor":25.0},{"not_picked":["SignatureMove","FlurryOfBlows","Halt"],"picked":"Singing Bowl","floor":27.0},{"not_picked":["EmptyFist","CutThroughFate","SandsOfTime"],"picked":"Singing Bowl","floor":31.0},{"not_picked":["DevaForm","Establishment","Brilliance"],"picked":"Singing Bowl","floor":33.0},{"not_picked":["WaveOfTheHand+1","EmptyFist","CrushJoints+1"],"picked":"Singing Bowl","floor":35.0},{"not_picked":["JustLucky","FollowUp","SashWhip"],"picked":"Singing Bowl","floor":39.0},{"not_picked":["Omniscience","WaveOfTheHand","EmptyFist"],"picked":"Singing Bowl","floor":40.0},{"not_picked":["EmptyMind","Vengeance","JustLucky+1"],"picked":"Singing Bowl","floor":42.0},{"not_picked":["JustLucky","Halt","WaveOfTheHand+1"],"picked":"Singing Bowl","floor":45.0},{"not_picked":["EmptyFist+1","CutThroughFate","SashWhip+1"],"picked":"Singing Bowl","floor":48.0}],"player_experience":1066079,"relics_obtained":[{"floor":8.0,"key":"Pear"},{"floor":9.0,"key":"Mercury Hourglass"},{"floor":12.0,"key":"Singing Bowl"},{"floor":23.0,"key":"Bird Faced Urn"},{"floor":26.0,"key":"Darkstone Periapt"},{"floor":27.0,"key":"Anchor"},{"floor":29.0,"key":"Shuriken"},{"floor":40.0,"key":"Akabeko"},{"floor":43.0,"key":"The Courier"},{"floor":48.0,"key":"TungstenRod"}],"event_choices":[{"damage_healed":0.0,"max_hp_gain":0.0,"max_hp_loss":6.0,"gold_gain":0.0,"event_name":"Golden Idol","player_choice":"Lose Max HP","floor":2.0,"gold_loss":0.0,"damage_taken":0.0,"relics_obtained":["Golden Idol"]},{"damage_healed":0.0,"max_hp_gain":0.0,"max_hp_loss":0.0,"gold_gain":0.0,"event_name":"Liars Game","player_choice":"Ignored","floor":11.0,"gold_loss":0.0,"damage_taken":0.0},{"damage_healed":0.0,"max_hp_gain":0.0,"max_hp_loss":0.0,"gold_gain":0.0,"event_name":"Accursed Blacksmith","player_choice":"Forge","floor":14.0,"gold_loss":0.0,"damage_taken":0.0,"cards_upgraded":["Eruption"]},{"cards_removed":["Strike_P"],"damage_healed":0.0,"max_hp_gain":0.0,"max_hp_loss":0.0,"gold_gain":0.0,"event_name":"Beggar","player_choice":"Gave Gold","floor":24.0,"gold_loss":75.0,"damage_taken":0.0},{"cards_removed":["Defend_P"],"damage_healed":0.0,"max_hp_gain":0.0,"max_hp_loss":0.0,"gold_gain":0.0,"event_name":"Back to Basics","player_choice":"Elegance","floor":28.0,"gold_loss":0.0,"damage_taken":0.0},{"damage_healed":0.0,"max_hp_gain":0.0,"max_hp_loss":0.0,"gold_gain":0.0,"event_name":"Tomb of Lord Red Mask","player_choice":"Ignored","floor":36.0,"gold_loss":0.0,"damage_taken":0.0},{"damage_healed":0.0,"max_hp_gain":0.0,"max_hp_loss":0.0,"gold_gain":0.0,"event_name":"Duplicator","player_choice":"Copied","floor":37.0,"gold_loss":0.0,"damage_taken":0.0,"cards_obtained":["MentalFortress"]},{"damage_healed":0.0,"max_hp_gain":0.0,"max_hp_loss":0.0,"gold_gain":50.0,"event_name":"Golden Shrine","player_choice":"Pray","floor":46.0,"gold_loss":0.0,"damage_taken":0.0}],"is_beta":false,"boss_relics":[{"not_picked":["Snecko Eye","Tiny House"],"picked":"Fusion Hammer"},{"not_picked":["Philosopher\u0027s Stone","Calling Bell"],"picked":"HolyWater"}],"items_purged_floors":[20,38],"is_endless":false,"potions_floor_spawned":[1,8,22,23,25,27,40,48],"killed_by":"Time Eater","ascension_level":20}}