{"host":"ee5exjejqz6r5zx9","time":1613468600,"event":{"mods":["ATMod(°¢èªMod)","Act Like it!","BaseMod","Card Forge","Colored Powertips","Custom Start","Gensokyo","HololiveMod","Minty Spire (QoL Compilation)","MostiFishMod","Quick Restart","Rare Cards Sparkle","Relic Filter Mod","Remove Card Discount Mod","Replay The Spire","RumiaBox-Â¶Ã×æ«µÄÉñÃØºÐ×Ó","Shop Mod","StSLib","TestMod","¡¾¹¦ÄÜMod¡¿»ìãçÖ®»·ÐÞ¸´²¹¶¡","¡¾ÒÅÎï¿¨ÅÆ¡¿REMEMod"],"gold_per_floor":[3333,2933,2933,2947,2961,2994,2994,3026,3052,3081,3081,3113,2952,2983,2983,3059,3059,3077,3090,2650,2669,1785,1812,1823,1857,1857,1873,1873,1906,1919,1950,1950,2024,2024,2044,1701,1701,1715,1715,1749,1745,1745,1768,1768,1887,1942,1775,1829,1829,1879,1904,1904,1904,1458,1536,1561],"floor_reached":57,"language":"ZHS","playtime":1698,"items_purged":["Strike_P","Defend_P","Strike_P","Strike_P","Defend_P","Conclude+1"],"score":4033,"play_id":"c2d035d2-f05f-4a37-82f7-816ea233c469","local_time":"20210216174320","is_ascension_mode":true,"campfire_choices":[{"data":"MentalFortress","floor":7.0,"key":"SMITH"},{"data":"MostiFishMod:FlowState","floor":11.0,"key":"SMITH"},{"data":"InnerPeace","floor":15.0,"key":"SMITH"},{"data":"MostiFishMod:Speedup","floor":32.0,"key":"SMITH"},{"floor":42,"key":"RECALL"},{"data":"Wallop","floor":44,"key":"SMITH"},{"data":"Defend_P","floor":49,"key":"SMITH"},{"floor":53,"key":"REST"}],"circlet_count":0,"master_deck":["AscendersBane","Defend_P+1","Vigilance+1","testmod-ShutDown+1","AT_ChampionStep+1","Brilliance+1","MentalFortress+1","Evaluate+1","InnerPeace+1","Ragnarok+1","TalkToTheHand+1","Indignation+1","TalkToTheHand+1","Adaptation+1","Blasphemy+1","MostiFishMod:Speedup+1","Wallop+1","Tantrum+1"],"relics":["Hammer of Thor","Seething Fire","Anvil of the Gods","testmod-TestBox","REME_ComplimentaryCards","DaveBox","AT_ATBox","testmod-IndustrialRevolution","OneHitWonderSystem","SacredBark","SynthV:TestCard","Vajra","Dodecahedron","Potion Belt","AT_SunfireAegis","MagicDraw1","WingedGreaves","AT_RedTearstoneRing","Toy Ornithopter","Runic Dome","MagicDraw3","BrkXgEgg","testmod-Maize","testmod-FatalChain","Bottled Lightning","AT_ArchangelStaff","Bag of Marbles","testmod-BouquetWithThorns","testmod-TimeTraveler","TheAbacus","SSSystem","AT_MibuBalloonWealth","Blood Vial","Strawberry","AT_SpeedBoots","PreservedInsect","Sundial","Oddly Smooth Stone","StrikeDummy"],"acts_visited":["Exordium","TheCity","TheBeyond","TheEnding"],"potions_floor_usage":[56],"damage_taken":[{"damage":0.0,"enemies":"Small Slimes","floor":1.0,"turns":2.0},{"damage":0.0,"enemies":"Cultist","floor":4.0,"turns":1.0},{"damage":0.0,"enemies":"2 Louse","floor":5.0,"turns":2.0},{"damage":0.0,"enemies":"Replay:BlueRogue","floor":6.0,"turns":3.0},{"damage":0.0,"enemies":"Lagavulin","floor":8.0,"turns":4.0},{"damage":0.0,"enemies":"Gremlin Nob","floor":10.0,"turns":3.0},{"damage":0.0,"enemies":"Lagavulin","floor":12.0,"turns":4.0},{"damage":0.0,"enemies":"Gremlin Nob","floor":14.0,"turns":2.0},{"damage":0.0,"enemies":"Fading Forest","floor":16.0,"turns":5.0},{"damage":0.0,"enemies":"2 Thieves","floor":18.0,"turns":3.0},{"damage":0.0,"enemies":"3 Byrds","floor":19.0,"turns":3.0},{"damage":0.0,"enemies":"Snecko","floor":21.0,"turns":3.0},{"damage":0.0,"enemies":"Slavers","floor":23.0,"turns":1.0},{"damage":0.0,"enemies":"Snake Plant","floor":24.0,"turns":3.0},{"damage":0.0,"enemies":"REME_1_Revenger","floor":25.0,"turns":2.0},{"damage":0.0,"enemies":"Centurion and Healer","floor":27.0,"turns":2.0},{"damage":0.0,"enemies":"Gremlin Leader","floor":29.0,"turns":2.0},{"damage":0.0,"enemies":"3 Cultists","floor":30.0,"turns":1.0},{"damage":0.0,"enemies":"Slavers","floor":31.0,"turns":2.0},{"damage":0.0,"enemies":"Automaton","floor":33.0,"turns":3.0},{"damage":0.0,"enemies":"3 Shapes","floor":35.0,"turns":1.0},{"damage":0.0,"enemies":"Orb Walker","floor":38.0,"turns":1.0},{"damage":0,"enemies":"R_Hoarder","floor":40,"turns":3},{"damage":0,"enemies":"4 Shapes","floor":45,"turns":2},{"damage":0,"enemies":"Giant Head","floor":46,"turns":1},{"damage":0,"enemies":"R_Hoarder","floor":48,"turns":1},{"damage":0,"enemies":"Donu and Deca","floor":50,"turns":1},{"damage":0,"enemies":"Time Eater","floor":51,"turns":1},{"damage":0,"enemies":"Shield and Spear","floor":55,"turns":1},{"damage":0,"enemies":"The Heart","floor":56,"turns":4}],"seed_played":"-724448095434996425","potions_obtained":[{"floor":1.0,"key":"PowerPotion"},{"floor":6.0,"key":"BottledMiracle"},{"floor":12.0,"key":"Elixir"},{"floor":14.0,"key":"GamblersBrew"},{"floor":21.0,"key":"DistilledChaos"},{"floor":29.0,"key":"Adrenaline Potion"},{"floor":33.0,"key":"Ambrosia"},{"floor":40,"key":"Weak Potion"},{"floor":48,"key":"DuplicationPotion"}],"is_trial":false,"path_per_floor":["M","$","?","M","M","E","R","E","T","E","R","E","$","E","R","B",null,"M","M","$","M","$","E","M","E","T","M","?","E","M","E","R","B",null,"M","$","?","M","?","E","$","R","T","R","M","E","$","E","R","B","B",null,"R","$","E","B",null],"character_chosen":"WATCHER","items_purchased":["Vajra","Dodecahedron","Conclude","AT_RedTearstoneRing","Indignation","TalkToTheHand","MagicDraw3","Blasphemy","BrkXgEgg","testmod-Maize","testmod-FatalChain","TheAbacus","SSSystem","AT_SpeedBoots","Sundial","Oddly Smooth Stone"],"campfire_rested":1,"item_purchase_floors":[2,2,2,13,20,20,20,22,22,22,22,36,36,47,54,54],"current_hp_per_floor":[1,1,1,1,1,1,1,1,1,1,1,1,1,1,1,1,1,1,1,1,1,1,1,1,1,1,1,1,1,1,1,1,1,1,1,1,1,1,1,1,1,1,1,1,1,8,1,1,1,1,1,1,1,1,1,1],"gold":1561,"neow_bonus":"BOSS_RELIC","is_daily":false,"chose_seed":false,"campfire_upgraded":6,"win_rate":0.0,"timestamp":1613468600,"path_taken":["M","$","?","M","M","E","R","E","T","E","R","E","$","E","R","BOSS","M","M","$","M","$","E","M","E","T","?","?","E","M","E","R","BOSS","M","$","?","M","?","E","?","R","T","R","M","E","$","E","R","BOSS","BOSS","R","$","E","BOSS"],"items_purchased_type":["Relic","Relic","Card","Relic","Card","Card","Relic","Card","Relic","Relic","Relic","Relic","Relic","Relic","Relic","Relic"],"build_version":"2020-12-22","purchased_purges":6,"victory":true,"max_hp_per_floor":[1,1,1,1,1,1,1,1,1,1,1,1,1,1,1,1,1,1,1,1,1,1,1,1,1,1,1,1,1,1,1,1,1,1,1,1,1,1,1,1,1,1,1,1,1,8,1,1,1,1,1,1,1,1,1,1],"card_choices":[{"not_picked":["ThirdEye","Replay:AtTheReady","CutThroughFate"],"picked":"SKIP","floor":1.0},{"not_picked":["Replay:AtTheReady","Sanctity","Nirvana","WaveOfTheHand","Replay:Anticipation"],"picked":"SKIP","floor":4.0},{"not_picked":["AT_SoftenMuscles","BowlingBash","Protect","FlurryOfBlows"],"picked":"MentalFortress","floor":5.0},{"not_picked":["CrushJoints","Consecrate","REME_MusicOfDeath","MostiFishMod:Dust"],"picked":"Evaluate","floor":6.0},{"not_picked":["EmptyFist","SashWhip","REME_Repentance","Prostrate"],"picked":"MostiFishMod:FlowState","floor":8.0},{"not_picked":["MentalFortress","CutThroughFate","Replay:ManipulateFuture","Replay:AtTheReady","PathToVictory"],"picked":"SKIP","floor":10.0},{"not_picked":["REME_Repentance","EmptyMind","WreathOfFlame","Replay:BluntJabs","ClearTheMind"],"picked":"SKIP","floor":12.0},{"not_picked":["WheelKick","Nirvana","Alpha","Crescendo"],"picked":"InnerPeace","floor":14.0},{"not_picked":["AT_ChampionKick","MostiFishMod:DisColor","Judgement","MostiFishMod:Minus"],"picked":"Ragnarok","floor":16.0},{"not_picked":["WreathOfFlame","Replay:AtTheReady","ReachHeaven","MostiFishMod:FlowState+1"],"picked":"TalkToTheHand","floor":18.0},{"not_picked":["Crescendo","WheelKick","SashWhip","JustLucky","Evaluate"],"picked":"SKIP","floor":19.0},{"not_picked":["Replay:BluntJabs","Halt","EmptyBody","EmptyFist"],"picked":"Adaptation","floor":21.0},{"not_picked":["EmptyMind","AT_DivineConfetti","ClearTheMind","ThirdEye","DeusExMachina+1"],"picked":"SKIP","floor":23.0},{"not_picked":["Wireheading","ClearTheMind","PathToVictory","Replay:ManipulateFuture"],"picked":"AT_SoftenMuscles+1","floor":24.0},{"not_picked":["Crescendo","Replay:AtTheReady","EmptyBody","Alpha+1"],"picked":"Adaptation","floor":25.0},{"not_picked":["BowlingBash","EmptyMind+1","Crescendo","ForeignInfluence","Sanctity"],"picked":"SKIP","floor":27.0},{"not_picked":["Indignation","REME_Repentance","FollowUp","Replay:AllIn+1","MostiFishMod:StarHerder+1"],"picked":"SKIP","floor":29.0},{"not_picked":["CutThroughFate","Consecrate","FlyingSleeves","Replay:ManipulateFuture","ClearTheMind+1"],"picked":"SKIP","floor":30.0},{"not_picked":["Replay:BluntJabs+1","JustLucky","ForeignInfluence","Fasting2"],"picked":"MostiFishMod:Speedup","floor":31.0},{"not_picked":["SandsOfTime+1","REME_Repentance","Protect","ReachHeaven","FollowUp"],"picked":"SKIP","floor":35.0},{"not_picked":["Nirvana+1","CutThroughFate","Replay:AtTheReady+1","Replay:Anticipation+1","Weave"],"picked":"SKIP","floor":38.0},{"not_picked":["AT_DivineConfetti+1","REME_Repentance","Sanctity","Replay:AtTheReady"],"picked":"Wallop","floor":40},{"not_picked":["JustLucky","FlurryOfBlows","Replay:AtTheReady","FollowUp","Worship+1"],"picked":"SKIP","floor":45},{"not_picked":["REME_Repentance","Blasphemy+1","ThirdEye","MostiFishMod:StarHerder+1","Replay:Battleflow"],"picked":"SKIP","floor":46},{"not_picked":["Replay:BluntJabs","Evaluate","Consecrate","Halt","Replay:ManipulateFuture"],"picked":"SKIP","floor":48},{"not_picked":["FearNoEvil","AT_OneInchPunch","ThirdEye","BowlingBash+1"],"picked":"Tantrum","floor":55}],"player_experience":453523,"relics_obtained":[{"floor":1.0,"key":"SynthV:TestCard"},{"floor":6.0,"key":"Potion Belt"},{"floor":8.0,"key":"AT_SunfireAegis"},{"floor":10.0,"key":"MagicDraw1"},{"floor":12.0,"key":"WingedGreaves"},{"floor":14.0,"key":"Toy Ornithopter"},{"floor":23.0,"key":"Bottled Lightning"},{"floor":25.0,"key":"AT_ArchangelStaff"},{"floor":26.0,"key":"Bag of Marbles"},{"floor":29.0,"key":"testmod-BouquetWithThorns"},{"floor":40,"key":"AT_MibuBalloonWealth"},{"floor":43,"key":"Blood Vial"},{"floor":46,"key":"Strawberry"},{"floor":48,"key":"PreservedInsect"},{"floor":55,"key":"StrikeDummy"}],"event_choices":[{"damage_healed":0.0,"max_hp_gain":0.0,"max_hp_loss":0.0,"gold_gain":0.0,"event_name":"Match and Keep!","player_choice":"2 cards matched","floor":3.0,"gold_loss":0.0,"damage_taken":0.0,"cards_obtained":["AT_ChampionStep","Brilliance"]},{"damage_healed":0.0,"max_hp_gain":0.0,"max_hp_loss":0.0,"gold_gain":0.0,"event_name":"Cursed Tome","player_choice":"Ignored","floor":28.0,"gold_loss":0.0,"damage_taken":0.0},{"damage_healed":0.0,"max_hp_gain":0.0,"max_hp_loss":0.0,"gold_gain":0.0,"event_name":"SensoryStone","player_choice":"Memory 1","floor":37.0,"gold_loss":0.0,"damage_taken":0.0},{"cards_removed":["Adaptation"],"damage_healed":0.0,"max_hp_gain":0.0,"max_hp_loss":0.0,"gold_gain":0.0,"event_name":"Falling","player_choice":"Removed Power","floor":39.0,"gold_loss":0.0,"damage_taken":0.0}],"is_beta":false,"boss_relics":[{"not_picked":["Calling Bell","NightmareShop"],"picked":"Runic Dome"},{"not_picked":["Runic Pyramid","Replay:Grab Bag"],"picked":"testmod-TimeTraveler"}],"items_purged_floors":[2,36,36,36,41,41],"is_endless":false,"potions_floor_spawned":[1,5,6,10,12,14,21,23,29,31,33,40,45,48,55],"ascension_level":20}}