{"host":"0k7350af1t8odskw","time":1613497390,"event":{"mods":["AchievementEnabler","BaseMod","Better Vampires","BetterRewards","Colored Map","Downfall","Highlight Path","Hubris","Jorbs\u0027s Wanderer Trilogy","Lobotomy","Marisa£®ÏF”Í°°ƒß¿Ì…≥£©","Minty Spire (QoL Compilation)","Quick Restart","Replay The Spire","Shop Mod","StSLib","The Administrix","The Cursed","The Death Knight","The Runesmith","Youmu£®ªÍ∆«—˝√Œ£©"],"gold_per_floor":[109,122,122,122,122,122,156,180,180,180,180,196,214,214,309,309,325,325,373,373,405,405,430,430,441,390,405,405,405,405],"floor_reached":33,"language":"ZHS","playtime":1465,"items_purged":[],"score":413,"play_id":"95c31a24-ddf6-4bb3-8e28-a9f345ecd8eb","local_time":"20210216094310","is_ascension_mode":true,"campfire_choices":[{"data":"hubris:Sniper","floor":6,"key":"SMITH"},{"data":"Hidden Blade","floor":12,"key":"SMITH"},{"floor":15,"key":"REST"},{"data":"Replay:Bag of Tricks","floor":23,"key":"SMITH"},{"floor":25,"key":"REST"},{"data":"Replay:Bag of Tricks","floor":27,"key":"SMITH"},{"floor":32,"key":"REST"}],"circlet_count":0,"master_deck":["Strike_G+1","Strike_G","Strike_G","Strike_G+1","Strike_G","Defend_G","Defend_G","Defend_G","Defend_G+1","Defend_G","Survivor","Neutralize","hubris:Sniper+1","Unload","Hidden Blade+1","Prepared","Underhanded Strike","Dagger Throw","Acrobatics","Cloak And Dagger","Poisoned Stab","Concentrate","Replay:Bag of Tricks+1","Replay:Bag of Tricks+1","Infinite Blades","Blade Dance","Terror+1","Choke+1","Choke+1","Venomology"],"relics":["Ring of the Snake","Orrery","hubris:Teleporter","Oddly Smooth Stone","hubris:Towel","Honey Jar","Replay:Bottled Snecko","Molten Egg 2","Simple Rune"],"acts_visited":["Exordium","TheCity"],"potions_floor_usage":[16,16,24,31,33,33,33],"damage_taken":[{"damage":0,"enemies":"Cultist","floor":1,"turns":3},{"damage":0,"enemies":"2 Louse","floor":2,"turns":2},{"damage":24,"enemies":"3 Sentries","floor":7,"turns":7},{"damage":0,"enemies":"Small Slimes","floor":13,"turns":2},{"damage":18,"enemies":"Exordium Wildlife","floor":14,"turns":5},{"damage":49,"enemies":"Fading Forest","floor":16,"turns":11},{"damage":2,"enemies":"Chosen","floor":18,"turns":3},{"damage":31,"enemies":"Book of Stabbing","floor":24,"turns":5},{"damage":0,"enemies":"3 Byrds","floor":29,"turns":3},{"damage":0,"enemies":"Snake Plant","floor":31,"turns":2},{"damage":54,"enemies":"Pondfish","floor":33,"turns":4}],"seed_played":"-1262602844443173417","potions_obtained":[{"floor":2,"key":"ColorlessPotion"},{"floor":7,"key":"Explosive Potion"},{"floor":11,"key":"FearPotion"},{"floor":14,"key":"Adrenaline Potion"},{"floor":16,"key":"Languid Potion"},{"floor":18,"key":"Swift Potion"},{"floor":22,"key":"SneckoOil"},{"floor":31,"key":"Energy Potion"}],"is_trial":false,"path_per_floor":["M","M","$","?","$","R","E","T","?","?","R","M","M","R","B",null,"M","$","?","R","E","R","T","R","M","$","M","R","B"],"character_chosen":"THE_SILENT","items_purchased":["Orrery","Choke+1"],"campfire_rested":3,"item_purchase_floors":[0,30],"current_hp_per_floor":[65,65,65,65,65,65,41,41,41,41,41,41,23,44,13,70,68,68,40,40,9,30,30,30,30,30,30,51,0,0],"gold":405,"neow_bonus":"","is_daily":false,"chose_seed":false,"campfire_upgraded":4,"win_rate":0.0,"timestamp":1613497390,"path_taken":["M","?","$","?","$","R","E","T","?","?","R","M","?","R","BOSS","M","$","?","R","E","R","T","R","M","$","M","R","BOSS"],"items_purchased_type":["Relic","Card"],"build_version":"2020-12-22","purchased_purges":0,"victory":false,"max_hp_per_floor":[70,70,70,70,70,70,70,70,70,70,70,70,70,70,70,70,70,70,70,70,70,70,70,70,70,70,70,70,70,70],"card_choices":[{"not_picked":["Quick Slash","Finisher"],"picked":"hubris:Sniper","floor":0},{"not_picked":["Quick Slash","Prepared"],"picked":"Unload","floor":0},{"not_picked":["Leg Sweep","Draining Mist"],"picked":"Hidden Blade","floor":0},{"not_picked":["Fluid Movement","Masterful Stab"],"picked":"Prepared","floor":0},{"not_picked":["Prepared","Caltrops"],"picked":"Underhanded Strike","floor":0},{"not_picked":["Bane","Deflect"],"picked":"Dagger Throw","floor":1},{"not_picked":["Well Laid Plans","Tactician"],"picked":"Acrobatics","floor":2},{"not_picked":["Sucker Punch","PiercingWail"],"picked":"Cloak And Dagger","floor":7},{"not_picked":["Slice","Outmaneuver"],"picked":"Poisoned Stab","floor":13},{"not_picked":["Poisoned Stab","Flying Knee"],"picked":"Concentrate","floor":14},{"not_picked":["Unload","Wraith Form v2"],"picked":"Replay:Bag of Tricks","floor":16},{"not_picked":["Calculated Gamble","Quick Slash","Underhanded Strike"],"picked":"Replay:Bag of Tricks","floor":18},{"not_picked":["hubris:SlightOfHand","Underhanded Strike","hubris:Counter"],"picked":"Infinite Blades","floor":22},{"not_picked":["Dodge and Roll","ReplayTheSpireMod:The Works","Eviscerate+1"],"picked":"Blade Dance","floor":24},{"not_picked":["PiercingWail","Sucker Punch+1","Noxious Fumes"],"picked":"Terror+1","floor":29},{"not_picked":["ReplayTheSpireMod:Speed Training","Sucker Punch+1","hubris:TrickCloak+1"],"picked":"Venomology","floor":31}],"player_experience":162011,"relics_obtained":[{"floor":7,"key":"hubris:Teleporter"},{"floor":9,"key":"Oddly Smooth Stone"},{"floor":22,"key":"Replay:Bottled Snecko"},{"floor":24,"key":"Molten Egg 2"},{"floor":26,"key":"Simple Rune"}],"event_choices":[{"damage_healed":0,"gold_gain":0,"player_choice":"Got Potions","damage_taken":0,"max_hp_gain":0,"max_hp_loss":0,"event_name":"Lab","floor":11,"gold_loss":0}],"is_beta":false,"boss_relics":[{"not_picked":["hubris:VirtuousBlindfold","hubris:Stopwatch"],"picked":"Honey Jar"}],"items_purged_floors":[],"is_endless":false,"potions_floor_spawned":[2,7,14,16,18,31],"killed_by":"Pondfish","ascension_level":3}}