{"host":"bsgp9wgausrmthh2","time":1613505525,"event":{"mods":["AchievementEnabler","BaseMod","Colored Map","Minty Spire (QoL Compilation)","StSLib"],"gold_per_floor":[110,129,83,83,83,83,114,40,64,91,91,107,124,137,137,241,291,306,159,177,190,190,190,210,210,210,224,235,235,235,235,235,235,235],"floor_reached":33,"language":"ENG","playtime":1872,"items_purged":[],"score":272,"play_id":"da64be63-c788-4a71-9732-ffeae360cba6","local_time":"20210216145844","is_ascension_mode":false,"campfire_choices":[{"floor":6.0,"key":"RECALL"},{"data":"Uppercut","floor":11.0,"key":"SMITH"},{"data":"Inflame","floor":15.0,"key":"SMITH"},{"data":"Immolate","floor":23,"key":"SMITH"},{"data":"Shockwave","floor":25,"key":"SMITH"},{"floor":32,"key":"REST"}],"circlet_count":0,"master_deck":["Strike_R","Strike_R","Strike_R","Strike_R+1","Strike_R","Defend_R","Defend_R","Defend_R","Defend_R","Bash","Headbutt","Battle Trance","Iron Wave","Uppercut+1","Battle Trance","Inflame+1","Clothesline","Anger","Immolate+1","Pommel Strike","Armaments","Feed","Fire Breathing","Searing Blow","Armaments","Shockwave+1","Flex+1","Carnage+1","Limit Break"],"relics":["Burning Blood","NeowsBlessing","Thread and Needle","Red Skull","Tiny House","Self Forming Clay"],"acts_visited":["Exordium","TheCity"],"potions_floor_usage":[24],"damage_taken":[{"damage":0.0,"enemies":"Cultist","floor":1.0,"turns":1.0},{"damage":0.0,"enemies":"Jaw Worm","floor":2.0,"turns":1.0},{"damage":0.0,"enemies":"Lagavulin","floor":7.0,"turns":1.0},{"damage":1.0,"enemies":"Small Slimes","floor":12.0,"turns":3.0},{"damage":0.0,"enemies":"Looter","floor":13.0,"turns":3.0},{"damage":0.0,"enemies":"Blue Slaver","floor":14.0,"turns":4.0},{"damage":52.0,"enemies":"Hexaghost","floor":16.0,"turns":9.0},{"damage":23.0,"enemies":"2 Thieves","floor":18.0,"turns":4.0},{"damage":34,"enemies":"Spheric Guardian","floor":20,"turns":6},{"damage":15,"enemies":"Snake Plant","floor":21,"turns":4},{"damage":22,"enemies":"3 Cultists","floor":24,"turns":5},{"damage":13,"enemies":"Sentry and Sphere","floor":27,"turns":5},{"damage":11,"enemies":"Snake Plant","floor":28,"turns":3},{"damage":11,"enemies":"Colosseum Slavers","floor":29,"turns":5},{"damage":78,"enemies":"Automaton","floor":33,"turns":6}],"seed_played":"-1033572881096143953","potions_obtained":[{"floor":7.0,"key":"PowerPotion"},{"floor":12.0,"key":"SkillPotion"},{"floor":13.0,"key":"Weak Potion"},{"floor":16.0,"key":"Fire Potion"},{"floor":20,"key":"Energy Potion"},{"floor":24,"key":"Explosive Potion"}],"is_trial":false,"path_per_floor":["M","M","$","?","?","R","E","$","T","T","R","M","M","M","R","B",null,"M","$","M","M","?","R","M","R","T","M","M","?","?","?","R","B"],"character_chosen":"IRONCLAD","items_purchased":["Iron Wave","Battle Trance","Feed","Fire Breathing"],"campfire_rested":1,"item_purchase_floors":[3,8,19,19],"current_hp_per_floor":[80,80,80,85,85,85,85,85,85,85,85,85,85,85,85,39,90,73,73,45,36,36,36,24,24,24,17,12,7,7,7,35,0,0],"gold":235,"neow_bonus":"THREE_ENEMY_KILL","is_daily":false,"chose_seed":false,"campfire_upgraded":4,"win_rate":0.0,"timestamp":1613505524,"path_taken":["M","M","?","?","?","R","E","$","T","?","R","?","M","M","R","BOSS","M","$","M","M","?","R","M","R","T","M","M","?","?","?","R","BOSS"],"items_purchased_type":["Card","Card","Card","Card"],"build_version":"2020-12-22","purchased_purges":0,"victory":false,"max_hp_per_floor":[80,80,80,85,85,85,85,85,85,85,85,85,85,85,85,85,90,90,90,90,90,90,90,94,94,94,94,94,94,94,94,94,94,94],"card_choices":[{"not_picked":["Second Wind","Evolve"],"picked":"Headbutt","floor":1.0},{"not_picked":["Fire Breathing","Headbutt"],"picked":"Battle Trance","floor":2.0},{"not_picked":["Cleave","Headbutt"],"picked":"Uppercut","floor":7.0},{"not_picked":["Twin Strike","Power Through"],"picked":"Inflame","floor":12.0},{"not_picked":["Thunderclap","Flex"],"picked":"Clothesline","floor":13.0},{"not_picked":["Sword Boomerang","Battle Trance"],"picked":"Anger","floor":14.0},{"not_picked":["Juggernaut","Double Tap"],"picked":"Immolate","floor":16.0},{"not_picked":["Rupture","Dropkick"],"picked":"Pommel Strike","floor":17.0},{"not_picked":["Combust","Perfected Strike"],"picked":"Armaments","floor":18},{"not_picked":["Dark Embrace","Reckless Charge"],"picked":"Searing Blow","floor":20},{"not_picked":["Evolve+1","Feel No Pain"],"picked":"Armaments","floor":21},{"not_picked":["Clash+1","Rupture"],"picked":"Shockwave","floor":24},{"not_picked":["Wild Strike","Clothesline"],"picked":"Flex+1","floor":27},{"not_picked":["Thunderclap","Rampage+1"],"picked":"Carnage+1","floor":28}],"player_experience":257971,"relics_obtained":[{"floor":7.0,"key":"Thread and Needle"},{"floor":10.0,"key":"Red Skull"},{"floor":26,"key":"Self Forming Clay"}],"event_choices":[{"damage_healed":0.0,"max_hp_gain":5.0,"max_hp_loss":0.0,"gold_gain":0.0,"event_name":"Big Fish","player_choice":"Donut","floor":4.0,"gold_loss":0.0,"damage_taken":0.0},{"damage_healed":0.0,"max_hp_gain":0.0,"max_hp_loss":0.0,"gold_gain":0.0,"event_name":"The Cleric","player_choice":"Leave","floor":5.0,"gold_loss":0.0,"damage_taken":0.0},{"damage_healed":0,"gold_gain":0,"player_choice":"Ignored","damage_taken":0,"max_hp_gain":0,"max_hp_loss":0,"event_name":"Vampires","floor":22,"gold_loss":0},{"damage_healed":0,"gold_gain":0,"player_choice":"Fight","damage_taken":0,"max_hp_gain":0,"max_hp_loss":0,"event_name":"Colosseum","floor":29,"gold_loss":0},{"damage_healed":0,"gold_gain":0,"player_choice":"Fled From Nobs","damage_taken":0,"max_hp_gain":0,"max_hp_loss":0,"event_name":"Colosseum","floor":29,"gold_loss":0},{"damage_healed":0,"gold_gain":0,"player_choice":"Ignored","damage_taken":0,"max_hp_gain":0,"max_hp_loss":0,"event_name":"Ghosts","floor":30,"gold_loss":0},{"damage_healed":0,"gold_gain":0,"player_choice":"Read","damage_taken":0,"max_hp_gain":0,"max_hp_loss":0,"event_name":"The Library","floor":31,"gold_loss":0,"cards_obtained":["Limit Break"]}],"is_beta":false,"boss_relics":[{"not_picked":["SlaversCollar","Runic Dome"],"picked":"Tiny House"}],"items_purged_floors":[],"is_endless":false,"potions_floor_spawned":[7,12,13,16,20,24,28,29],"killed_by":"Automaton","ascension_level":0}}