{"host":"5inz41fcnifmg6v2","time":1613454237,"event":{"mods":["BaseMod","Downfall","Minty Spire (QoL Compilation)","Reliquary","Replay The Spire","StSLib"],"gold_per_floor":[110,110,129,79,92,104,104,84,111,86,106,117,117,117,117,215,215,227,227,243,243,243,243],"floor_reached":22,"language":"ZHS","playtime":799,"items_purged":[],"score":202,"play_id":"1fa70e18-33d9-41e4-8a28-94b8aa129040","local_time":"20210216134357","is_ascension_mode":true,"campfire_choices":[{"floor":7,"key":"RECALL"},{"floor":13,"key":"REST"},{"data":"Infernal Blade","floor":15,"key":"SMITH"}],"circlet_count":0,"master_deck":["Strike_R","Strike_R","Strike_R","Defend_R","Defend_R","Defend_R","Defend_R","Bash","Sentinel","Infernal Blade+1","Anger","Anger","Twin Strike","ReplayTheSpireMod:LeadingStrike","Cleave+1","Reaper","Pain","Combust","Writhe"],"relics":["Burning Blood","NeowsBlessing","Runic Pyramid","WarpedTongs","reliquary:SharkskinSheath"],"acts_visited":["Exordium","TheCity"],"potions_floor_usage":[16,16],"damage_taken":[{"damage":0,"enemies":"2 Louse","floor":1,"turns":1},{"damage":0,"enemies":"Jaw Worm","floor":3,"turns":1},{"damage":0,"enemies":"Small Slimes","floor":5,"turns":1},{"damage":24,"enemies":"3 Louse","floor":6,"turns":3},{"damage":0,"enemies":"2 Fungi Beasts","floor":11,"turns":3},{"damage":20,"enemies":"Lots of Slimes","floor":12,"turns":4},{"damage":37,"enemies":"The Guardian","floor":16,"turns":9},{"damage":28,"enemies":"Spheric Guardian","floor":18,"turns":4},{"damage":11,"enemies":"3 Byrds","floor":20,"turns":4},{"damage":76,"enemies":"Snecko","floor":22,"turns":5}],"seed_played":"-5736180812929923855","potions_obtained":[{"floor":3,"key":"Elixir"},{"floor":6,"key":"Milkshake"},{"floor":8,"key":"Doom Potion"},{"floor":11,"key":"bronze:BurnAndBuffPotion"}],"is_trial":false,"path_per_floor":["M","?","M","?","M","M","R","?","T","$","M","M","R","?","R","B",null,"M","?","M","?","M"],"character_chosen":"IRONCLAD","items_purchased":["Anger"],"campfire_rested":1,"item_purchase_floors":[10],"current_hp_per_floor":[80,80,80,80,80,62,62,62,62,62,68,54,78,78,78,47,80,58,58,61,61,0,0],"gold":243,"neow_bonus":"THREE_ENEMY_KILL","is_daily":false,"chose_seed":false,"campfire_upgraded":1,"win_rate":0.0,"timestamp":1613454237,"path_taken":["M","?","M","?","M","?","R","?","T","$","M","?","R","?","R","BOSS","M","?","?","?","?"],"items_purchased_type":["Card"],"build_version":"2020-12-22","purchased_purges":0,"victory":false,"max_hp_per_floor":[80,80,80,80,80,80,80,80,80,80,80,80,80,80,80,80,80,80,80,80,80,80,80],"card_choices":[{"not_picked":["Heavy Blade","Sever Soul"],"picked":"Sentinel","floor":1},{"not_picked":["Pommel Strike","Perfected Strike"],"picked":"Dual Wield","floor":3},{"not_picked":["Twin Strike","Hemokinesis"],"picked":"Infernal Blade","floor":5},{"not_picked":["Headbutt","True Grit"],"picked":"Anger","floor":6},{"not_picked":["Warcry","Iron Wave"],"picked":"Twin Strike","floor":11},{"not_picked":["Whirlwind","Offering"],"picked":"ReplayTheSpireMod:LeadingStrike","floor":12},{"not_picked":["Eclipse","Replay:Many Hands"],"picked":"Reaper","floor":16},{"not_picked":["ReplayTheSpireMod:Limb From Limb","Blood for Blood+1","Clothesline"],"picked":"SKIP","floor":18},{"not_picked":["Shrug It Off+1","Headbutt+1"],"picked":"Combust","floor":20}],"player_experience":114767,"relics_obtained":[],"event_choices":[{"cards_removed":["Strike_R"],"damage_healed":0,"gold_gain":0,"player_choice":"Forget","damage_taken":0,"max_hp_gain":0,"max_hp_loss":0,"event_name":"Living Wall","floor":2,"gold_loss":0},{"cards_removed":["Strike_R"],"damage_healed":0,"gold_gain":0,"player_choice":"Card Removal","damage_taken":0,"max_hp_gain":0,"max_hp_loss":0,"event_name":"The Cleric","floor":4,"gold_loss":50},{"damage_healed":0,"gold_gain":0,"player_choice":"Bought 1 Potion","damage_taken":0,"max_hp_gain":0,"max_hp_loss":0,"event_name":"The Woman in Blue","floor":8,"gold_loss":0},{"damage_healed":0,"gold_gain":0,"player_choice":"Rummage","damage_taken":0,"relics_obtained":["WarpedTongs"],"max_hp_gain":0,"max_hp_loss":0,"event_name":"Accursed Blacksmith","floor":19,"gold_loss":0,"cards_obtained":["Pain"]},{"damage_healed":0,"gold_gain":0,"player_choice":"Opened","damage_taken":0,"relics_obtained":["reliquary:SharkskinSheath"],"max_hp_gain":0,"max_hp_loss":0,"event_name":"The Mausoleum","floor":21,"gold_loss":0,"cards_obtained":["Writhe"]}],"is_beta":false,"boss_relics":[{"not_picked":["Philosopher\u0027s Stone","reliquary:RedCape"],"picked":"Runic Pyramid"}],"items_purged_floors":[],"is_endless":false,"potions_floor_spawned":[3,6,11,12],"killed_by":"Snecko","ascension_level":3}}