{"host":"xy5qih4nvxccm4rc","time":1613435272,"event":{"mods":["AchievementEnabler","BaseMod","Minty Spire (QoL Compilation)","StSLib"],"gold_per_floor":[110,110,70,20,36,77,30,61,61,81,104,119,119,119],"floor_reached":13,"language":"ENG","playtime":257,"items_purged":[],"score":144,"play_id":"2ae91fde-c66c-4424-b770-3a43cbdb758f","local_time":"20210215182752","is_ascension_mode":true,"campfire_choices":[],"circlet_count":0,"master_deck":["Strike_B","Strike_B","Strike_B","Defend_B","Defend_B","Defend_B","Defend_B","Zap","Dualcast","White Noise","Self Repair","Beam Cell","Cold Snap","Streamline","Creative AI","Ball Lightning","Doom and Gloom","Coolheaded"],"relics":["Cracked Core","NeowsBlessing","Golden Idol","StoneCalendar","Art of War","Symbiotic Virus"],"acts_visited":["Exordium"],"potions_floor_usage":[13,13],"damage_taken":[{"damage":0,"enemies":"2 Louse","floor":1,"turns":1},{"damage":0,"enemies":"Small Slimes","floor":5,"turns":1},{"damage":0,"enemies":"3 Sentries","floor":6,"turns":2},{"damage":41,"enemies":"Gremlin Nob","floor":8,"turns":6},{"damage":5,"enemies":"Jaw Worm","floor":10,"turns":3},{"damage":17,"enemies":"2 Fungi Beasts","floor":11,"turns":3},{"damage":11,"enemies":"Looter","floor":12,"turns":2},{"damage":6,"enemies":"3 Sentries","floor":13,"turns":1}],"seed_played":"-4350963904697869750","potions_obtained":[{"floor":1,"key":"Strength Potion"},{"floor":8,"key":"FocusPotion"}],"is_trial":false,"path_per_floor":["M","?","$","?","M","E","$","E","T","M","M","M","E"],"character_chosen":"DEFECT","items_purchased":["Self Repair","Streamline"],"campfire_rested":0,"item_purchase_floors":[3,7],"current_hp_per_floor":[75,57,57,57,57,64,64,30,30,25,15,4,0,0],"gold":119,"neow_bonus":"THREE_ENEMY_KILL","is_daily":false,"chose_seed":false,"campfire_upgraded":0,"win_rate":0.0,"timestamp":1613435272,"path_taken":["M","?","$","?","M","E","$","E","T","M","M","M","E"],"items_purchased_type":["Card","Card"],"build_version":"2020-12-22","purchased_purges":0,"victory":false,"max_hp_per_floor":[75,75,75,75,75,75,75,75,75,75,75,75,75,75],"card_choices":[{"not_picked":["Barrage","Compile Driver"],"picked":"White Noise","floor":1},{"not_picked":["Compile Driver","Gash"],"picked":"Beam Cell","floor":5},{"not_picked":["Steam","Reinforced Body"],"picked":"Cold Snap","floor":6},{"not_picked":["Hyperbeam","Stack"],"picked":"Creative AI","floor":8},{"not_picked":["Hologram","Tempest"],"picked":"Ball Lightning","floor":10},{"not_picked":["Conserve Battery","Sweeping Beam"],"picked":"Doom and Gloom","floor":11},{"not_picked":["Go for the Eyes","Cold Snap"],"picked":"Coolheaded","floor":12}],"player_experience":337500,"relics_obtained":[{"floor":6,"key":"StoneCalendar"},{"floor":8,"key":"Art of War"},{"floor":9,"key":"Symbiotic Virus"}],"event_choices":[{"damage_healed":0,"gold_gain":0,"player_choice":"Take Damage","damage_taken":18,"relics_obtained":["Golden Idol"],"max_hp_gain":0,"max_hp_loss":0,"event_name":"Golden Idol","floor":2,"gold_loss":0},{"cards_removed":["Strike_B"],"damage_healed":0,"gold_gain":0,"player_choice":"Card Removal","damage_taken":0,"max_hp_gain":0,"max_hp_loss":0,"event_name":"The Cleric","floor":4,"gold_loss":50}],"is_beta":false,"boss_relics":[],"items_purged_floors":[],"is_endless":false,"potions_floor_spawned":[1,8],"killed_by":"3 Sentries","ascension_level":4}}