{"host":"8kqih82z00stt9q9","time":1613483250,"event":{"mods":["BaseMod","Bestiary","Hermit","Marisa（F雨　魔理沙）","Minty Spire (QoL Compilation)","Reliquary","Replay The Spire","Robot Space Explorer","SOS（斯巴达之子）","StSLib","The Bug Knight","The Cursed","The Hierophant","【功能Mod】聪明的最终Boss","【遗物卡牌】REMEMod"],"gold_per_floor":[115,32,32,32,43,43,43,43],"floor_reached":7,"language":"ZHS","playtime":396,"items_purged":[],"score":39,"play_id":"01693970-d777-442b-ae56-3923c55c52c8","local_time":"20210216214730","is_ascension_mode":false,"campfire_choices":[{"data":"Deep Breath","floor":6,"key":"SMITH"}],"circlet_count":0,"master_deck":["Strike_G","Strike_G","Strike_G","Strike_G","Defend_G","Defend_G","Defend_G","Defend_G","Defend_G","Survivor","Neutralize","Secret Technique","Deep Breath+1","Replay:Sluggish","Dash"],"relics":["REME_ComplimentaryCards","REME_LowDesire","reliquary:Aerogel","Strawberry","Ring of Fangs","Ring of Peace"],"acts_visited":["Exordium"],"potions_floor_usage":[],"damage_taken":[{"damage":8.0,"enemies":"Cultist","floor":1.0,"turns":6.0},{"damage":0,"enemies":"Small Slimes","floor":5,"turns":10},{"damage":50,"enemies":"Lagavulin","floor":7,"turns":15}],"seed_played":"1125096738646336818","potions_obtained":[{"floor":1.0,"key":"Weak Potion"}],"is_trial":false,"path_per_floor":["M","$","?","?","M","R","E"],"character_chosen":"THE_SILENT","items_purchased":["Deep Breath"],"campfire_rested":0,"item_purchase_floors":[2],"current_hp_per_floor":[69,69,69,62,62,62,12,12],"gold":43,"neow_bonus":"BOSS_RELIC","is_daily":false,"chose_seed":false,"campfire_upgraded":1,"win_rate":0.0,"timestamp":1613483250,"path_taken":["M","?","?","?","M","R","E"],"items_purchased_type":["Card"],"build_version":"2020-12-22","purchased_purges":0,"victory":false,"max_hp_per_floor":[77,77,77,77,77,77,77,77],"card_choices":[{"not_picked":["ReplayTheSpireMod:Scrap Shanks","Dagger Spray","Leg Sweep"],"picked":"Secret Technique","floor":1.0},{"not_picked":["Bouncing Flask","Heel Hook","Specialist"],"picked":"Dash","floor":5}],"player_experience":7362,"relics_obtained":[{"floor":0.0,"key":"reliquary:Aerogel"},{"floor":0.0,"key":"Strawberry"},{"floor":3,"key":"Ring of Fangs"},{"floor":3,"key":"Ring of Peace"}],"event_choices":[{"cards_removed":["Strike_G"],"damage_healed":0,"gold_gain":0,"player_choice":"Card Removal","damage_taken":7,"max_hp_gain":0,"max_hp_loss":0,"event_name":"Golden Wing","floor":4,"gold_loss":0}],"is_beta":false,"boss_relics":[],"items_purged_floors":[],"is_endless":false,"potions_floor_spawned":[1],"killed_by":"Lagavulin","ascension_level":0}}