{"host":"vk2xyavtylxbvrfq","time":1613510476,"event":{"mods":["Bard","BaseMod","Bestiary","Better Altar","Better Match","Better Note","Better Sensory Stone","Better Skull","Better Vampires","Block Reminder","Bossed Relics","Colored Map","Curses Come First","Displayed Cursed Tome","Downfall","Fox Events","Hermit","Ironclad Rager","Marked Mod","Minty Spire (QoL Compilation)","Quick Restart","Rare Cards Sparkle","Relic Sorter","Reliquary","Robot Space Explorer","StSLib","The Hayseed","The Runesmith","TheSurvivalist","Unceasing Turn Reminder"],"gold_per_floor":[118,133,133,144,104,104,136,13,13,11,11,24,24,40,40,40,40],"floor_reached":16,"language":"ENG","playtime":468,"items_purged":[],"score":133,"play_id":"2d6ae74b-f2a0-4be1-88e0-52b3bdcbeec7","local_time":"20210216162116","is_ascension_mode":true,"campfire_choices":[{"floor":6,"key":"REST"},{"floor":11,"key":"REST"},{"data":"hermit:Vantage","floor":15,"key":"SMITH"}],"circlet_count":0,"master_deck":["hermit:Strike_Hermit","hermit:Strike_Hermit","hermit:Strike_Hermit","hermit:Strike_Hermit","hermit:Defend_Hermit","hermit:Defend_Hermit","hermit:Defend_Hermit","hermit:Defend_Hermit","hermit:Snapshot","hermit:Covet","hermit:WideOpen","hermit:CalledShot","hermit:Gestalt","hermit:DeadMansHand","hermit:BigShot","hermit:Vantage+1","hermit:HoleUp","hermit:Snipe","hermit:Dive"],"relics":["hermit:Momento","NeowsBlessing","reliquary:Stiletto","Blood Vial","Boot","Letter Opener"],"acts_visited":["Exordium"],"potions_floor_usage":[7,14],"damage_taken":[{"damage":0,"enemies":"Jaw Worm","floor":1,"turns":1},{"damage":0,"enemies":"Cultist","floor":2,"turns":1},{"damage":0,"enemies":"2 Louse","floor":4,"turns":1},{"damage":2,"enemies":"Lagavulin","floor":7,"turns":5},{"damage":15,"enemies":"Exordium Thugs","floor":10,"turns":5},{"damage":11,"enemies":"Gremlin Gang","floor":12,"turns":6},{"damage":5,"enemies":"3 Louse","floor":14,"turns":4},{"damage":21,"enemies":"Slime Boss","floor":16,"turns":7}],"seed_played":"-6018384574330631681","potions_obtained":[{"floor":5,"key":"LiquidBronze"},{"floor":5,"key":"CultistPotion"},{"floor":5,"key":"Dexterity Potion"},{"floor":7,"key":"Dexterity Potion"},{"floor":12,"key":"hermit:Eclipse"},{"floor":14,"key":"bronze:BurnAndBuffPotion"}],"is_trial":false,"path_per_floor":["M","M","?","M","?","R","E","$","T","M","R","M","$","M","R","B"],"character_chosen":"HERMIT","items_purchased":["hermit:BigShot","hermit:Vantage"],"campfire_rested":2,"item_purchase_floors":[8,8],"current_hp_per_floor":[68,68,37,39,39,61,61,61,61,48,70,61,61,58,58,39,39],"gold":40,"neow_bonus":"THREE_ENEMY_KILL","is_daily":false,"chose_seed":false,"campfire_upgraded":1,"win_rate":0.0,"timestamp":1613510476,"path_taken":["M","M","?","?","?","R","E","?","T","?","R","M","$","?","R","BOSS"],"items_purchased_type":["Card","Card"],"build_version":"2020-12-22","purchased_purges":0,"victory":false,"max_hp_per_floor":[75,75,75,75,75,75,75,75,75,75,75,75,75,75,75,75,75],"card_choices":[{"not_picked":["hermit:SprayPray","hermit:Dive"],"picked":"hermit:WideOpen","floor":1},{"not_picked":["hermit:TrackingShot","hermit:Dive"],"picked":"hermit:CalledShot","floor":2},{"not_picked":["hermit:Malice","hermit:Manifest"],"picked":"hermit:Gestalt","floor":4},{"not_picked":["hermit:Ricochet","hermit:BodyArmor"],"picked":"hermit:DeadMansHand","floor":7},{"not_picked":["hermit:HighCaliber","hermit:Showdown"],"picked":"hermit:HoleUp","floor":10},{"not_picked":["hermit:Midnight","hermit:Roulette"],"picked":"hermit:Snipe","floor":12},{"not_picked":["hermit:Magnum","hermit:ItchyTrigger"],"picked":"hermit:Dive","floor":14}],"player_experience":1387069,"relics_obtained":[{"floor":7,"key":"Boot"},{"floor":9,"key":"Letter Opener"}],"event_choices":[{"damage_healed":0,"gold_gain":0,"player_choice":"RE RE ","damage_taken":35,"relics_obtained":["reliquary:Stiletto","Blood Vial"],"max_hp_gain":0,"max_hp_loss":0,"event_name":"betterSkull:BetterSkull","floor":3,"gold_loss":0,"cards_upgraded":[]},{"damage_healed":0,"gold_gain":0,"player_choice":"Bought 3 Potions","damage_taken":0,"max_hp_gain":0,"max_hp_loss":0,"event_name":"The Woman in Blue","floor":5,"gold_loss":0}],"is_beta":false,"boss_relics":[],"items_purged_floors":[],"is_endless":false,"potions_floor_spawned":[7,10,12,14],"killed_by":"Slime Boss","ascension_level":6}}