{"host":"pj05r22d3fegil3v","time":1613450029,"event":{"mods":["BaseMod","Better Altar","Better Match","Better Note","Better Sensory Stone","Better Skull","Better Third Choice","BetterRewards","Card Filter","Colored Powertips","Curses Come First","Custom Start","DeckTracker","Displayed Cursed Tome","Evolution","Minty Spire (QoL Compilation)","Quick Restart","Rare Cards Sparkle","Relic Filter Mod","Smile Girya","StSLib","Weighted Paths","everything is the same but u backflip on backflip","slay the spire mod where everything is the same but ironclad has a cowboy hat"],"gold_per_floor":[113,127,165,165,165,218,218,278,323,323,364,207,265,49,49,145,145,185,110,156,231,181,207,207,207,207,256,256,171,232,30,30,30,30],"floor_reached":33,"language":"ENG","playtime":1883,"items_purged":["Crescendo","EmptyFist","EmptyFist"],"score":337,"play_id":"2614c35f-4728-49a1-b8ba-f39ab5b5fe4f","local_time":"20210215233349","is_ascension_mode":true,"campfire_choices":[{"data":"Wish","floor":7,"key":"SMITH"},{"data":"Deep Breath","floor":10,"key":"SMITH"},{"floor":15,"key":"REST"},{"data":"Establishment","floor":25,"key":"SMITH"},{"data":"Prostrate","floor":28,"key":"SMITH"},{"data":"Worship","floor":32,"key":"SMITH"}],"circlet_count":0,"master_deck":["ThirdEye","ThirdEye","ThirdEye","ThirdEye","Vigilance","Wish+1","Prostrate+1","Deep Breath+1","BattleHymn","SandsOfTime","Nirvana","Worship+1","BattleHymn","Establishment+1","WindmillStrike","WindmillStrike+1","Fasting2"],"relics":["HolyWater","EVO:Axolotl","Pear","Oddly Smooth Stone","Juzu Bracelet","Blue Candle","Eternal Feather","Happy Flower","Blood Vial","The Courier","Bronze Scales"],"acts_visited":["Exordium","TheCity"],"potions_floor_usage":[6,13,16,16,20,23,30,33],"damage_taken":[{"damage":0,"enemies":"Cultist","floor":1,"turns":3},{"damage":4,"enemies":"Jaw Worm","floor":2,"turns":2},{"damage":1,"enemies":"2 Louse","floor":3,"turns":4},{"damage":2,"enemies":"3 Sentries","floor":6,"turns":13},{"damage":14,"enemies":"Lagavulin","floor":8,"turns":6},{"damage":0,"enemies":"Blue Slaver","floor":11,"turns":7},{"damage":43,"enemies":"Gremlin Nob","floor":13,"turns":6},{"damage":9,"enemies":"Slime Boss","floor":16,"turns":4},{"damage":9,"enemies":"Spheric Guardian","floor":18,"turns":5},{"damage":10,"enemies":"Chosen","floor":20,"turns":6},{"damage":34,"enemies":"Book of Stabbing","floor":23,"turns":7},{"damage":23,"enemies":"Gremlin Leader","floor":30,"turns":3},{"damage":38,"enemies":"Automaton","floor":33,"turns":6}],"seed_played":"-8093303807254448755","potions_obtained":[{"floor":2,"key":"Dexterity Potion"},{"floor":3,"key":"GamblersBrew"},{"floor":6,"key":"Dexterity Potion"},{"floor":16,"key":"LiquidMemories"},{"floor":20,"key":"DuplicationPotion"},{"floor":23,"key":"BlessingOfTheForge"}],"is_trial":false,"path_per_floor":["M","M","M","?","?","E","R","E","T","R","M","$","E","$","R","B",null,"M","?","M","?","?","E","?","R","T","T","R","?","E","$","R","B"],"character_chosen":"WATCHER","items_purchased":["Nirvana","BattleHymn","Dexterity Potion","Fasting2","Dexterity Potion"],"campfire_rested":1,"item_purchase_floors":[12,14,14,31,31],"current_hp_per_floor":[73,69,68,61,61,69,69,55,55,55,55,55,12,12,36,27,83,74,74,64,56,56,22,22,31,31,31,40,40,19,19,28,0,0],"gold":30,"neow_bonus":"REMOVE_CARD","is_daily":false,"chose_seed":false,"campfire_upgraded":5,"win_rate":0.0,"timestamp":1613450029,"path_taken":["M","M","M","?","?","E","R","E","T","R","M","?","E","$","R","BOSS","M","?","M","?","?","E","?","R","T","?","R","?","E","?","R","BOSS"],"items_purchased_type":["Card","Card","Potion","Card","Potion"],"build_version":"2020-12-22","purchased_purges":3,"victory":false,"max_hp_per_floor":[73,73,73,73,73,83,83,83,83,83,83,83,83,83,83,83,83,83,83,83,83,83,83,83,83,83,83,83,83,83,83,83,83,83],"card_choices":[{"not_picked":["ThirdEye","WreathOfFlame"],"picked":"Crescendo","floor":1},{"not_picked":["CutThroughFate","WreathOfFlame"],"picked":"Wish","floor":2},{"not_picked":["EmptyBody","ReachHeaven"],"picked":"Prostrate","floor":3},{"not_picked":["Panacea","Flash of Steel"],"picked":"Deep Breath","floor":5},{"not_picked":["JustLucky","Consecrate"],"picked":"BattleHymn","floor":6},{"not_picked":["CarveReality","Indignation","Adaptation"],"picked":"SKIP","floor":8},{"not_picked":["FearNoEvil","FollowUp"],"picked":"SandsOfTime","floor":11},{"not_picked":["CrushJoints","Perseverance"],"picked":"Worship","floor":13},{"not_picked":["Blasphemy","Vault"],"picked":"Establishment","floor":16},{"not_picked":["CrushJoints+1","Consecrate"],"picked":"WindmillStrike","floor":18},{"not_picked":["Perseverance+1","Vengeance+1"],"picked":"WindmillStrike+1","floor":19},{"not_picked":["Consecrate+1","EmptyFist+1","ThirdEye"],"picked":"SKIP","floor":20},{"not_picked":["CarveReality","ClearTheMind+1","FlurryOfBlows"],"picked":"SKIP","floor":23},{"not_picked":["Halt+1","EmptyMind+1","EmptyBody"],"picked":"SKIP","floor":30}],"player_experience":111933,"relics_obtained":[{"floor":6,"key":"Pear"},{"floor":8,"key":"Oddly Smooth Stone"},{"floor":9,"key":"Juzu Bracelet"},{"floor":13,"key":"Blue Candle"},{"floor":23,"key":"Eternal Feather"},{"floor":26,"key":"Happy Flower"},{"floor":27,"key":"Blood Vial"},{"floor":30,"key":"Bronze Scales"}],"event_choices":[{"cards_removed":["Eruption"],"damage_healed":0,"gold_gain":0,"player_choice":"Card Removal","damage_taken":7,"max_hp_gain":0,"max_hp_loss":0,"event_name":"Golden Wing","floor":4,"gold_loss":0},{"damage_healed":0,"gold_gain":1,"player_choice":"1","damage_taken":0,"max_hp_gain":0,"max_hp_loss":0,"event_name":"betterStone:BetterStone","floor":5,"gold_loss":0},{"damage_healed":0,"gold_gain":0,"player_choice":"2","damage_taken":0,"max_hp_gain":0,"max_hp_loss":0,"event_name":"betterMatch:BetterMatch","floor":19,"gold_loss":0,"cards_obtained":["betterMatch:UncommonCard"]},{"damage_healed":0,"gold_gain":75,"player_choice":"Touch","damage_taken":8,"max_hp_gain":0,"max_hp_loss":0,"event_name":"FaceTrader","floor":21,"gold_loss":0},{"damage_healed":0,"gold_gain":0,"player_choice":"Bet on Murderer","damage_taken":0,"max_hp_gain":0,"max_hp_loss":0,"event_name":"The Joust","floor":22,"gold_loss":50},{"cards_removed":["EmptyFist"],"damage_healed":0,"gold_gain":0,"player_choice":"Card Removal","damage_taken":0,"max_hp_gain":0,"max_hp_loss":0,"event_name":"Wheel of Change","floor":24,"gold_loss":0},{"damage_healed":0,"gold_gain":0,"player_choice":"Obtained Relic","damage_taken":0,"relics_obtained":["The Courier"],"max_hp_gain":0,"max_hp_loss":0,"event_name":"Addict","floor":29,"gold_loss":85}],"is_beta":false,"boss_relics":[{"not_picked":["Astrolabe","Empty Cage"],"picked":"HolyWater"}],"items_purged_floors":[12,14,31],"is_endless":false,"potions_floor_spawned":[2,3,6,16,20,23],"killed_by":"Automaton","ascension_level":1}}