{"host":"b5jaqh8y266k2cz4","time":1613519591,"event":{"mods":["AchievementEnabler","Aspiration","BaseMod","Colored Powertips","Conspire","Dio Mod","Downfall","Googly Eyes","Hermit","Highlight Path","Hubris","Infinite Spire","MarisaÅiñ∂âJÅ@ñÇóùçπÅj","Mimic Mod","Minty Spire (QoL Compilation)","Quick Restart","Replay The Spire","Spikes Relics","StSLib","Synergy Search","Td1madao Mod","The Animator","The Cursed","The Jungle","The Necromancer","The Servant 0.9.4","The Wild Card","slay the spire mod where everything is the same but ironclad has a cowboy hat"],"gold_per_floor":[114,125,50,50,66,100,0,175,175,175,175,175],"floor_reached":11,"language":"ENG","playtime":572,"items_purged":["Strike_C","Strike_C"],"score":75,"play_id":"3c9db1c1-14c6-4be7-87b0-36f9bc56c41e","local_time":"20210216185311","is_ascension_mode":true,"campfire_choices":[{"data":"Doubt","floor":10,"key":"PURGE"}],"circlet_count":0,"master_deck":["Strike_C","Strike_C","Defend_C","Defend_C","Defend_C","Defend_C","Knight Kick","Chip","Machining+1","Lunge","Lunge","Fixing"],"relics":["Apod","Bottled Flame","Peace Pipe"],"acts_visited":["Exordium"],"potions_floor_usage":[11],"damage_taken":[{"damage":0,"enemies":"2 Louse","floor":1,"turns":3},{"damage":6,"enemies":"Jaw Worm","floor":2,"turns":4},{"damage":2,"enemies":"Cultist","floor":5,"turns":4},{"damage":30,"enemies":"3 Sentries","floor":6,"turns":16},{"damage":42,"enemies":"Gremlin Nob","floor":11,"turns":5}],"seed_played":"4185009959092102128","potions_obtained":[{"floor":5,"key":"Weak Potion"}],"is_trial":false,"path_per_floor":["M","M","$","?","M","E","$","?","T","R","E"],"character_chosen":"TD1MADAO_CLASS","items_purchased":[],"campfire_rested":0,"item_purchase_floors":[],"current_hp_per_floor":[70,64,64,64,62,32,32,32,32,32,0,0],"gold":175,"neow_bonus":"THREE_CARDS","is_daily":false,"chose_seed":false,"campfire_upgraded":0,"win_rate":0.0,"timestamp":1613519591,"path_taken":["M","M","$","?","M","E","$","?","T","R","E"],"items_purchased_type":[],"build_version":"2020-12-22","purchased_purges":2,"victory":false,"max_hp_per_floor":[70,70,70,70,70,70,70,70,70,70,70,70],"card_choices":[{"not_picked":["Oblique Hack","Perfect Defend"],"picked":"Machining","floor":0},{"not_picked":["Floating Swing Kick","Afterwards"],"picked":"Lunge","floor":1},{"not_picked":["Break Into","Twin Teeth"],"picked":"Lunge","floor":2},{"not_picked":["Afterwards","Twin Teeth"],"picked":"Fixing","floor":5},{"not_picked":["Bugfix","Ruin Defend","Moon Tear"],"picked":"SKIP","floor":6}],"player_experience":393904,"relics_obtained":[{"floor":6,"key":"Bottled Flame"},{"floor":9,"key":"Peace Pipe"}],"event_choices":[{"damage_healed":0,"gold_gain":0,"player_choice":"Grow","damage_taken":0,"max_hp_gain":0,"max_hp_loss":0,"event_name":"Living Wall","floor":4,"gold_loss":0,"cards_upgraded":["Machining"]},{"damage_healed":0,"gold_gain":175,"player_choice":"AGREE","damage_taken":0,"max_hp_gain":0,"max_hp_loss":0,"event_name":"Liars Game","floor":8,"gold_loss":0,"cards_obtained":["Doubt"]}],"is_beta":false,"boss_relics":[],"items_purged_floors":[3,7],"is_endless":false,"potions_floor_spawned":[5],"killed_by":"Gremlin Nob","ascension_level":1}}