{"host":"2l5k2wp87eek7qja","time":1613499625,"event":{"mods":["BaseMod","Colored Map","Minty Spire (QoL Compilation)","Relic Stats"],"gold_per_floor":[117,63,74,84,84,118,118,158,208,208,252,252,252,275,275,275,275],"floor_reached":16,"language":"ENG","playtime":378,"items_purged":[],"score":236,"play_id":"6a1e277b-b929-4c01-9880-6d9fc565d06e","local_time":"20210216202025","is_ascension_mode":true,"campfire_choices":[{"data":"Skewer","floor":7,"key":"SMITH"},{"data":"Catalyst","floor":10,"key":"SMITH"},{"floor":13,"key":"REST"},{"data":"Noxious Fumes","floor":15,"key":"SMITH"}],"circlet_count":0,"master_deck":["AscendersBane","Strike_G","Strike_G","Strike_G","Strike_G","Strike_G","Defend_G","Defend_G","Defend_G","Defend_G","Defend_G","Survivor","Neutralize","Catalyst+1","Deadly Poison","Skewer+1","Skewer","Noxious Fumes+1","Deadly Poison","Blur","Footwork"],"relics":["Ring of the Snake","NeowsBlessing","Golden Idol","Bottled Flame","Nunchaku","Blood Vial","Calipers"],"acts_visited":["Exordium"],"potions_floor_usage":[8,11],"damage_taken":[{"damage":0,"enemies":"Cultist","floor":1,"turns":1},{"damage":0,"enemies":"2 Louse","floor":3,"turns":1},{"damage":0,"enemies":"Jaw Worm","floor":4,"turns":1},{"damage":36,"enemies":"Gremlin Nob","floor":6,"turns":4},{"damage":6,"enemies":"3 Sentries","floor":8,"turns":8},{"damage":12,"enemies":"Gremlin Nob","floor":11,"turns":3},{"damage":8,"enemies":"3 Louse","floor":14,"turns":4},{"damage":22,"enemies":"The Guardian","floor":16,"turns":7}],"seed_played":"4516454583764951518","potions_obtained":[{"floor":6,"key":"Fire Potion"},{"floor":8,"key":"ColorlessPotion"}],"is_trial":false,"path_per_floor":["M","$","M","M","?","E","R","E","T","R","E","?","R","M","R","B"],"character_chosen":"THE_SILENT","items_purchased":["Deadly Poison"],"campfire_rested":1,"item_purchase_floors":[2],"current_hp_per_floor":[59,59,59,59,59,23,23,17,17,17,7,7,25,19,19,0,0],"gold":275,"neow_bonus":"THREE_ENEMY_KILL","is_daily":false,"chose_seed":false,"campfire_upgraded":3,"win_rate":0.0,"timestamp":1613499625,"path_taken":["M","$","?","M","?","E","R","E","T","R","E","?","R","M","R","BOSS"],"items_purchased_type":["Card"],"build_version":"2020-12-22","purchased_purges":0,"victory":false,"max_hp_per_floor":[66,66,66,66,60,60,60,60,60,60,60,60,60,60,60,60,60],"relic_stats":{"Blood Vial":6,"Nunchaku":[1],"counters":[8,29],"Golden Idol":29,"obtain_stats":[{"Blood Vial":9,"Bottled Flame":6,"Nunchaku":8,"Calipers":11,"NeowsBlessing":0,"Golden Idol":5,"Ring of the Snake":0},{"Blood Vial":5,"Bottled Flame":4,"Nunchaku":5,"Calipers":6,"NeowsBlessing":0,"Golden Idol":3,"Ring of the Snake":0},{"Blood Vial":15,"Bottled Flame":7,"Nunchaku":15,"Calipers":18,"NeowsBlessing":0,"Golden Idol":3,"Ring of the Snake":0}],"Ring of the Snake":[16]},"card_choices":[{"not_picked":["Deflect","Acrobatics"],"picked":"Catalyst","floor":1},{"not_picked":["PiercingWail","Blur"],"picked":"Skewer","floor":3},{"not_picked":["Sucker Punch","Outmaneuver"],"picked":"Skewer","floor":4},{"not_picked":["Backflip","Escape Plan"],"picked":"Noxious Fumes","floor":6},{"not_picked":["Expertise","Prepared"],"picked":"Deadly Poison","floor":8},{"not_picked":["PiercingWail","Backstab"],"picked":"Blur","floor":11},{"not_picked":["Unload","PiercingWail"],"picked":"Footwork","floor":14}],"player_experience":795925,"relics_obtained":[{"floor":6,"key":"Bottled Flame"},{"floor":8,"key":"Nunchaku"},{"floor":9,"key":"Blood Vial"},{"floor":11,"key":"Calipers"}],"event_choices":[{"damage_healed":0,"gold_gain":0,"player_choice":"Lose Max HP","damage_taken":0,"relics_obtained":["Golden Idol"],"max_hp_gain":0,"max_hp_loss":6,"event_name":"Golden Idol","floor":5,"gold_loss":0},{"damage_healed":0,"gold_gain":0,"player_choice":"Ignored","damage_taken":0,"max_hp_gain":0,"max_hp_loss":0,"event_name":"Liars Game","floor":12,"gold_loss":0}],"is_beta":false,"boss_relics":[],"items_purged_floors":[],"is_endless":false,"potions_floor_spawned":[6,8],"killed_by":"The Guardian","ascension_level":20}}