{"host":"og21o26alpnbwmz8","time":1613502100,"event":{"mods":["Act Like it!","Aspiration","BaseMod","Conspire","Downfall","Gensokyo","GungeonMod","Halation","Hubris","Jedi Mod","Mimic Mod","Minty Spire (QoL Compilation)","Pale of the Ancients","Reliquary","Replay The Spire","Shop Mod","Spikes Relics","StSLib","The Alterego","The Blue Laboratory","The Florist","The Poker Player","Waifu the Spire","Yuri Mod"],"gold_per_floor":[99,99,111,126,6,6,76,76,92,121,121,148,58,92,108,209,209,209,224,272,283,297,197,220,220,220],"floor_reached":24,"language":"ENG","playtime":2361,"items_purged":["Slimebound:Split"],"score":214,"play_id":"c57c5c73-e3a2-452d-807b-d18dba07cafb","local_time":"20210216140140","is_ascension_mode":false,"campfire_choices":[{"data":"Slimebound:CorrosiveSpit","floor":1,"key":"SMITH"},{"data":"Slimebound:MegaLick","floor":8,"key":"SMITH"},{"data":"Slimebound:GoopSpray","floor":11,"key":"SMITH"},{"floor":18,"key":"RECALL"},{"data":"Slimebound:SpikyOuterGoop","floor":23,"key":"SMITH"}],"circlet_count":0,"master_deck":["Slimebound:Tackle","Slimebound:Defend_Slimebound","Slimebound:Defend_Slimebound","Slimebound:Defend_Slimebound","Slimebound:CorrosiveSpit+1","Slimebound:Gluttony","Slimebound:HungryTackle","Slimebound:Gluttony","Slimebound:SpikyOuterGoop+1","Slimebound:FinishingTackle","Slimebound:MegaLick+1","Slimebound:SamplingLick","Slimebound:SpikyOuterGoop","Slimebound:GoopSpray+1","Slimebound:HungryTackle","Pot Of Greed","Pot Of Greed","Slimebound:HauntingLick","Slimebound:AcidTongue","Slimebound:SamplingLick"],"relics":["Slimebound:AbsorbEndCombat","Mango","aspiration:SeaSaltIceCream","Quantum Egg","Eternal Feather","Bag of Marbles","Grinning Jar","Empty Cage","conspire:Dentures","DemoMod:GlassGuonStoneRelic","downfall:HeartBlessingRed"],"acts_visited":["Exordium","Gensokyo:Gensokyo"],"potions_floor_usage":[],"damage_taken":[{"damage":6,"enemies":"Gensokyo:2_Kodama","floor":3,"turns":4},{"damage":9,"enemies":"Gensokyo:3_Fairies","floor":4,"turns":5},{"damage":10,"enemies":"downfall:FleeingMerchant","floor":5,"turns":4},{"damage":4,"enemies":"Gensokyo:Gryphon","floor":9,"turns":3},{"damage":6,"enemies":"Gensokyo:Aya","floor":10,"turns":5},{"damage":5,"enemies":"Gensokyo:Cirno","floor":12,"turns":6},{"damage":5,"enemies":"downfall:FleeingMerchant","floor":13,"turns":4},{"damage":6,"enemies":"Gensokyo:Mamizou","floor":14,"turns":5},{"damage":1,"enemies":"Gensokyo:3_Kodama","floor":15,"turns":3},{"damage":8,"enemies":"SI_SHIV_ARCHETYPE","floor":16,"turns":5},{"damage":10,"enemies":"Gensokyo:AngelMirror","floor":19,"turns":4},{"damage":15,"enemies":"Gensokyo:CosmicMonolith","floor":21,"turns":4},{"damage":23,"enemies":"Gensokyo:Slime_Group","floor":22,"turns":4}],"seed_played":"-8421083071797490332","potions_obtained":[{"floor":3,"key":"DemoMod:LeadSkinPotion"},{"floor":9,"key":"DuplicationPotion"},{"floor":10,"key":"Slimebound:SlimedPotion"}],"is_trial":false,"path_per_floor":["R","?","M","M","$","?","T","R","M","E","R","E","$","E","M","B",null,"R","M","?","M","M","R","T"],"character_chosen":"SLIMEBOUND","items_purchased":["Slimebound:MegaLick","Slimebound:SamplingLick"],"campfire_rested":0,"item_purchase_floors":[5,5],"current_hp_per_floor":[47,40,38,35,33,33,33,33,35,37,46,49,50,52,59,59,79,79,75,44,35,20,32,32,32,32],"gold":220,"neow_bonus":"TRANSFORM_TWO_CARDS","is_daily":false,"chose_seed":false,"campfire_upgraded":4,"win_rate":0.0,"timestamp":1613502100,"path_taken":["R","?","M","M","$","?","T","R","M","E","R","E","?","E","M","BOSS","R","M","?","?","M","R","T"],"items_purchased_type":["Card","Card"],"build_version":"2020-12-22","purchased_purges":1,"victory":false,"max_hp_per_floor":[65,79,79,79,79,79,79,79,79,79,79,79,79,79,79,79,79,79,79,79,79,79,79,79,79,79],"card_choices":[{"not_picked":["Slimebound:ComboTackle","Slimebound:ProtectTheBoss"],"picked":"Slimebound:Gluttony","floor":3},{"not_picked":["Slimebound:LeechingTouch","Slimebound:LivingWall"],"picked":"Slimebound:SpikyOuterGoop","floor":4},{"not_picked":["Slimebound:SplitAcid","Slimebound:SplitSpecialist"],"picked":"Slimebound:FinishingTackle","floor":5},{"not_picked":["Slimebound:SlimeSpikes","Slimebound:ItLooksTasty"],"picked":"Slimebound:SpikyOuterGoop","floor":9},{"not_picked":["Slimebound:RollThrough","Slimebound:SlimeSpikes"],"picked":"Slimebound:GoopSpray","floor":10},{"not_picked":["Slimebound:PressTheAttack","Slimebound:LivingWall"],"picked":"Slimebound:HungryTackle","floor":12},{"not_picked":["Slimebound:PressTheAttack","Slimebound:DivideAndConquer","Slimebound:RollThrough"],"picked":"SKIP","floor":13},{"not_picked":["Slimebound:Gluttony","Slimebound:GoopTackle"],"picked":"Slimebound:HauntingLick","floor":14},{"not_picked":["Slimebound:MassRepurpose","Slimebound:Repurpose"],"picked":"Slimebound:AcidTongue","floor":15},{"not_picked":["Slimebound:FinishingTackle","Slimebound:RollThrough"],"picked":"Slimebound:SamplingLick","floor":19},{"not_picked":["Slimebound:Schlurp","Slimebound:SplitBruiser+1","Slimebound:LivingWall"],"picked":"SKIP","floor":21},{"not_picked":["Slimebound:LeechingTouch","Slimebound:PressTheAttack","Slimebound:SplitLeeching"],"picked":"SKIP","floor":22}],"player_experience":288672,"relics_obtained":[{"floor":7,"key":"aspiration:SeaSaltIceCream"},{"floor":10,"key":"Eternal Feather"},{"floor":12,"key":"Bag of Marbles"},{"floor":14,"key":"Grinning Jar"},{"floor":20,"key":"conspire:Dentures"}],"event_choices":[],"is_beta":false,"boss_relics":[{"not_picked":["hubris:Stopwatch","SacredBark"],"picked":"Empty Cage"}],"items_purged_floors":[13],"is_endless":false,"potions_floor_spawned":[3,9,10,22],"ascension_level":0}}