{"host":"u7lm8z2rvb4dg2oo","time":1613449315,"event":{"mods":["AchievementEnabler","BaseMod","Bestiary","Block Reminder","Colored Map","Colored Powertips","Curses Come First","DeckTracker","Googly Eyes","Highlight Path","Minty Spire (QoL Compilation)","Quick Restart","StSLib"],"gold_per_floor":[114,137,137,137,156,186,186,220,220,255,274,31,31,56,56,128,128,148,148,148,159,30,55,55,85,157,157,182,198,198,210,210,283,333,353,369,28,43,0,33,45,57,84,112,112,126,126,159,159,159],"floor_reached":51,"language":"ENG","playtime":4572,"items_purged":["Strike_G"],"score":1548,"play_id":"a6b086fe-ac7f-4aca-a1be-85efb72b637f","local_time":"20210215232155","is_ascension_mode":true,"campfire_choices":[{"data":"Noxious Fumes","floor":7,"key":"SMITH"},{"floor":13,"key":"REST"},{"data":"Footwork","floor":15,"key":"SMITH"},{"data":"After Image","floor":24,"key":"SMITH"},{"data":"Terror","floor":27,"key":"SMITH"},{"data":"Noxious Fumes","floor":30,"key":"SMITH"},{"data":"Footwork","floor":32,"key":"SMITH"},{"data":"Bullet Time","floor":45,"key":"SMITH"},{"data":"Caltrops","floor":47,"key":"SMITH"},{"data":"A Thousand Cuts","floor":49,"key":"SMITH"}],"circlet_count":0,"master_deck":["AscendersBane","Strike_G+1","Strike_G+1","Strike_G+1","Defend_G+1","Defend_G+1","Defend_G+1","Defend_G+1","Defend_G+1","Survivor","Neutralize+1","Noxious Fumes+1","Endless Agony","Corpse Explosion","Cloak And Dagger","Backstab","Footwork+1","Noxious Fumes+1","After Image+1","Masterful Stab","Footwork+1","Bandage Up","Caltrops+1","Terror+1","Masterful Stab","Deadly Poison","Masterful Stab","Blur","Bandage Up","Bullet Time+1","A Thousand Cuts+1"],"relics":["Ring of the Snake","War Paint","Toy Ornithopter","Ornamental Fan","PreservedInsect","Pear","Eternal Feather","Membership Card","HornCleat","Runic Pyramid","Omamori","Question Card","Mercury Hourglass","Letter Opener","MealTicket","Tiny House","FossilizedHelix","Anchor","Red Mask","Oddly Smooth Stone","Smiling Mask","Sundial","Bag of Preparation"],"acts_visited":["Exordium","TheCity","TheBeyond"],"potions_floor_usage":[6,10,21,23,25,36,36,44,48],"damage_taken":[{"damage":2,"enemies":"Cultist","floor":1,"turns":5},{"damage":3,"enemies":"2 Louse","floor":5,"turns":3},{"damage":14,"enemies":"3 Sentries","floor":6,"turns":9},{"damage":7,"enemies":"Gremlin Nob","floor":8,"turns":5},{"damage":22,"enemies":"Lagavulin","floor":10,"turns":5},{"damage":3,"enemies":"Jaw Worm","floor":11,"turns":4},{"damage":10,"enemies":"3 Sentries","floor":14,"turns":2},{"damage":33,"enemies":"Slime Boss","floor":16,"turns":11},{"damage":1,"enemies":"Chosen","floor":18,"turns":6},{"damage":0,"enemies":"2 Thieves","floor":21,"turns":1},{"damage":0,"enemies":"Book of Stabbing","floor":23,"turns":6},{"damage":19,"enemies":"Slavers","floor":25,"turns":3},{"damage":0,"enemies":"Gremlin Leader","floor":28,"turns":7},{"damage":9,"enemies":"Centurion and Healer","floor":29,"turns":5},{"damage":4,"enemies":"Sentry and Sphere","floor":31,"turns":6},{"damage":4,"enemies":"Automaton","floor":33,"turns":11},{"damage":0,"enemies":"Orb Walker","floor":35,"turns":4},{"damage":0,"enemies":"3 Darklings","floor":36,"turns":3},{"damage":0,"enemies":"Maw","floor":38,"turns":8},{"damage":38,"enemies":"Giant Head","floor":40,"turns":8},{"damage":16,"enemies":"Transient","floor":41,"turns":5},{"damage":0,"enemies":"Sphere and 2 Shapes","floor":42,"turns":5},{"damage":34,"enemies":"Reptomancer","floor":44,"turns":7},{"damage":0,"enemies":"Maw","floor":46,"turns":8},{"damage":11,"enemies":"Nemesis","floor":48,"turns":7},{"damage":37,"enemies":"Donu and Deca","floor":50,"turns":8}],"seed_played":"-7289398128124088005","potions_obtained":[{"floor":5,"key":"Block Potion"},{"floor":6,"key":"LiquidBronze"},{"floor":8,"key":"FearPotion"},{"floor":16,"key":"FearPotion"},{"floor":21,"key":"ColorlessPotion"},{"floor":23,"key":"Block Potion"},{"floor":29,"key":"DuplicationPotion"},{"floor":42,"key":"FearPotion"},{"floor":44,"key":"DuplicationPotion"},{"floor":46,"key":"FairyPotion"}],"is_trial":false,"path_per_floor":["M","T","?","T","M","E","R","E","T","E","M","$","R","E","R","B",null,"M","?","?","M","$","E","R","E","T","R","E","M","R","M","R","B",null,"M","M","$","M","?","E","M","M","T","E","R","M","R","E","R","B",null],"character_chosen":"THE_SILENT","items_purchased":["Membership Card","Footwork","Omamori","Bandage Up","FossilizedHelix","Anchor","Blur","Bandage Up"],"campfire_rested":1,"item_purchase_floors":[12,12,22,22,37,37,37,37],"current_hp_per_floor":[63,63,56,56,53,44,44,37,47,30,27,27,60,50,59,26,68,67,67,67,72,72,81,82,67,67,79,82,73,82,82,82,82,87,87,87,87,87,87,57,49,57,57,36,54,62,80,82,87,58],"gold":159,"neow_bonus":"TEN_PERCENT_HP_BONUS","is_daily":false,"chose_seed":false,"campfire_upgraded":9,"win_rate":0.0,"timestamp":1613449315,"path_taken":["M","?","?","?","M","E","R","E","T","E","?","$","R","E","R","BOSS","M","?","?","M","$","E","R","E","T","R","E","?","R","M","R","BOSS","M","M","$","?","?","E","M","M","T","E","R","M","R","E","R","BOSS"],"items_purchased_type":["Relic","Card","Relic","Card","Relic","Relic","Card","Card"],"build_version":"2020-12-22","purchased_purges":1,"victory":true,"max_hp_per_floor":[72,72,72,72,72,72,72,72,82,82,82,82,82,82,82,82,82,82,82,82,82,82,82,82,82,82,82,82,82,82,82,82,82,87,87,87,87,87,87,87,87,87,87,87,87,87,87,87,87,87],"card_choices":[{"not_picked":["Dagger Throw","Tactician"],"picked":"Noxious Fumes","floor":1},{"not_picked":["Outmaneuver","Slice"],"picked":"Endless Agony","floor":5},{"not_picked":["Deflect","Skewer","Outmaneuver"],"picked":"SKIP","floor":6},{"not_picked":["Bane","Outmaneuver"],"picked":"Corpse Explosion","floor":8},{"not_picked":["Reflex","Acrobatics"],"picked":"Cloak And Dagger","floor":10},{"not_picked":["Dodge and Roll","Distraction"],"picked":"Backstab","floor":11},{"not_picked":["Riddle With Holes","Dodge and Roll"],"picked":"Noxious Fumes","floor":14},{"not_picked":["Phantasmal Killer","Glass Knife"],"picked":"After Image","floor":16},{"not_picked":["Dagger Spray","Dagger Throw"],"picked":"Masterful Stab","floor":18},{"not_picked":["Blade Dance","Dagger Throw"],"picked":"Footwork","floor":21},{"not_picked":["Calculated Gamble","Cloak And Dagger"],"picked":"Caltrops","floor":23},{"not_picked":["Dagger Throw+1","Distraction","Outmaneuver"],"picked":"Terror","floor":25},{"not_picked":["Deflect","Slice","Acrobatics"],"picked":"Masterful Stab","floor":28},{"not_picked":["Noxious Fumes","Dodge and Roll","Riddle With Holes","Blade Dance"],"picked":"SKIP","floor":29},{"not_picked":["Terror","PiercingWail+1","Quick Slash","Phantasmal Killer"],"picked":"SKIP","floor":31},{"not_picked":["Backflip","Infinite Blades+1","Dagger Throw"],"picked":"Deadly Poison","floor":34},{"not_picked":["Cloak And Dagger","Deflect","Acrobatics"],"picked":"Masterful Stab","floor":35},{"not_picked":["Poisoned Stab","Noxious Fumes+1","Tactician","Sucker Punch"],"picked":"SKIP","floor":36},{"not_picked":["Blade Dance","Storm of Steel","Deflect","Slice"],"picked":"SKIP","floor":38},{"not_picked":["Backflip","Escape Plan","Underhanded Strike","Distraction"],"picked":"SKIP","floor":40},{"not_picked":["PiercingWail","Caltrops","Dagger Spray","Eviscerate"],"picked":"SKIP","floor":41},{"not_picked":["PiercingWail+1","Quick Slash","Terror"],"picked":"Bullet Time","floor":42},{"not_picked":["Poisoned Stab+1","Prepared+1","Eviscerate+1","PiercingWail"],"picked":"SKIP","floor":44},{"not_picked":["Prepared","Underhanded Strike","Acrobatics+1","Caltrops"],"picked":"SKIP","floor":46},{"not_picked":["Grand Finale","Sucker Punch","Poisoned Stab"],"picked":"A Thousand Cuts","floor":48}],"player_experience":1095694,"relics_obtained":[{"floor":2,"key":"War Paint"},{"floor":4,"key":"Toy Ornithopter"},{"floor":6,"key":"Ornamental Fan"},{"floor":8,"key":"PreservedInsect"},{"floor":9,"key":"Pear"},{"floor":10,"key":"Eternal Feather"},{"floor":14,"key":"HornCleat"},{"floor":23,"key":"Question Card"},{"floor":25,"key":"Mercury Hourglass"},{"floor":26,"key":"Letter Opener"},{"floor":28,"key":"MealTicket"},{"floor":40,"key":"Oddly Smooth Stone"},{"floor":43,"key":"Smiling Mask"},{"floor":44,"key":"Sundial"},{"floor":48,"key":"Bag of Preparation"}],"event_choices":[{"cards_removed":["Strike_G"],"damage_healed":0,"gold_gain":0,"player_choice":"Card Removal","damage_taken":7,"max_hp_gain":0,"max_hp_loss":0,"event_name":"Golden Wing","floor":3,"gold_loss":0},{"damage_healed":0,"gold_gain":0,"player_choice":"Simplicity","damage_taken":0,"max_hp_gain":0,"max_hp_loss":0,"event_name":"Back to Basics","floor":19,"gold_loss":0,"cards_upgraded":["Strike_G","Strike_G","Strike_G","Defend_G","Defend_G","Defend_G"]},{"damage_healed":0,"gold_gain":0,"player_choice":"Ignored","damage_taken":0,"max_hp_gain":0,"max_hp_loss":0,"event_name":"Ghosts","floor":20,"gold_loss":0},{"damage_healed":0,"gold_gain":0,"player_choice":"Paid","damage_taken":0,"relics_obtained":["Red Mask"],"max_hp_gain":0,"max_hp_loss":0,"event_name":"Tomb of Lord Red Mask","floor":39,"gold_loss":43}],"is_beta":false,"boss_relics":[{"not_picked":["Ectoplasm","Runic Dome"],"picked":"Runic Pyramid"},{"not_picked":["Sozu","Fusion Hammer"],"picked":"Tiny House"}],"items_purged_floors":[12],"is_endless":false,"potions_floor_spawned":[5,6,8,16,21,23,29,35,42,44,46],"ascension_level":16}}