{"host":"bg0cyinkrjnqf173","time":1613445889,"event":{"mods":["BaseMod","Colored Map","Minty Spire (QoL Compilation)","StSLib","Together in Spire"],"gold_per_floor":[217,232,179,179,195,195,220,240,240,270,13,13,13,25,25,124,124,137,156,171,171,185,185,199,199,222,79,113,131,131,146,146,242,242,258,65,75,95,113,141,141,67,67,86,125,148,171,212,212,212,212,212,17,59,59],"floor_reached":56,"language":"ENG","playtime":2899,"items_purged":["Strike_P"],"score":1163,"play_id":"77ff7543-8bda-413b-b6e8-8078e6990efc","local_time":"20210215222449","is_ascension_mode":false,"campfire_choices":[{"data":"Eruption","floor":6.0,"key":"SMITH"},{"data":"Tantrum","floor":12.0,"key":"SMITH"},{"data":"Worship","floor":15.0,"key":"SMITH"},{"data":"Prostrate","floor":23.0,"key":"SMITH"},{"data":"ClearTheMind","floor":25.0,"key":"SMITH"},{"floor":30.0,"key":"REST"},{"floor":32.0,"key":"REST"},{"data":"Ragnarok","floor":41.0,"key":"SMITH"},{"floor":49.0,"key":"REST"},{"data":"Omniscience","floor":52.0,"key":"SMITH"}],"circlet_count":0,"master_deck":["Strike_P","Strike_P","Strike_P","Defend_P","Defend_P","Defend_P","Defend_P","Eruption+1","Vigilance","FollowUp","Tantrum+1","EmptyBody","EmptyFist","Worship+1","CutThroughFate","Wish","Prostrate+1","Vault+1","WreathOfFlame+1","Prostrate+1","Prostrate+1","ClearTheMind+1","Tantrum","Omniscience+1","FollowUp","Omniscience","SashWhip+1","Pray","FlyingSleeves+1","FollowUp+1","Ragnarok+1","Evaluate","ThirdEye","JustLucky+1","ThirdEye","Ragnarok+1","Sanctity"],"relics":["PureWater","Question Card","Dead Branch","Odd Mushroom","StrikeDummy","Philosopher\u0027s Stone","Akabeko","Torii","VioletLotus","Membership Card","Bottled Lightning","Sling","CeramicFish","PreservedInsect","DollysMirror","Letter Opener","Pear"],"acts_visited":[],"potions_floor_usage":[],"damage_taken":[{"damage":0.0,"enemies":"2 Louse","floor":1.0,"turns":2.0},{"damage":0.0,"enemies":"Small Slimes","floor":2.0,"turns":2.0},{"damage":0.0,"enemies":"Cultist","floor":5.0,"turns":2.0},{"damage":1.0,"enemies":"3 Sentries","floor":7.0,"turns":4.0},{"damage":0.0,"enemies":"Red Slaver","floor":8.0,"turns":1.0},{"damage":20.0,"enemies":"The Mushroom Lair","floor":10.0,"turns":3.0},{"damage":0.0,"enemies":"Exordium Wildlife","floor":14.0,"turns":2.0},{"damage":0.0,"enemies":"Slime Boss","floor":16.0,"turns":2.0},{"damage":1.0,"enemies":"2 Thieves","floor":18.0,"turns":3.0},{"damage":5.0,"enemies":"Shell Parasite","floor":19.0,"turns":3.0},{"damage":19.0,"enemies":"Sentry and Sphere","floor":20.0,"turns":4.0},{"damage":0.0,"enemies":"Snecko","floor":22.0,"turns":2.0},{"damage":0.0,"enemies":"Snake Plant","floor":24.0,"turns":3.0},{"damage":0.0,"enemies":"Gremlin Leader","floor":28.0,"turns":4.0},{"damage":24.0,"enemies":"Cultist and Chosen","floor":29.0,"turns":2.0},{"damage":0.0,"enemies":"Snecko","floor":31.0,"turns":2.0},{"damage":13.0,"enemies":"Champ","floor":33.0,"turns":4.0},{"damage":10.0,"enemies":"3 Darklings","floor":35.0,"turns":3.0},{"damage":6.0,"enemies":"Orb Walker","floor":37.0,"turns":2.0},{"damage":0.0,"enemies":"Transient","floor":38.0,"turns":1.0},{"damage":21.0,"enemies":"Jaw Worm Horde","floor":39.0,"turns":3.0},{"damage":7.0,"enemies":"Giant Head","floor":40.0,"turns":4.0},{"damage":1.0,"enemies":"Sphere and 2 Shapes","floor":44.0,"turns":3.0},{"damage":16.0,"enemies":"Nemesis","floor":45.0,"turns":4.0},{"damage":1.0,"enemies":"3 Darklings","floor":46.0,"turns":3.0},{"damage":0.0,"enemies":"Writhing Mass","floor":47.0,"turns":1.0},{"damage":9.0,"enemies":"Giant Head","floor":48.0,"turns":2.0},{"damage":12.0,"enemies":"Donu and Deca","floor":50.0,"turns":3.0},{"damage":0.0,"enemies":"Shield and Spear","floor":54.0,"turns":1.0},{"damage":54,"enemies":"The Heart","floor":55,"turns":5}],"seed_played":"7223052701058007893","potions_obtained":[{"floor":2.0,"key":"Weak Potion"},{"floor":5.0,"key":"Dexterity Potion"},{"floor":8.0,"key":"PowerPotion"},{"floor":16.0,"key":"LiquidBronze"},{"floor":45.0,"key":"Energy Potion"},{"floor":46.0,"key":"SteroidPotion"}],"is_trial":false,"path_per_floor":["M","M","$","?","M","R","E","M","T","?","$","R","?","M","R","B",null,"M","M","M","?","M","R","M","R","T","$","E","M","R","M","R","B",null,"M","$","M","M","M","E","R","$","T","M","E","M","M","E","R","B",null,"R","$","E","B",null],"character_chosen":"WATCHER","items_purchased":["EmptyBody","StrikeDummy","Tantrum","Membership Card","Pray","Sling","DollysMirror","Letter Opener"],"campfire_rested":3,"item_purchase_floors":[3,11,27,36,36,42,53,53],"current_hp_per_floor":[72,72,72,72,72,72,71,71,71,51,51,51,51,51,51,51,72,71,66,47,47,47,47,47,47,47,47,47,23,44,44,65,52,72,62,62,56,56,35,28,28,28,28,27,11,10,10,1,22,60,72,72,72,82,28],"gold":59,"neow_bonus":"HUNDRED_GOLD","is_daily":false,"chose_seed":false,"campfire_upgraded":7,"win_rate":0.0,"timestamp":1613445889,"path_taken":["M","M","$","?","M","R","E","M","T","?","$","R","?","M","R","BOSS","M","M","M","?","M","R","M","R","T","$","E","?","R","M","R","BOSS","M","$","M","M","M","E","R","$","T","M","E","M","M","E","R","BOSS","R","$","E","BOSS"],"items_purchased_type":["Card","Relic","Card","Relic","Card","Relic","Relic","Relic"],"build_version":"2020-12-22","purchased_purges":1,"victory":true,"max_hp_per_floor":[72,72,72,72,72,72,72,72,72,72,72,72,72,72,72,72,72,72,72,72,72,72,72,72,72,72,72,72,72,72,72,72,72,72,72,72,72,72,72,72,72,72,72,72,72,72,72,72,72,72,72,72,72,82,82],"card_choices":[{"not_picked":["DeceiveReality","ThirdEye"],"picked":"FollowUp","floor":1.0},{"not_picked":["ThirdEye","Pray"],"picked":"Tantrum","floor":2.0},{"not_picked":["JustLucky","Consecrate"],"picked":"EmptyFist","floor":5.0},{"not_picked":["PathToVictory","DeceiveReality"],"picked":"Worship","floor":7.0},{"not_picked":["ClearTheMind","EmptyBody","Study"],"picked":"CutThroughFate","floor":8.0},{"not_picked":["Swivel","Protect","Halt"],"picked":"Wish","floor":10.0},{"not_picked":["Collect","Swivel","Adaptation"],"picked":"Prostrate","floor":14.0},{"not_picked":["Blasphemy","Brilliance","DeusExMachina"],"picked":"Vault","floor":16.0},{"not_picked":["Wallop","LikeWater","CrushJoints+1","SashWhip+1"],"picked":"SKIP","floor":18.0},{"not_picked":["Consecrate","Nirvana+1","Perseverance"],"picked":"WreathOfFlame+1","floor":19.0},{"not_picked":["EmptyFist+1","ClearTheMind","FlyingSleeves+1"],"picked":"Prostrate+1","floor":20.0},{"not_picked":["CutThroughFate+1","Crescendo+1","FollowUp"],"picked":"Prostrate+1","floor":22.0},{"not_picked":["CrushJoints","JustLucky+1","PathToVictory"],"picked":"ClearTheMind","floor":24.0},{"not_picked":["FollowUp+1","Consecrate+1","Pray+1"],"picked":"Omniscience","floor":28.0},{"not_picked":["DeceiveReality","ThirdEye","ClearTheMind"],"picked":"FollowUp","floor":29.0},{"not_picked":["Sanctity","MentalFortress","JustLucky","WaveOfTheHand"],"picked":"SKIP","floor":31.0},{"not_picked":["Brilliance","DevaForm","Blasphemy"],"picked":"Omniscience","floor":33.0},{"not_picked":["Wallop","LikeWater","CrushJoints+1"],"picked":"SashWhip+1","floor":35.0},{"not_picked":["Prostrate+1","EmptyFist+1","ClearTheMind+1"],"picked":"FlyingSleeves+1","floor":37.0},{"not_picked":["CutThroughFate+1","Crescendo+1","Prostrate+1"],"picked":"FollowUp+1","floor":38.0},{"not_picked":["CrushJoints","JustLucky+1","ClearTheMind","PathToVictory"],"picked":"SKIP","floor":39.0},{"not_picked":["CarveReality","Worship+1","Ragnarok","Blasphemy"],"picked":"SKIP","floor":40.0},{"not_picked":["CarveReality","Worship+1","Blasphemy"],"picked":"Ragnarok","floor":40.0},{"not_picked":["Protect","ThirdEye","PathToVictory+1","EmptyBody"],"picked":"SKIP","floor":44.0},{"not_picked":["Halt","PathToVictory+1","WheelKick"],"picked":"Evaluate","floor":45.0},{"not_picked":["ClearTheMind","FlyingSleeves+1","JustLucky+1"],"picked":"ThirdEye","floor":46.0},{"not_picked":["Indignation+1","WreathOfFlame","Crescendo"],"picked":"JustLucky+1","floor":47.0},{"not_picked":["SpiritShield","ClearTheMind","CutThroughFate+1"],"picked":"ThirdEye","floor":48.0},{"not_picked":["MentalFortress","JustLucky","WaveOfTheHand+1"],"picked":"Sanctity","floor":54.0}],"player_experience":581468,"relics_obtained":[{"floor":7.0,"key":"Question Card"},{"floor":9.0,"key":"Dead Branch"},{"floor":10.0,"key":"Odd Mushroom"},{"floor":26.0,"key":"Akabeko"},{"floor":28.0,"key":"Torii"},{"floor":40.0,"key":"Bottled Lightning"},{"floor":45.0,"key":"CeramicFish"},{"floor":48.0,"key":"PreservedInsect"},{"floor":54.0,"key":"Pear"}],"event_choices":[{"damage_healed":0.0,"max_hp_gain":0.0,"max_hp_loss":0.0,"gold_gain":0.0,"event_name":"The Cleric","player_choice":"Leave","floor":4.0,"gold_loss":0.0,"damage_taken":0.0},{"damage_healed":0.0,"max_hp_gain":0.0,"max_hp_loss":0.0,"gold_gain":0.0,"event_name":"Mushrooms","player_choice":"Fought Mushrooms","floor":10.0,"gold_loss":0.0,"damage_taken":0.0},{"damage_healed":0.0,"max_hp_gain":0.0,"max_hp_loss":0.0,"gold_gain":0.0,"event_name":"NoteForYourself","player_choice":"Ignored","floor":13.0,"gold_loss":0.0,"damage_taken":0.0},{"damage_healed":0.0,"max_hp_gain":0.0,"max_hp_loss":0.0,"gold_gain":0.0,"event_name":"Accursed Blacksmith","player_choice":"Forge","floor":21.0,"gold_loss":0.0,"damage_taken":0.0,"cards_upgraded":["Vault"]}],"is_beta":false,"boss_relics":[{"not_picked":["Black Star","Velvet Choker"],"picked":"Philosopher\u0027s Stone"},{"not_picked":["Fusion Hammer","Calling Bell"],"picked":"VioletLotus"}],"items_purged_floors":[27],"is_endless":false,"potions_floor_spawned":[2,5,8,16,20,22,28,31,37,45,46],"ascension_level":0}}