{"host":"mwb0clku6crgv6yl","time":1613477759,"event":{"mods":["AchievementEnabler","BaseMod","Highlight Path","Minty Spire (QoL Compilation)","StSLib","The Cursed"],"gold_per_floor":[113,113,34,34,58,58,83,83,83],"floor_reached":8,"language":"ZHS","playtime":172,"items_purged":[],"score":92,"play_id":"8bb6c2a8-e50c-4a72-8ee7-2674d30312f7","local_time":"20210216201559","is_ascension_mode":true,"campfire_choices":[{"data":"Flex","floor":6,"key":"SMITH"}],"circlet_count":0,"master_deck":["AscendersBane","Strike_R","Strike_R","Strike_R","Strike_R","Defend_R","Defend_R","Defend_R","Defend_R","Bash","Bludgeon","Cleave","Whirlwind","Flex+1","Bloodletting"],"relics":["Burning Blood","Golden Idol"],"acts_visited":["Exordium"],"potions_floor_usage":[],"damage_taken":[{"damage":9,"enemies":"Jaw Worm","floor":1,"turns":3},{"damage":1,"enemies":"Cultist","floor":5,"turns":3},{"damage":0,"enemies":"Small Slimes","floor":7,"turns":3},{"damage":50,"enemies":"Lagavulin","floor":8,"turns":5}],"seed_played":"3657046504491886563","potions_obtained":[],"is_trial":false,"path_per_floor":["M","?","$","?","M","R","M","E"],"character_chosen":"IRONCLAD","items_purchased":["Whirlwind"],"campfire_rested":0,"item_purchase_floors":[3],"current_hp_per_floor":[47,47,47,21,26,26,32,0,0],"gold":83,"neow_bonus":"THREE_RARE_CARDS","is_daily":false,"chose_seed":false,"campfire_upgraded":1,"win_rate":0.0,"timestamp":1613477759,"path_taken":["M","?","?","?","M","R","M","E"],"items_purchased_type":["Card"],"build_version":"2020-12-22","purchased_purges":0,"victory":false,"max_hp_per_floor":[75,75,75,75,75,75,75,75,75],"card_choices":[{"not_picked":["Berserk","Fiend Fire"],"picked":"Bludgeon","floor":0},{"not_picked":["Twin Strike","Pommel Strike"],"picked":"Cleave","floor":1},{"not_picked":["Seeing Red","Flame Barrier"],"picked":"Flex","floor":5},{"not_picked":["Searing Blow","Twin Strike"],"picked":"Bloodletting","floor":7}],"player_experience":337646,"relics_obtained":[],"event_choices":[{"cards_removed":["Strike_R"],"damage_healed":0,"gold_gain":0,"player_choice":"Offered Basic","damage_taken":0,"max_hp_gain":0,"max_hp_loss":0,"event_name":"Bonfire Elementals","floor":2,"gold_loss":0},{"damage_healed":0,"gold_gain":0,"player_choice":"Take Damage","damage_taken":26,"relics_obtained":["Golden Idol"],"max_hp_gain":0,"max_hp_loss":0,"event_name":"Golden Idol","floor":4,"gold_loss":0}],"is_beta":false,"boss_relics":[],"items_purged_floors":[],"is_endless":false,"potions_floor_spawned":[],"killed_by":"Lagavulin","ascension_level":20}}