{"host":"tyeg9214rgutn7tb","time":1613513732,"event":{"mods":["BaseMod","Colored Map","Custom Start","Downfall","Minty Spire (QoL Compilation)","StSLib"],"gold_per_floor":[99,111,121,121,138,154,154,188,199,199,16,45,59,69,82,180,180,80,90,90,107,123,143,143,168,68,103,103,137,137,150,168,168,168,168],"floor_reached":33,"language":"ENG","playtime":1734,"items_purged":[],"score":493,"play_id":"8e0ebe3f-cb4a-44e4-a7c6-16b6269d293c","local_time":"20210216231532","is_ascension_mode":true,"campfire_choices":[{"data":"bronze:Goto","floor":1,"key":"SMITH"},{"data":"bronze:TinkerersToolbox","floor":18,"key":"SMITH"},{"floor":26,"key":"REST"},{"floor":28,"key":"REST"}],"circlet_count":0,"master_deck":["bronze:Defend","bronze:Defend","bronze:Defend","bronze:Defend","bronze:Replicate","bronze:Goto+1","bronze:Constructor","bronze:Deprecate","bronze:FineTuning","bronze:BronzeArmor","expansioncontent:QuickStudy","bronze:Branch","bronze:FineTuning","bronze:ChosenStrike","bronze:Branch","bronze:TinkerersToolbox+1","bronze:Shell+1","RitualDagger","bronze:Iterate","bronze:Repulsor+1","bronze:Philosophize","bronze:Constructor+1","Bite","Bite","Bite","Bite","Bite","bronze:Format"],"relics":["bronze:BronzeCore","Akabeko","Turnip","Letter Opener","Girya","bronze:DecasWashers","sneckomod:SneckoTalon","downfall:HeartBlessingGreen","TungstenRod","downfall:HeartBlessingBlue","bronze:SilverBullet","Question Card"],"acts_visited":["Exordium","TheCity"],"potions_floor_usage":[12,16,22,25,25,33],"damage_taken":[{"damage":0,"enemies":"2 Louse","floor":2,"turns":4},{"damage":2,"enemies":"Small Slimes","floor":3,"turns":3},{"damage":0,"enemies":"Cultist","floor":5,"turns":3},{"damage":1,"enemies":"downfall:LooterAlt","floor":6,"turns":4},{"damage":31,"enemies":"3 Sentries","floor":8,"turns":9},{"damage":0,"enemies":"Red Slaver","floor":9,"turns":3},{"damage":0,"enemies":"downfall:FleeingMerchant","floor":11,"turns":4},{"damage":8,"enemies":"Gremlin Nob","floor":12,"turns":4},{"damage":6,"enemies":"Lots of Slimes","floor":13,"turns":3},{"damage":0,"enemies":"3 Louse","floor":14,"turns":1},{"damage":13,"enemies":"Blue Slaver","floor":15,"turns":3},{"damage":11,"enemies":"SI_SHIV_ARCHETYPE","floor":16,"turns":10},{"damage":7,"enemies":"downfall:LooterAlt2","floor":19,"turns":2},{"damage":6,"enemies":"Shell Parasite","floor":21,"turns":4},{"damage":8,"enemies":"Snake Plant","floor":22,"turns":3},{"damage":9,"enemies":"Snecko","floor":23,"turns":6},{"damage":27,"enemies":"Gremlin Leader","floor":25,"turns":3},{"damage":18,"enemies":"Slavers","floor":27,"turns":4},{"damage":20,"enemies":"Book of Stabbing","floor":29,"turns":5},{"damage":0,"enemies":"3 Cultists","floor":31,"turns":4},{"damage":0,"enemies":"Shelled Parasite and Fungi","floor":32,"turns":2},{"damage":78,"enemies":"WA_ARCHETYPE_CALM","floor":33,"turns":5}],"seed_played":"-1024744503178659064","potions_obtained":[{"floor":8,"key":"CultistPotion"},{"floor":9,"key":"Weak Potion"},{"floor":12,"key":"Weak Potion"},{"floor":13,"key":"bronze:FreeFunctionsPotion"},{"floor":16,"key":"FairyPotion"},{"floor":21,"key":"SteroidPotion"},{"floor":23,"key":"BlessingOfTheForge"},{"floor":31,"key":"DistilledChaos"}],"is_trial":false,"path_per_floor":["R","M","M","?","M","M","T","E","M","?","$","E","M","M","M","B",null,"R","M","?","M","M","M","T","E","R","E","R","E","?","M","M","B"],"character_chosen":"THE_AUTOMATON","items_purchased":["expansioncontent:QuickStudy"],"campfire_rested":2,"item_purchase_floors":[11],"current_hp_per_floor":[63,63,61,58,58,57,57,26,26,26,26,18,12,12,20,9,55,55,48,42,36,28,19,19,21,55,37,61,41,41,51,53,0,0,0],"gold":168,"neow_bonus":"RANDOM_COMMON_RELIC","is_daily":false,"chose_seed":false,"campfire_upgraded":2,"win_rate":0.0,"timestamp":1613513732,"path_taken":["R","M","M","?","M","M","T","E","M","?","$","E","?","M","M","BOSS","R","M","?","M","M","M","T","E","R","E","R","E","?","M","M","BOSS"],"items_purchased_type":["Card"],"build_version":"2020-12-22","purchased_purges":0,"victory":false,"max_hp_per_floor":[70,70,70,70,70,70,70,70,70,70,70,70,70,70,70,70,70,70,70,70,70,70,70,70,70,80,80,80,80,56,56,56,56,56,56],"card_choices":[{"not_picked":["bronze:BitShift","bronze:ForLoop"],"picked":"bronze:Constructor","floor":2},{"not_picked":["bronze:DarkDash","bronze:NullPointer","bronze:Allocate"],"picked":"SKIP","floor":3},{"not_picked":["bronze:Separator","bronze:Safeguard"],"picked":"bronze:Deprecate","floor":5},{"not_picked":["bronze:Separator","bronze:BitShift","bronze:Shield"],"picked":"SKIP","floor":6},{"not_picked":["bronze:BugBarrage","bronze:Turbo"],"picked":"bronze:FineTuning","floor":8},{"not_picked":["bronze:DelayedGuard","bronze:Frontload","bronze:DelayedSlice"],"picked":"SKIP","floor":9},{"not_picked":["bronze:Frontload","bronze:DelayedSlice"],"picked":"bronze:BronzeArmor","floor":11},{"not_picked":["bronze:Turbo","bronze:BronzeArmor"],"picked":"bronze:Branch","floor":12},{"not_picked":["bronze:FollowUp","bronze:ForLoop"],"picked":"bronze:FineTuning","floor":13},{"not_picked":["bronze:Optimize","bronze:Overheat"],"picked":"bronze:ChosenStrike","floor":14},{"not_picked":["bronze:Overheat","bronze:Separator"],"picked":"bronze:Branch","floor":15},{"not_picked":["bronze:CleanCode","bronze:ThunderWave"],"picked":"bronze:TinkerersToolbox","floor":16},{"not_picked":["bronze:Invalidate","bronze:Branch"],"picked":"bronze:Shell+1","floor":19},{"not_picked":["bronze:ChildClass","bronze:Invalidate+1"],"picked":"bronze:Iterate","floor":21},{"not_picked":["bronze:BuggyMess","bronze:Turbo"],"picked":"bronze:Repulsor+1","floor":22},{"not_picked":["bronze:Deprecate","bronze:NullPointer"],"picked":"bronze:Philosophize","floor":23},{"not_picked":["bronze:DelayedSlice","bronze:ClassDefault","bronze:Fortify"],"picked":"SKIP","floor":25},{"not_picked":["bronze:Frontload","bronze:Boost","bronze:CutThrough+1"],"picked":"SKIP","floor":27},{"not_picked":["bronze:Library","bronze:CleanCode"],"picked":"bronze:Constructor+1","floor":29},{"not_picked":["bronze:Shield","bronze:BitShift","bronze:WildBeam","bronze:BuggyMess"],"picked":"SKIP","floor":31},{"not_picked":["bronze:Invalidate","bronze:DelayedGuard","bronze:Deprecate"],"picked":"bronze:Format","floor":32}],"player_experience":737181,"relics_obtained":[{"floor":7,"key":"Letter Opener"},{"floor":8,"key":"Girya"},{"floor":12,"key":"bronze:DecasWashers"},{"floor":25,"key":"TungstenRod"},{"floor":27,"key":"bronze:SilverBullet"},{"floor":29,"key":"Question Card"}],"event_choices":[{"damage_healed":0,"gold_gain":0,"player_choice":"Success","damage_taken":3,"relics_obtained":["Turnip"],"max_hp_gain":0,"max_hp_loss":0,"event_name":"Scrap Ooze","floor":4,"gold_loss":0},{"damage_healed":0,"gold_gain":0,"player_choice":"Became a vampire","damage_taken":0,"max_hp_gain":0,"max_hp_loss":24,"event_name":"Vampires","floor":30,"gold_loss":0,"cards_obtained":["Bite","Bite","Bite","Bite","Bite"]}],"is_beta":false,"boss_relics":[{"not_picked":["Tiny House","expansioncontent:StudyCardRelic"],"picked":"sneckomod:SneckoTalon"}],"items_purged_floors":[],"is_endless":false,"potions_floor_spawned":[8,9,12,13,16,21,23,31],"killed_by":"WA_ARCHETYPE_CALM","ascension_level":9}}