{"host":"86cuvgv6d0efted3","time":1613445750,"event":{"mods":["AchievementEnabler","Act Like it!","BaseMod","Better Synergies","BetterRewards","Colored Map","Colored Powertips","Downfall","Minty Spire (QoL Compilation)","Quick Restart","Replay The Spire","StSLib","The Druid","The Runesmith"],"gold_per_floor":[112,122,133,143,143,143,218,234,314,347,361,361,371,386,386,490,490,508,534,133,153,166,166,201,201,252,98,98,111,111,111],"floor_reached":30,"language":"ENG","playtime":3538,"items_purged":["ReplayTheSpireMod:Splinters"],"score":334,"play_id":"7347b276-ae85-4602-954d-d37d2a4acf44","local_time":"20210216002230","is_ascension_mode":false,"campfire_choices":[{"data":"Runesmith:MetallurgicalResearch","floor":6,"key":"SMITH"},{"floor":12,"key":"REST"},{"floor":15,"key":"REST"},{"floor":23,"key":"REST"},{"floor":25,"key":"REST"}],"circlet_count":0,"master_deck":["Runesmith:CraftFirestone","Runesmith:Fortify","Runesmith:BackupBattery","Runesmith:CraftIncendium","Runesmith:MetallurgicalResearch+1","Runesmith:BackupBattery","Regret","Runesmith:CraftMagma","Runesmith:RunicBlueprint","Runesmith:Terraform","Runesmith:CraftProtectio","Runesmith:Empowerment","Runesmith:CraftPrismatica","Runesmith:LastStand","Runesmith:Grindstone","Runesmith:CraftMedicinae","Runesmith:Prism","Runesmith:BackupBattery","Runesmith:PoweredAnvil","Runesmith:FrozenChisel","Runesmith:HammerAndChisel","Runesmith:HammerTime","Runesmith:BackupBattery","Runesmith:CraftMagma+1","Runesmith:Refine","Runesmith:CraftMagma+1","Runesmith:Grindstone"],"relics":["Runesmith:BrokenRuby","Calipers","Pantograph","Replay:Mystery Machine","Pandora\u0027s Box","Girya","Runesmith:MiniCore","Vajra","Red Mask","Orichalcum","Medical Kit"],"acts_visited":["Exordium","TheCity"],"potions_floor_usage":[4,11,14,14,18,29,30],"damage_taken":[{"damage":2,"enemies":"Cultist","floor":1,"turns":5},{"damage":0,"enemies":"Jaw Worm","floor":2,"turns":5},{"damage":0,"enemies":"Small Slimes","floor":3,"turns":4},{"damage":9,"enemies":"Exordium Wildlife","floor":4,"turns":4},{"damage":10,"enemies":"3 Louse","floor":8,"turns":4},{"damage":1,"enemies":"Lagavulin","floor":10,"turns":5},{"damage":2,"enemies":"Looter","floor":11,"turns":3},{"damage":7,"enemies":"Blue Slaver","floor":13,"turns":3},{"damage":6,"enemies":"3 Louse","floor":14,"turns":2},{"damage":11,"enemies":"Fading Forest","floor":16,"turns":11},{"damage":40,"enemies":"Spheric Guardian","floor":18,"turns":6},{"damage":13,"enemies":"Shell Parasite","floor":21,"turns":5},{"damage":1,"enemies":"Cultist and Chosen","floor":22,"turns":5},{"damage":36,"enemies":"Masked Bandits","floor":24,"turns":5},{"damage":42,"enemies":"3 Cultists","floor":29,"turns":5},{"damage":3,"enemies":"Sentry and Sphere","floor":30,"turns":2}],"seed_played":"-1548468466835852142","potions_obtained":[{"floor":3,"key":"AttackPotion"},{"floor":4,"key":"SkillPotion"},{"floor":11,"key":"Toxic Potion"},{"floor":13,"key":"PowerPotion"},{"floor":14,"key":"Block Potion"},{"floor":24,"key":"LifebloodPotion"},{"floor":29,"key":"sneckomod:MuddlingPotion"}],"is_trial":false,"path_per_floor":["M","M","M","M","?","R","?","M","T","E","M","R","M","M","R","B",null,"M","?","$","M","M","R","?","R","T","$","?","M","M"],"character_chosen":"RUNESMITH_CLASS","items_purchased":["Runesmith:MiniCore","Vajra","Runesmith:BackupBattery","Medical Kit"],"campfire_rested":4,"item_purchase_floors":[20,20,20,27],"current_hp_per_floor":[61,61,61,52,52,52,41,31,31,30,28,53,46,40,65,73,84,44,44,44,31,30,55,19,44,44,44,44,2,0,0],"gold":111,"neow_bonus":"TWENTY_PERCENT_HP_BONUS","is_daily":false,"chose_seed":false,"campfire_upgraded":1,"win_rate":0.0,"timestamp":1613445750,"path_taken":["M","?","M","M","?","R","?","?","T","E","M","R","M","M","R","BOSS","M","?","$","M","M","R","?","R","T","$","?","M","M"],"items_purchased_type":["Relic","Relic","Card","Relic"],"build_version":"2020-12-22","purchased_purges":1,"victory":false,"max_hp_per_floor":[84,84,84,84,84,84,84,84,84,84,84,84,84,84,84,84,84,84,84,84,84,84,84,84,84,84,84,84,84,84,84],"card_choices":[{"not_picked":["Runesmith:RuneHurl","Runesmith:Grindstone"],"picked":"Runesmith:BackupBattery","floor":1},{"not_picked":["Runesmith:HeatedChisel","Runesmith:NanitesCloud"],"picked":"Runesmith:CraftIncendium","floor":2},{"not_picked":["Runesmith:ShiftingStrike","Runesmith:Repurpose"],"picked":"Runesmith:MetallurgicalResearch","floor":3},{"not_picked":["Runesmith:HeatedChisel","Runesmith:EnergizedChisel"],"picked":"Runesmith:BackupBattery","floor":4},{"not_picked":["Runesmith:MakeshiftArmor","Runesmith:Electrocute"],"picked":"Runesmith:CraftMagma","floor":8},{"not_picked":["Runesmith:UnlimitedPower","Runesmith:BackupBattery"],"picked":"Runesmith:RunicBlueprint","floor":10},{"not_picked":["Runesmith:UnstableHammer","Runesmith:Augment"],"picked":"Runesmith:Terraform","floor":11},{"not_picked":["Runesmith:CraftMagma","Runesmith:Refine"],"picked":"Runesmith:CraftProtectio","floor":13},{"not_picked":["Runesmith:StaticCage","Runesmith:HeatedChisel"],"picked":"Runesmith:Empowerment","floor":14},{"not_picked":["Runesmith:CreatorForm","Runesmith:LastStand"],"picked":"Runesmith:CraftPrismatica","floor":16},{"not_picked":["Runesmith:HammerAndChisel","Runesmith:HammerThrow"],"picked":"Runesmith:HammerTime","floor":18},{"not_picked":["Runesmith:Overpower","Runesmith:MakeshiftArmor"],"picked":"Runesmith:CraftMagma+1","floor":21},{"not_picked":["Runesmith:Retool+1","Runesmith:Prism+1"],"picked":"Runesmith:Refine","floor":22},{"not_picked":["Runesmith:ChiselStab","Runesmith:Repurpose"],"picked":"Runesmith:CraftMagma+1","floor":24},{"not_picked":["Runesmith:HeatedChisel","Runesmith:EnergizedChisel"],"picked":"Runesmith:Grindstone","floor":29}],"player_experience":445608,"relics_obtained":[{"floor":9,"key":"Pantograph"},{"floor":10,"key":"Replay:Mystery Machine"},{"floor":19,"key":"Girya"},{"floor":24,"key":"Red Mask"},{"floor":26,"key":"Orichalcum"}],"event_choices":[{"damage_healed":0,"gold_gain":0,"player_choice":"Box","damage_taken":0,"relics_obtained":["Calipers"],"max_hp_gain":0,"max_hp_loss":0,"event_name":"Big Fish","floor":5,"gold_loss":0,"cards_obtained":["Regret"]},{"damage_healed":0,"gold_gain":75,"player_choice":"Gather Gold","damage_taken":11,"max_hp_gain":0,"max_hp_loss":0,"event_name":"World of Goop","floor":7,"gold_loss":0},{"damage_healed":0,"gold_gain":0,"player_choice":"Fought Bandits","damage_taken":0,"max_hp_gain":0,"max_hp_loss":0,"event_name":"Masked Bandits","floor":24,"gold_loss":0},{"damage_healed":0,"gold_gain":0,"player_choice":"Ignored","damage_taken":0,"max_hp_gain":0,"max_hp_loss":0,"event_name":"Ghosts","floor":28,"gold_loss":0}],"is_beta":false,"boss_relics":[{"not_picked":["Runic Pyramid","Abe\u0027s Treasure"],"picked":"Pandora\u0027s Box"}],"items_purged_floors":[20],"is_endless":false,"potions_floor_spawned":[3,4,11,13,14,24,29],"killed_by":"Sentry and Sphere","ascension_level":0}}