{"host":"4qp30tywltrhkmjj","time":1613504713,"event":{"mods":["2.2 Compatiblity","AchievementEnabler","Act Like it!","Ascension Unlocker","Aspiration","BaseMod","Bestiary","Better Altar","Better Match","Better Note","Better Skull","Better Third Choice","BetterRewards","CCEM2","CapriCore","Challenge The Spire","Colored Map","Colored Powertips","Conjunction","Conspire","Defuse TimeMaze Blight","Displayed Cursed Tome","Downfall","EXCEPTION","Emptier Cage","Energized Spire","Exacting","Gold Saver","Halation","Highlight Path","Hubris","Infinite Spire","Jedi Mod","Lobotomy","LobotomyExtend","Magitek Elite","Minty Spire (QoL Compilation)","Poor People Problems","Replay The Spire","SacredBarkPlus","Shop Mod","Spicy Shops","Spire Arcade","StSLib","The Blue Laboratory","Transform Curses","Uncapped","Unceasing Turn Reminder","Wandering Minibosses","Yuri Mod"],"gold_per_floor":[514,546,334,334,95,95,95,80,80,80,80,80,80,80,80,80,80,80,80,80,80,80,80,80,80,98,98,108,108,150,175,214,326,326,26,53,64,64,89,130,130,130,157,157,188,198,245,276,314,314,314,358,14,14,14,14],"floor_reached":57,"language":"ENG","playtime":3921,"items_purged":["champ:Strike"],"score":1669,"play_id":"e095ddea-37c1-4881-8773-c70d67c986ef","local_time":"20210216204513","is_ascension_mode":true,"campfire_choices":[{"data":"champ:Taunt","floor":1,"key":"SMITH"},{"floor":6,"key":"RECALL"},{"floor":11,"key":"REST"},{"data":"champ:Duel","floor":13,"key":"SMITH"},{"data":"champ:CheapShot","floor":25,"key":"SMITH"},{"data":"champ:HoldFirm","floor":27,"key":"SMITH"},{"data":"champ:RapidStrikes","floor":54,"key":"SMITH"}],"circlet_count":0,"master_deck":["champ:Strike","champ:Strike","champ:Strike","champ:Defend+1","champ:Defend+1","champ:Defend","champ:Execute","champ:Taunt+1","champ:BerserkerStyle","champ:FaceSlap","champ:TornadoPunch","champ:Duel+1","champ:SwordSigil","champ:CheapShot+1","champ:Duel+1","champ:FanOfKnives","champ:GladiatorForm+1","champ:TripleStrike+1","champ:BringItOn","champ:CalledShot","GoldRush","champ:ArenaPreparation+1","infinitespire:Execution","champ:HoldFirm+1","champ:Backstep+1","champ:IronFortress","champ:IronFortress","champ:LastStand","champ:ShieldSigil+1","champ:StanceDance+1","champ:RapidStrikes+1","champ:Lariat+1","champ:CheapShot","champ:IronFortress+1"],"relics":["champ:ChampionCrown","LetterFromLob","Genji_Glove","MerchantsRug","jedi:ominousloannote","CCEMRelics:OrganicArmor","Chemical X","jedi:archwizardhat","Lantern","CeramicFish","champ:FightingForDummies","hubris:HollowSoul","Moonlight_r","White Beast Statue","Mummified Hand","Bottled Lightning","War Paint","Replay:Mystery Machine","CCEMRelics:LatexGloves","energizedSpire:SpiderWeb","downfall:HeartBlessingRed","downfall:HeartBlessingGreen","downfall:HeartBlessingBlue","halation:StarCompass","halation:PinkSoulGem","Replay:Bottled Steam","wanderingMiniBosses:Inkheart","sneckomod:BlankCard","jedi:Pinwheel","hubris:Zylophone","halation:Sosunser"],"acts_visited":["Exordium","TheCity","TheBeyond","TheEnding"],"potions_floor_usage":[5,9,14,16,23,26,30,32,36,37,39,46,48,50,55,55,55],"damage_taken":[{"damage":10,"enemies":"Cultist","floor":2,"turns":7},{"damage":27,"enemies":"downfall:FleeingMerchant","floor":3,"turns":4},{"damage":10,"enemies":"2 Louse","floor":4,"turns":2},{"damage":26,"enemies":"downfall:FleeingMerchant","floor":5,"turns":4},{"damage":30,"enemies":"downfall:FleeingMerchant","floor":8,"turns":4},{"damage":59,"enemies":"Lagavulin","floor":9,"turns":7},{"damage":0,"enemies":"Jaw Worm","floor":12,"turns":1},{"damage":57,"enemies":"3 Sentries","floor":14,"turns":4},{"damage":23,"enemies":"Exordium Thugs","floor":15,"turns":3},{"damage":49,"enemies":"IC_STATUS_ARCHETYPE","floor":16,"turns":5},{"damage":24,"enemies":"downfall:LooterAlt2","floor":20,"turns":3},{"damage":22,"enemies":"downfall:LadyInBlue","floor":21,"turns":7},{"damage":20,"enemies":"Replay:Snechameleon","floor":23,"turns":2},{"damage":41,"enemies":"Nightmare","floor":26,"turns":4},{"damage":9,"enemies":"conspire:FuzzyDice","floor":28,"turns":3},{"damage":11,"enemies":"conspire:SneckoGhost","floor":30,"turns":4},{"damage":17,"enemies":"Centurion and Healer","floor":31,"turns":4},{"damage":7,"enemies":"Chosen and Byrds","floor":32,"turns":2},{"damage":35,"enemies":"WA_ARCHETYPE_CALM","floor":33,"turns":5},{"damage":5,"enemies":"3 Shapes","floor":36,"turns":5},{"damage":26,"enemies":"3 Darklings","floor":37,"turns":4},{"damage":4,"enemies":"Spire Growth","floor":39,"turns":3},{"damage":17,"enemies":"Giant Head","floor":40,"turns":6},{"damage":4,"enemies":"Maw","floor":43,"turns":5},{"damage":36,"enemies":"R_Hoarder","floor":45,"turns":4},{"damage":1,"enemies":"Sphere and 2 Shapes","floor":46,"turns":3},{"damage":32,"enemies":"2 Orb Walkers","floor":47,"turns":4},{"damage":19,"enemies":"3 Darklings","floor":48,"turns":4},{"damage":95,"enemies":"Writhing Mass","floor":49,"turns":3},{"damage":116,"enemies":"SI_POISON_ARCHETYPE","floor":50,"turns":5},{"damage":146,"enemies":"downfall:CharBossMerchant","floor":52,"turns":4},{"damage":148,"enemies":"downfall:NeowBoss","floor":55,"turns":12},{"damage":78,"enemies":"downfall:NeowBossFinal","floor":56,"turns":5}],"seed_played":"-5954391789081020884","potions_obtained":[{"floor":2,"key":"blueLaboratory:BottleOfVodka"},{"floor":4,"key":"DistilledChaos"},{"floor":12,"key":"AttackPotion"},{"floor":15,"key":"LiquidMemories"},{"floor":21,"key":"Doom Potion"},{"floor":21,"key":"blueLaboratory:BottledHope"},{"floor":21,"key":"AttackPotion"},{"floor":23,"key":"Fire Potion"},{"floor":26,"key":"LiquidBronze"},{"floor":28,"key":"blueLaboratory:FruitPunch"},{"floor":30,"key":"blueLaboratory:BottledHope"},{"floor":31,"key":"blueLaboratory:Moonshine"},{"floor":32,"key":"blueLaboratory:BottleOfRum"},{"floor":33,"key":"Strength Potion"},{"floor":36,"key":"blueLaboratory:FruitPreserves"},{"floor":37,"key":"infinitespire:BlackPotion"},{"floor":39,"key":"SteroidPotion"},{"floor":40,"key":"Energy Potion"},{"floor":46,"key":"blueLaboratory:LouseDecoction"},{"floor":48,"key":"Block Potion"},{"floor":49,"key":"blueLaboratory:BottleOfVodka"},{"floor":52,"key":"Toxic Potion"}],"is_trial":false,"path_per_floor":["R_BF","M","$","M","$","R","T","$","E","?","R","M","R","E","M","B",null,"R_BF","M","M","?","?","E","T","R","NM","R","M","T","E","M","M","B",null,"R_BF","M","M","?","M","E","T","?","M","AVR","E","M","?","M","M","B",null,"E","$","R","B","B",null],"character_chosen":"THE_CHAMP","items_purchased":["Genji_Glove","MerchantsRug","jedi:ominousloannote","CCEMRelics:OrganicArmor","champ:Duel","Chemical X","jedi:Pinwheel","hubris:Zylophone","halation:Sosunser"],"campfire_rested":1,"item_purchase_floors":[3,3,3,3,5,5,53,53,53],"current_hp_per_floor":[90,80,80,80,74,74,74,75,64,27,54,54,54,49,51,26,90,90,54,37,52,52,52,52,52,66,66,64,64,75,75,83,92,92,102,102,102,102,102,102,102,102,102,102,102,102,102,102,102,82,102,102,102,102,102,101],"gold":14,"neow_bonus":"HUNDRED_GOLD","is_daily":false,"chose_seed":false,"campfire_upgraded":5,"win_rate":0.0,"timestamp":1613504713,"path_taken":["R_BF","M","$","M","$","R","T","?","E","?","R","M","R","E","M","BOSS","R_BF","M","M","?","?","E","T","R","NM","R","M","?","E","M","M","BOSS","R_BF","M","M","?","M","E","T","?","M","AVR","E","?","?","M","M","BOSS","E","$","R","BOSS","BOSS"],"items_purchased_type":["Relic","Relic","Relic","Relic","Card","Relic","Relic","Relic","Relic"],"build_version":"2020-12-22","purchased_purges":1,"victory":true,"max_hp_per_floor":[90,90,90,90,90,90,90,90,90,90,90,90,90,90,90,90,90,90,90,90,90,90,90,90,90,90,90,90,90,92,92,92,92,92,102,102,102,102,102,102,102,102,102,102,102,102,102,102,102,102,102,102,102,102,102,102],"card_choices":[{"not_picked":["champ:SetATrap","champ:Lariat"],"picked":"champ:BerserkerStyle","floor":2},{"not_picked":["champ:FalseCounter","champ:DefensiveShout"],"picked":"champ:FaceSlap","floor":3},{"not_picked":["champ:BringItOn","champ:FaceSlap"],"picked":"champ:TornadoPunch","floor":4},{"not_picked":["champ:PreciseThrust","champ:DefensiveStyle","champ:Haymaker"],"picked":"SKIP","floor":5},{"not_picked":["champ:Circumvent","champ:DancingMaster"],"picked":"champ:SwordSigil","floor":8},{"not_picked":["champ:DefensiveShout","champ:BerserkersShout"],"picked":"champ:CheapShot","floor":9},{"not_picked":["champ:PerfectedStrike","champ:Haymaker"],"picked":"champ:Duel","floor":12},{"not_picked":["champ:EnGarde","champ:Circumvent"],"picked":"champ:FanOfKnives","floor":14},{"not_picked":["champ:AdrenalArmor","champ:ShieldWall"],"picked":"champ:GladiatorForm","floor":15},{"not_picked":["champ:SteelEdge","champ:SwordThrow"],"picked":"champ:TripleStrike","floor":16},{"not_picked":["champ:TornadoPunch","champ:SkillfulDodge"],"picked":"champ:BringItOn","floor":20},{"not_picked":["champ:Shatter","champ:DefensiveShout+1"],"picked":"champ:CalledShot","floor":21},{"not_picked":["champ:PerfectedStrike","champ:FanOfKnives"],"picked":"champ:ArenaPreparation+1","floor":23},{"not_picked":["infinitespire:Menacing","infinitespire:Collect"],"picked":"infinitespire:Execution","floor":26},{"not_picked":["champ:EnragedBash","champ:BladeFlurry"],"picked":"champ:HoldFirm","floor":26},{"not_picked":["champ:BringItOn","champ:EnGarde","champ:FlashCut"],"picked":"SKIP","floor":28},{"not_picked":["champ:CrownThrow","champ:ShieldWall"],"picked":"champ:Backstep+1","floor":30},{"not_picked":["champ:Circumvent","champ:FlashCut+1"],"picked":"champ:IronFortress","floor":31},{"not_picked":["champ:Endure","champ:PerfectedStrike"],"picked":"champ:IronFortress","floor":32},{"not_picked":["champ:ShieldThrow","champ:GladiatorForm"],"picked":"champ:LastStand","floor":33},{"not_picked":["champ:BladeFlurry","champ:FanOfKnives"],"picked":"champ:ShieldSigil+1","floor":36},{"not_picked":["champ:Backstep+1","champ:Circumvent","champ:BerserkersShout"],"picked":"SKIP","floor":37},{"not_picked":["champ:FalseCounter","champ:Parry"],"picked":"champ:StanceDance+1","floor":39},{"not_picked":["champ:EnGarde+1","champ:AdrenalArmor"],"picked":"champ:RapidStrikes","floor":40},{"not_picked":["champ:Lariat+1","champ:EndlessRage","champ:BerserkersShout"],"picked":"SKIP","floor":43},{"not_picked":["champ:EndlessRage","champ:BerserkersShout"],"picked":"champ:Lariat+1","floor":43},{"not_picked":["champ:Duel","champ:BringItOn+1","champ:Backstep"],"picked":"SKIP","floor":45},{"not_picked":["champ:TornadoPunch","champ:Backstep+1","champ:BladeFlurry"],"picked":"SKIP","floor":46},{"not_picked":["champ:Shatter","champ:StanceDance+1","champ:Parry"],"picked":"SKIP","floor":48},{"not_picked":["champ:StanceDance","champ:FalseCounter"],"picked":"champ:CheapShot","floor":49},{"not_picked":["champ:SkillfulDodge+1","champ:BladeFlurry"],"picked":"champ:IronFortress+1","floor":52}],"player_experience":468095,"relics_obtained":[{"floor":2,"key":"LetterFromLob"},{"floor":9,"key":"jedi:archwizardhat"},{"floor":14,"key":"champ:FightingForDummies"},{"floor":21,"key":"White Beast Statue"},{"floor":23,"key":"Mummified Hand"},{"floor":24,"key":"Bottled Lightning"},{"floor":26,"key":"War Paint"},{"floor":29,"key":"Replay:Mystery Machine"},{"floor":30,"key":"CCEMRelics:LatexGloves"},{"floor":40,"key":"Eternal Feather"},{"floor":41,"key":"Replay:Bottled Steam"},{"floor":43,"key":"wanderingMiniBosses:Inkheart"},{"floor":45,"key":"Tintinnabulum"},{"floor":47,"key":"CCEMRelics:OldTooth"},{"floor":52,"key":"sneckomod:BlankCard"}],"event_choices":[{"damage_healed":0,"gold_gain":0,"player_choice":"RE RE ","damage_taken":41,"relics_obtained":["Lantern","CeramicFish"],"max_hp_gain":0,"max_hp_loss":0,"event_name":"betterSkull:BetterSkull","floor":10,"gold_loss":0,"cards_upgraded":[]},{"cards_removed":["GoldRush"],"damage_healed":0,"gold_gain":0,"player_choice":"Take \u0026 Give","damage_taken":0,"max_hp_gain":0,"max_hp_loss":0,"event_name":"betterNote:BetterNote","floor":22,"gold_loss":0,"cards_obtained":["GoldRush"]},{"cards_removed":["champ:Defend"],"damage_healed":0,"gold_gain":0,"player_choice":"Offered Basic","damage_taken":0,"max_hp_gain":0,"max_hp_loss":0,"event_name":"Bonfire Elementals","floor":42,"gold_loss":0},{"damage_healed":0,"gold_gain":0,"player_choice":"Fight","damage_taken":0,"max_hp_gain":0,"max_hp_loss":0,"event_name":"Mysterious Sphere","floor":47,"gold_loss":0}],"is_beta":false,"boss_relics":[{"not_picked":["champ:PowerArmor","halation:Yufonium"],"picked":"hubris:HollowSoul"},{"not_picked":["halation:PinkAlligatorPlush","halation:SmartPhone"],"picked":"energizedSpire:SpiderWeb"}],"items_purged_floors":[44],"is_endless":false,"potions_floor_spawned":[2,4,12,15,23,26,28,30,31,32,33,36,37,39,40,43,45,46,47,48,49,52],"ascension_level":1}}