{"host":"86cuvgv6d0efted3","time":1613488746,"event":{"mods":["AchievementEnabler","Act Like it!","BaseMod","Better Synergies","BetterRewards","Colored Map","Colored Powertips","Downfall","Minty Spire (QoL Compilation)","Quick Restart","Replay The Spire","StSLib","The Druid","The Runesmith"],"gold_per_floor":[99,99,99,99,99,84,84,104,117,117,149,149,166,177,191,290,290,290,308,326,28,48,48,48,48,65,65,65,65],"floor_reached":27,"language":"ENG","playtime":2146,"items_purged":[],"score":213,"play_id":"53a32f71-5a04-4537-9f47-2c4e9c9a4672","local_time":"20210216121906","is_ascension_mode":false,"campfire_choices":[{"floor":1,"key":"DIG"},{"data":"champ:Taunt","floor":12,"key":"SMITH"},{"data":"champ:TornadoPunch","floor":18,"key":"SMITH"},{"floor":23,"key":"REST"}],"circlet_count":0,"master_deck":["champ:Strike","champ:Strike","champ:Defend","champ:Defend","champ:Defend","champ:Defend","champ:Execute","champ:Taunt+1","champ:FanOfKnives","champ:EnGarde","champ:StanceDance","champ:TornadoPunch","champ:SteelEdge","champ:Lariat","champ:TornadoPunch+1","champ:FocusedDefense","champ:FanOfKnives","champ:Circumvent","champ:VampiricStrike","champ:MurderStrike","champ:Circumvent","champ:Endure","champ:AdrenalArmor","expansioncontent:StudyTheSpire","champ:ShieldWall","champ:FlashCut","champ:FlashCut+1","champ:SetATrap","champ:GladiatorForm","champ:ShieldWall"],"relics":["champ:ChampionCrownUpgraded","downfall:HeartsMalice","Bottled Lightning","Replay:PocketPolymizer","Mummified Hand"],"acts_visited":["Exordium","TheCity"],"potions_floor_usage":[16,16,16,19,27],"damage_taken":[{"damage":0,"enemies":"Jaw Worm","floor":2,"turns":1},{"damage":0,"enemies":"Cultist","floor":3,"turns":1},{"damage":0,"enemies":"Small Slimes","floor":4,"turns":1},{"damage":15,"enemies":"downfall:FleeingMerchant","floor":6,"turns":4},{"damage":17,"enemies":"downfall:LooterAlt","floor":8,"turns":2},{"damage":20,"enemies":"3 Louse","floor":9,"turns":4},{"damage":25,"enemies":"3 Sentries","floor":11,"turns":6},{"damage":15,"enemies":"2 Fungi Beasts","floor":13,"turns":3},{"damage":0,"enemies":"Gremlin Gang","floor":14,"turns":1},{"damage":23,"enemies":"Large Slime","floor":15,"turns":5},{"damage":44,"enemies":"DF_ARCHETYPE_STREAMLINE","floor":16,"turns":9},{"damage":49,"enemies":"Spheric Guardian","floor":19,"turns":4},{"damage":72,"enemies":"Shell Parasite","floor":20,"turns":6},{"damage":10,"enemies":"downfall:FleeingMerchant","floor":21,"turns":4},{"damage":5,"enemies":"3 Cultists","floor":22,"turns":4},{"damage":28,"enemies":"Snake Plant","floor":26,"turns":4},{"damage":67,"enemies":"Slavers","floor":27,"turns":4}],"seed_played":"4064833740437801701","potions_obtained":[{"floor":8,"key":"Swift Potion"},{"floor":10,"key":"BlessingOfTheForge"},{"floor":10,"key":"DistilledChaos"},{"floor":10,"key":"SkillPotion"},{"floor":11,"key":"PowerPotion"},{"floor":16,"key":"GamblersBrew"},{"floor":26,"key":"SteroidPotion"}],"is_trial":false,"path_per_floor":["R_BF","M","M","M","?","$","T","M","M","?","E","R","M","M","M","B",null,"R","M","M","$","M","R","T","?","M","E"],"character_chosen":"THE_CHAMP","items_purchased":["expansioncontent:StudyTheSpire","champ:ShieldWall","champ:FlashCut"],"campfire_rested":1,"item_purchase_floors":[21,21,21],"current_hp_per_floor":[90,90,90,90,90,90,90,83,83,83,68,68,68,68,60,31,90,90,76,39,39,39,66,66,66,63,0,0,0],"gold":65,"neow_bonus":"THREE_ENEMY_KILL","is_daily":false,"chose_seed":false,"campfire_upgraded":2,"win_rate":0.0,"timestamp":1613488746,"path_taken":["R_BF","M","M","M","?","$","T","M","M","?","E","R","?","M","M","BOSS","R","M","M","$","M","R","T","?","?","E"],"items_purchased_type":["Card","Card","Card"],"build_version":"2020-12-22","purchased_purges":0,"victory":false,"max_hp_per_floor":[90,90,90,90,90,90,90,90,90,90,90,90,90,90,90,90,90,90,90,90,90,90,90,90,90,90,90,90,90],"card_choices":[{"not_picked":["champ:Haymaker","champ:SkillfulDodge"],"picked":"champ:FanOfKnives","floor":2},{"not_picked":["champ:Endure","champ:EndlessRage"],"picked":"champ:EnGarde","floor":3},{"not_picked":["champ:Lariat","champ:Encircle"],"picked":"champ:StanceDance","floor":4},{"not_picked":["champ:SkillfulDodge","champ:GutPunch"],"picked":"champ:TornadoPunch","floor":6},{"not_picked":["champ:Lariat","champ:CalledShot"],"picked":"champ:EnragedBash","floor":8},{"not_picked":["champ:AdrenalArmor","champ:PreciseThrust"],"picked":"champ:SteelEdge","floor":9},{"not_picked":["champ:GutPunch","champ:EnGarde"],"picked":"champ:Lariat","floor":11},{"not_picked":["champ:FaceSlap","champ:TornadoPunch"],"picked":"champ:FocusedDefense","floor":13},{"not_picked":["champ:EnGarde","champ:GutPunch"],"picked":"champ:FanOfKnives","floor":14},{"not_picked":["champ:EnGarde","champ:FanOfKnives"],"picked":"champ:Circumvent","floor":15},{"not_picked":["champ:SteelEdge","champ:Improvising"],"picked":"champ:VampiricStrike","floor":16},{"not_picked":["champ:AdrenalArmor","champ:StanceDance"],"picked":"champ:Circumvent","floor":19},{"not_picked":["champ:FancyFootwork","champ:Circumvent"],"picked":"champ:Endure","floor":20},{"not_picked":["champ:Backstep","champ:FocusedDefense"],"picked":"champ:AdrenalArmor","floor":21},{"not_picked":["champ:HeartStrike","champ:StanceDance"],"picked":"champ:FlashCut+1","floor":22},{"not_picked":["champ:Shatter","champ:CrookedStrike+1"],"picked":"champ:ShieldWall","floor":26}],"player_experience":461964,"relics_obtained":[{"floor":1,"key":"Runesmith:Nanobots"},{"floor":7,"key":"Bottled Lightning"},{"floor":11,"key":"Replay:PocketPolymizer"},{"floor":24,"key":"Mummified Hand"}],"event_choices":[{"damage_healed":0,"gold_gain":0,"player_choice":"Got Potions","damage_taken":0,"max_hp_gain":0,"max_hp_loss":0,"event_name":"Lab","floor":10,"gold_loss":0}],"is_beta":false,"boss_relics":[{"not_picked":["Replay:Drink Me","Kintsugi"],"picked":"champ:ChampionCrownUpgraded"}],"items_purged_floors":[],"is_endless":false,"potions_floor_spawned":[8,11,14,15,16,26],"killed_by":"Slavers","ascension_level":0}}