{"host":"d2gh6suihlstufn7","time":1613465822,"event":{"mods":["AchievementEnabler","BaseMod","Colored Map","Colored Powertips","Minty Spire (QoL Compilation)","Permanent Neow","Quick Restart"],"gold_per_floor":[110,110,110,110,129,129,147,147,197,209,236,249,8,8,8,108,108,120,134,146,165,165,165,75,108,108,108,125,144,144,144,144,241,241,255,52,52,67,83,83,32,43,43,58,58,92,92,42,42,42,42],"floor_reached":50,"language":"KOR","playtime":1637,"items_purged":["Defend_R","Clumsy"],"score":567,"play_id":"f5afa4b2-94f6-4557-af91-3a03e7b541b7","local_time":"20210216175702","is_ascension_mode":false,"campfire_choices":[{"floor":6,"key":"RECALL"},{"data":"Searing Blow+2","floor":8,"key":"SMITH"},{"data":"Searing Blow+3","floor":15,"key":"SMITH"},{"data":"Searing Blow+4","floor":23,"key":"SMITH"},{"data":"Searing Blow+5","floor":27,"key":"SMITH"},{"data":"Searing Blow+6","floor":30,"key":"SMITH"},{"floor":32,"key":"REST"},{"data":"Searing Blow+7","floor":40,"key":"SMITH"},{"data":"Searing Blow+8","floor":45,"key":"SMITH"},{"data":"Searing Blow+10","floor":49,"key":"SMITH"}],"circlet_count":0,"master_deck":["Defend_R+1","Defend_R+1","Bash+1","Searing Blow+11","Warcry+1","Flame Barrier+1","Bite+1","Bite+1","Bite+1","Bite+1","Bite+1","Armaments+1","Double Tap+1","Feed+1","Armaments+1","Headbutt+1"],"relics":["Cursed Key","Smiling Mask","Paper Frog","Sozu","Bag of Marbles","Happy Flower","Black Star","PreservedInsect","Pantograph","Akabeko","Mark of the Bloom"],"acts_visited":["Exordium","TheCity","TheBeyond"],"potions_floor_usage":[11,16,25],"damage_taken":[{"damage":8,"enemies":"Jaw Worm","floor":1,"turns":3},{"damage":0,"enemies":"2 Louse","floor":5,"turns":3},{"damage":0,"enemies":"Cultist","floor":7,"turns":2},{"damage":18,"enemies":"Lots of Slimes","floor":10,"turns":4},{"damage":13,"enemies":"Lagavulin","floor":11,"turns":5},{"damage":12,"enemies":"Blue Slaver","floor":12,"turns":2},{"damage":37,"enemies":"The Guardian","floor":16,"turns":7},{"damage":18,"enemies":"Shell Parasite","floor":18,"turns":5},{"damage":14,"enemies":"3 Byrds","floor":19,"turns":5},{"damage":22,"enemies":"Centurion and Healer","floor":20,"turns":5},{"damage":16,"enemies":"Snake Plant","floor":21,"turns":2},{"damage":26,"enemies":"Slavers","floor":25,"turns":7},{"damage":6,"enemies":"Cultist and Chosen","floor":28,"turns":4},{"damage":7,"enemies":"Chosen and Byrds","floor":29,"turns":4},{"damage":25,"enemies":"Champ","floor":33,"turns":9},{"damage":53,"enemies":"3 Darklings","floor":35,"turns":7},{"damage":2,"enemies":"Orb Walker","floor":38,"turns":2},{"damage":2,"enemies":"Maw","floor":39,"turns":3},{"damage":15,"enemies":"Sphere and 2 Shapes","floor":42,"turns":3},{"damage":73,"enemies":"3 Darklings","floor":44,"turns":14},{"damage":5,"enemies":"Giant Head","floor":46,"turns":3},{"damage":57,"enemies":"Time Eater","floor":50,"turns":5}],"seed_played":"5584433704316500839","potions_obtained":[{"floor":5,"key":"DistilledChaos"},{"floor":7,"key":"SteroidPotion"},{"floor":12,"key":"SpeedPotion"}],"is_trial":false,"path_per_floor":["M","?","?","?","M","R","M","R","T","M","E","M","$","?","R","B",null,"M","M","M","M","?","R","?","E","T","R","M","M","R","?","R","B",null,"M","$","?","M","M","R","$","M","T","M","R","E","?","$","R","B"],"character_chosen":"IRONCLAD","items_purchased":["Paper Frog","PreservedInsect","Headbutt"],"campfire_rested":1,"item_purchase_floors":[13,36,41],"current_hp_per_floor":[72,72,77,77,77,77,77,77,77,59,46,36,36,36,36,1,85,67,55,35,21,21,21,21,15,15,15,23,27,27,27,52,61,85,54,54,54,61,70,70,70,68,68,50,50,52,52,52,52,0,0],"gold":42,"neow_bonus":"BOSS_RELIC","is_daily":false,"chose_seed":false,"campfire_upgraded":8,"win_rate":0.0,"timestamp":1613465822,"path_taken":["M","?","?","?","M","R","M","R","T","?","E","M","?","?","R","BOSS","M","?","M","M","?","R","?","E","T","R","?","M","R","?","R","BOSS","M","$","?","M","M","R","?","M","T","M","R","E","?","?","R","BOSS"],"items_purchased_type":["Relic","Relic","Card"],"build_version":"2020-12-22","purchased_purges":2,"victory":false,"max_hp_per_floor":[80,80,85,85,85,85,85,85,85,85,85,85,85,85,85,85,85,85,85,85,85,85,85,85,85,85,85,85,85,85,85,85,85,85,85,85,85,85,85,85,85,85,85,85,85,85,85,85,85,85,85],"card_choices":[{"not_picked":["Flex","Anger"],"picked":"Searing Blow","floor":1},{"not_picked":["Shrug It Off","Cleave","Clash"],"picked":"SKIP","floor":5},{"not_picked":["Twin Strike","Blood for Blood","Perfected Strike"],"picked":"SKIP","floor":7},{"not_picked":["Twin Strike","Perfected Strike","Juggernaut"],"picked":"SKIP","floor":10},{"not_picked":["Flame Barrier","Wild Strike"],"picked":"Warcry","floor":11},{"not_picked":["Havoc","Heavy Blade","Infernal Blade"],"picked":"SKIP","floor":12},{"not_picked":["Shrug It Off","Rampage","Ghostly Armor"],"picked":"SKIP","floor":18},{"not_picked":["Warcry+1","Power Through","Second Wind"],"picked":"SKIP","floor":19},{"not_picked":["Heavy Blade","Disarm","Intimidate"],"picked":"SKIP","floor":20},{"not_picked":["Anger","Dropkick+1"],"picked":"Flame Barrier","floor":21},{"not_picked":["Bludgeon","Havoc","Juggernaut"],"picked":"SKIP","floor":25},{"not_picked":["Carnage","Evolve"],"picked":"Armaments+1","floor":28},{"not_picked":["Warcry","Clothesline","Cleave"],"picked":"SKIP","floor":29},{"not_picked":["Limit Break","Fiend Fire"],"picked":"Double Tap","floor":33},{"not_picked":["Wild Strike","Perfected Strike+1","Metallicize+1"],"picked":"SKIP","floor":35},{"not_picked":["Cleave+1","Bloodletting+1"],"picked":"Armaments+1","floor":38},{"not_picked":["Wild Strike+1","Warcry+1","Body Slam+1"],"picked":"SKIP","floor":39},{"not_picked":["Sentinel","Barricade","Body Slam+1"],"picked":"SKIP","floor":42},{"not_picked":["Clash","Heavy Blade","Body Slam+1"],"picked":"SKIP","floor":44},{"not_picked":["Fire Breathing+1","Seeing Red","Dropkick"],"picked":"SKIP","floor":46}],"player_experience":208731,"relics_obtained":[{"floor":9,"key":"Smiling Mask"},{"floor":11,"key":"Blood Vial"},{"floor":25,"key":"Bag of Marbles"},{"floor":26,"key":"Happy Flower"},{"floor":46,"key":"Pantograph"},{"floor":46,"key":"Akabeko"}],"event_choices":[{"damage_healed":0,"gold_gain":0,"player_choice":"Grow","damage_taken":0,"max_hp_gain":0,"max_hp_loss":0,"event_name":"Living Wall","floor":2,"gold_loss":0,"cards_upgraded":["Searing Blow"]},{"damage_healed":0,"gold_gain":0,"player_choice":"Donut","damage_taken":0,"max_hp_gain":5,"max_hp_loss":0,"event_name":"Big Fish","floor":3,"gold_loss":0},{"damage_healed":0,"gold_gain":0,"player_choice":"Forge","damage_taken":0,"max_hp_gain":0,"max_hp_loss":0,"event_name":"Accursed Blacksmith","floor":4,"gold_loss":0,"cards_upgraded":["Searing Blow"]},{"cards_removed":["Clumsy"],"damage_healed":0,"gold_gain":0,"player_choice":"Took Card","damage_taken":0,"max_hp_gain":0,"max_hp_loss":0,"event_name":"NoteForYourself","floor":14,"gold_loss":0,"cards_obtained":["Defend_P"]},{"damage_healed":0,"gold_gain":0,"player_choice":"Became a vampire (Vial)","damage_taken":0,"max_hp_gain":0,"max_hp_loss":0,"event_name":"Vampires","floor":22,"relics_lost":["Blood Vial"],"gold_loss":0,"cards_obtained":["Bite","Bite","Bite","Bite","Bite"]},{"cards_removed":["Defend_P"],"damage_healed":0,"gold_gain":0,"player_choice":"Upgrade and Remove","damage_taken":0,"max_hp_gain":0,"max_hp_loss":0,"event_name":"Designer","floor":24,"gold_loss":90,"cards_upgraded":["Defend_R"]},{"cards_removed":["Shame"],"damage_healed":0,"gold_gain":0,"player_choice":"Removed Curses","damage_taken":0,"max_hp_gain":0,"max_hp_loss":0,"event_name":"Fountain of Cleansing","floor":31,"gold_loss":0},{"damage_healed":0,"gold_gain":0,"cards_transformed":["Defend_R"],"player_choice":"Transformed","damage_taken":0,"max_hp_gain":0,"max_hp_loss":0,"event_name":"Transmorgrifier","floor":37,"gold_loss":0,"cards_obtained":["Feed"]},{"damage_healed":0,"gold_gain":0,"player_choice":"Upgrade","damage_taken":0,"relics_obtained":["Mark of the Bloom"],"max_hp_gain":0,"max_hp_loss":0,"event_name":"MindBloom","floor":47,"gold_loss":0,"cards_upgraded":["Defend_R","Bash","Searing Blow","Warcry","Flame Barrier","Bite","Bite","Bite","Bite","Bite","Double Tap","Feed","Headbutt"]}],"is_beta":false,"boss_relics":[{"not_picked":["Ectoplasm","Snecko Eye"],"picked":"Sozu"},{"not_picked":["Calling Bell","Runic Dome"],"picked":"Black Star"}],"items_purged_floors":[36,48],"is_endless":false,"potions_floor_spawned":[5,7,12,21,25,28,29,39,44,46],"killed_by":"Time Eater","ascension_level":0}}