{"host":"0awa854l6bexpjrv","time":1613445707,"event":{"mods":["BaseMod","Block Reminder","Colored Map","Colored Powertips","Downfall","Highlight Path","Minty Spire (QoL Compilation)","Quick Restart","Rare Cards Sparkle","StSLib","SuperFastMode"],"gold_per_floor":[118,68,80,80,100,100,119,132,132,4,4,4,22,33,33,130,130,148,1,1,15,30,30,50,50,74,85,100,15,15,31,31,134,134,153,173,173,173,183,34,34,34,113,113,113],"floor_reached":44,"language":"ENG","playtime":2410,"items_purged":["Strike_B","Strike_B"],"score":424,"play_id":"5dcc37b4-2a0b-4f3a-8d22-e6cb62999b64","local_time":"20210215192147","is_ascension_mode":true,"campfire_choices":[{"data":"Zap","floor":6.0,"key":"SMITH"},{"floor":11.0,"key":"REST"},{"floor":15.0,"key":"REST"},{"floor":23.0,"key":"REST"},{"data":"Fusion","floor":25.0,"key":"SMITH"},{"data":"Steam Power","floor":30.0,"key":"SMITH"},{"floor":32.0,"key":"REST"},{"data":"Creative AI","floor":41,"key":"SMITH"}],"circlet_count":0,"master_deck":["Strike_B","Defend_B","Defend_B","Defend_B","Defend_B","Zap+1","Dualcast","Barrage+1","Conserve Battery+1","Melter","Cold Snap","Fusion+1","Cold Snap","Ball Lightning","Stack","Thunder Strike","Compile Driver+1","Leap","Genetic Algorithm+1","Auto Shields+1","Cold Snap+1","Steam Power+1","Rebound+1","Chaos+1","Creative AI+1","Go for the Eyes+1","Madness","Madness","Auto Shields+1"],"relics":["Nuclear Battery","Lizard Tail","HornCleat","Sozu","Molten Egg 2","MealTicket","Pocketwatch","Runic Pyramid","HandDrill","Blue Candle","Gremlin Horn"],"acts_visited":["Exordium","TheCity","TheBeyond"],"potions_floor_usage":[],"damage_taken":[{"damage":2.0,"enemies":"Small Slimes","floor":1.0,"turns":4.0},{"damage":0.0,"enemies":"2 Louse","floor":3.0,"turns":2.0},{"damage":0.0,"enemies":"Jaw Worm","floor":5.0,"turns":4.0},{"damage":9.0,"enemies":"3 Louse","floor":7.0,"turns":4.0},{"damage":3.0,"enemies":"Gremlin Gang","floor":8.0,"turns":5.0},{"damage":6.0,"enemies":"Large Slime","floor":13.0,"turns":5.0},{"damage":0.0,"enemies":"3 Louse","floor":14.0,"turns":2.0},{"damage":9.0,"enemies":"Hexaghost","floor":16.0,"turns":11.0},{"damage":7.0,"enemies":"Spheric Guardian","floor":18.0,"turns":4.0},{"damage":0.0,"enemies":"3 Byrds","floor":21.0,"turns":6.0},{"damage":24.0,"enemies":"Snake Plant","floor":22.0,"turns":6.0},{"damage":0.0,"enemies":"Cultist and Chosen","floor":24.0,"turns":8.0},{"damage":4.0,"enemies":"Centurion and Healer","floor":27.0,"turns":7.0},{"damage":5.0,"enemies":"Snake Plant","floor":28.0,"turns":4.0},{"damage":0.0,"enemies":"Shelled Parasite and Fungi","floor":31.0,"turns":5.0},{"damage":41.0,"enemies":"Automaton","floor":33.0,"turns":12.0},{"damage":0.0,"enemies":"Orb Walker","floor":35.0,"turns":5.0},{"damage":22.0,"enemies":"3 Darklings","floor":36.0,"turns":9.0},{"damage":0,"enemies":"Transient","floor":39,"turns":5},{"damage":70,"enemies":"Spire Growth","floor":44,"turns":7}],"seed_played":"1610901396228323149","potions_obtained":[{"floor":1.0,"key":"DuplicationPotion"},{"floor":14.0,"key":"Weak Potion"}],"is_trial":false,"path_per_floor":["M","?","M","?","M","R","M","M","T","$","R","?","M","M","R","B",null,"M","$","?","M","M","R","M","R","T","M","M","?","R","M","R","B",null,"M","M","?","?","M","$","R","?","T","M"],"character_chosen":"DEFECT","items_purchased":["Cold Snap","Leap","HandDrill"],"campfire_rested":4,"item_purchase_floors":[10,19,40],"current_hp_per_floor":[73,73,73,55,55,55,46,43,43,43,65,50,44,44,66,57,75,68,68,68,68,44,66,66,66,66,62,57,57,57,57,75,34,75,75,53,44,44,44,59,59,54,54,37,37],"gold":113,"neow_bonus":"BOSS_RELIC","is_daily":false,"chose_seed":false,"campfire_upgraded":4,"win_rate":0.0,"timestamp":1613445707,"path_taken":["M","?","M","?","M","R","M","M","T","$","R","?","M","?","R","BOSS","M","$","?","M","?","R","M","R","T","M","M","?","R","M","R","BOSS","M","M","?","?","?","$","R","?","T","M"],"items_purchased_type":["Card","Card","Relic"],"build_version":"2020-12-22","purchased_purges":2,"victory":false,"max_hp_per_floor":[75,75,75,75,75,75,75,75,75,75,75,75,75,75,75,75,75,75,75,75,75,75,75,75,75,75,75,75,75,75,75,75,75,75,75,75,75,75,75,75,75,75,75,75,75],"card_choices":[{"not_picked":["Capacitor","Steam"],"picked":"Barrage","floor":1.0},{"not_picked":["Compile Driver","Darkness"],"picked":"Conserve Battery","floor":3.0},{"not_picked":["Steam Power","Sweeping Beam"],"picked":"Melter","floor":5.0},{"not_picked":["Reinforced Body","Heatsinks"],"picked":"Cold Snap","floor":7.0},{"not_picked":["Hello World","Steam"],"picked":"Fusion","floor":8.0},{"not_picked":["Hologram","Consume"],"picked":"Ball Lightning","floor":13.0},{"not_picked":["Rebound","Chill"],"picked":"Stack","floor":14.0},{"not_picked":["Multi-Cast","Reboot"],"picked":"Thunder Strike","floor":16.0},{"not_picked":["Streamline","Hologram+1"],"picked":"Compile Driver+1","floor":18.0},{"not_picked":["Stack","Go for the Eyes+1"],"picked":"Genetic Algorithm+1","floor":21.0},{"not_picked":["Go for the Eyes+1","Stack"],"picked":"Auto Shields+1","floor":22.0},{"not_picked":["Barrage+1","Genetic Algorithm"],"picked":"Cold Snap+1","floor":24.0},{"not_picked":["Redo","Heatsinks"],"picked":"Steam Power","floor":27.0},{"not_picked":["Cold Snap+1","Reprogram+1"],"picked":"Rebound+1","floor":28.0},{"not_picked":["FTL+1","Hologram"],"picked":"Chaos+1","floor":31.0},{"not_picked":["Fission","Seek"],"picked":"Creative AI","floor":33.0},{"not_picked":["Gash+1","Redo","Scrape+1"],"picked":"SKIP","floor":35.0},{"not_picked":["Darkness","Sunder+1"],"picked":"Go for the Eyes+1","floor":36.0},{"not_picked":["Hello World+1","Doom and Gloom+1"],"picked":"Auto Shields+1","floor":39}],"player_experience":778646,"relics_obtained":[{"floor":9.0,"key":"HornCleat"},{"floor":26.0,"key":"MealTicket"},{"floor":43,"key":"Gremlin Horn"}],"event_choices":[{"cards_removed":["Strike_B"],"damage_healed":0.0,"max_hp_gain":0.0,"max_hp_loss":0.0,"gold_gain":0.0,"event_name":"The Cleric","player_choice":"Card Removal","floor":2.0,"gold_loss":50.0,"damage_taken":0.0},{"damage_healed":0.0,"max_hp_gain":0.0,"max_hp_loss":0.0,"gold_gain":0.0,"event_name":"Scrap Ooze","player_choice":"Success","floor":4.0,"gold_loss":0.0,"damage_taken":18.0,"relics_obtained":["Lizard Tail"]},{"damage_healed":0.0,"max_hp_gain":0.0,"max_hp_loss":0.0,"gold_gain":0.0,"event_name":"Shining Light","player_choice":"Entered Light","floor":12.0,"gold_loss":0.0,"damage_taken":15.0,"cards_upgraded":["Conserve Battery","Barrage"]},{"damage_healed":0.0,"max_hp_gain":0.0,"max_hp_loss":0.0,"gold_gain":0.0,"event_name":"WeMeetAgain","player_choice":"Gave Potion","floor":20.0,"gold_loss":0.0,"damage_taken":0.0,"relics_obtained":["Molten Egg 2"]},{"damage_healed":0.0,"max_hp_gain":0.0,"max_hp_loss":0.0,"gold_gain":0.0,"event_name":"Addict","player_choice":"Obtained Relic","floor":29.0,"gold_loss":85.0,"damage_taken":0.0,"relics_obtained":["Pocketwatch"]},{"damage_healed":0.0,"max_hp_gain":0.0,"max_hp_loss":0.0,"gold_gain":0.0,"event_name":"Winding Halls","player_choice":"Embrace Madness","floor":37.0,"gold_loss":0.0,"damage_taken":9.0,"cards_obtained":["Madness","Madness"]},{"damage_healed":0,"gold_gain":0,"player_choice":"Bought 0 Potions","damage_taken":0,"max_hp_gain":0,"max_hp_loss":0,"event_name":"The Woman in Blue","floor":38,"gold_loss":0}],"is_beta":false,"boss_relics":[{"not_picked":["Black Star","Busted Crown"],"picked":"Sozu"},{"not_picked":["Philosopher\u0027s Stone","Fusion Hammer"],"picked":"Runic Pyramid"}],"items_purged_floors":[10,19],"is_endless":false,"potions_floor_spawned":[1,14,21,24,27,33,36,39],"killed_by":"Spire Growth","ascension_level":1}}