{"host":"wo90phlywfjtsb40","time":1613466376,"event":{"mods":["BaseMod","Hermit","Minty Spire (QoL Compilation)","StSLib","The Cursed"],"gold_per_floor":[110,110,123,100,120,145,145,164,164,175,46,46,56,73,73,175,175,193,293,312,21,39,50,50,60,107,126,139,139,139,8,8,8,8],"floor_reached":33,"language":"ENG","playtime":2220,"items_purged":[],"score":278,"play_id":"e86db639-ab5d-46bf-aea7-0d0817e703a6","local_time":"20210216100616","is_ascension_mode":false,"campfire_choices":[{"floor":7.0,"key":"REST"},{"floor":15.0,"key":"REST"},{"floor":24.0,"key":"REST"},{"data":"Inflame","floor":30.0,"key":"SMITH"},{"floor":32.0,"key":"REST"}],"circlet_count":0,"master_deck":["Strike_R","Strike_R","Strike_R","Strike_R","Strike_R","Defend_R","Defend_R","Defend_R","Defend_R","Bash+1","Shrug It Off+1","Inflame+1","Anger","Iron Wave","Clothesline","Sword Boomerang","Flame Barrier","Dramatic Entrance","Power Through","Perfected Strike","Rage","Berserk","Sword Boomerang","Thunderclap","Metallicize","Shrug It Off","Feed","Barricade","Thunderclap+1","Headbutt","Twin Strike+1","Cleave","Decay","Rage","Perfected Strike","Armaments"],"relics":["Burning Blood","Mummified Hand","Bottled Tornado","Pantograph","Mark of Pain","PreservedInsect"],"acts_visited":[],"potions_floor_usage":[33,33],"damage_taken":[{"damage":11.0,"enemies":"Jaw Worm","floor":1.0,"turns":4.0},{"damage":5.0,"enemies":"Small Slimes","floor":3.0,"turns":4.0},{"damage":6.0,"enemies":"Cultist","floor":5.0,"turns":3.0},{"damage":36.0,"enemies":"Lagavulin","floor":6.0,"turns":7.0},{"damage":10.0,"enemies":"Exordium Thugs","floor":8.0,"turns":5.0},{"damage":19.0,"enemies":"Lots of Slimes","floor":10.0,"turns":4.0},{"damage":6.0,"enemies":"Large Slime","floor":13.0,"turns":5.0},{"damage":9.0,"enemies":"Red Slaver","floor":14.0,"turns":2.0},{"damage":44.0,"enemies":"Slime Boss","floor":16.0,"turns":14.0},{"damage":10.0,"enemies":"3 Byrds","floor":18.0,"turns":5.0},{"damage":16.0,"enemies":"Shell Parasite","floor":20.0,"turns":4.0},{"damage":25.0,"enemies":"3 Cultists","floor":22.0,"turns":5.0},{"damage":2.0,"enemies":"Chosen and Byrds","floor":23.0,"turns":6.0},{"damage":7.0,"enemies":"Cultist and Chosen","floor":25.0,"turns":5.0},{"damage":16.0,"enemies":"Sentry and Sphere","floor":27.0,"turns":4.0},{"damage":17.0,"enemies":"Centurion and Healer","floor":28.0,"turns":7.0},{"damage":87,"enemies":"Collector","floor":33,"turns":9}],"seed_played":"3796274226694950673","potions_obtained":[{"floor":1.0,"key":"LiquidBronze"},{"floor":8.0,"key":"ColorlessPotion"},{"floor":10.0,"key":"LiquidBronze"},{"floor":20.0,"key":"ElixirPotion"},{"floor":23.0,"key":"HeartOfIron"},{"floor":25.0,"key":"SpeedPotion"},{"floor":27.0,"key":"Strength Potion"}],"is_trial":false,"path_per_floor":["M","?","M","$","M","E","R","M","T","M","$","?","M","M","R","B",null,"M","?","M","$","M","M","R","M","T","M","M","?","R","$","R","B"],"character_chosen":"IRONCLAD","items_purchased":["Anger","Dramatic Entrance","Power Through","Metallicize","Shrug It Off","Feed","Rage","Perfected Strike","Armaments"],"campfire_rested":4,"item_purchase_floors":[4,11,11,21,21,21,31,31,31],"current_hp_per_floor":[75,75,76,76,76,46,70,66,66,53,53,53,53,50,74,42,80,76,76,66,66,47,51,75,77,77,67,56,56,56,56,80,0,0],"gold":8,"neow_bonus":"UPGRADE_CARD","is_daily":false,"chose_seed":false,"campfire_upgraded":1,"win_rate":0.0,"timestamp":1613466376,"path_taken":["M","?","M","$","M","E","R","M","T","M","$","?","M","M","R","BOSS","M","?","M","$","M","M","R","M","T","M","M","?","R","$","R","BOSS"],"items_purchased_type":["Card","Card","Card","Card","Card","Card","Card","Card","Card"],"build_version":"2020-12-22","purchased_purges":0,"victory":false,"max_hp_per_floor":[80,80,80,80,80,80,80,80,80,80,80,80,80,80,80,80,80,80,80,80,80,80,80,80,83,83,83,83,83,83,83,83,83,83],"card_choices":[{"not_picked":["Bloodletting","Body Slam"],"picked":"Shrug It Off","floor":1.0},{"not_picked":["Dark Embrace","True Grit"],"picked":"Inflame","floor":3.0},{"not_picked":["Body Slam","Fire Breathing"],"picked":"Iron Wave","floor":5.0},{"not_picked":["Fiend Fire","Clash"],"picked":"Clothesline","floor":6.0},{"not_picked":["Inflame","Clash"],"picked":"Sword Boomerang","floor":8.0},{"not_picked":["Fire Breathing","Flex"],"picked":"Flame Barrier","floor":10.0},{"not_picked":["Flame Barrier","Second Wind"],"picked":"Perfected Strike","floor":13.0},{"not_picked":["Anger","Headbutt"],"picked":"Rage","floor":14.0},{"not_picked":["Brutality","Juggernaut"],"picked":"Berserk","floor":16.0},{"not_picked":["Carnage","Clash"],"picked":"Sword Boomerang","floor":18.0},{"not_picked":["Battle Trance","Disarm"],"picked":"Thunderclap","floor":20.0},{"not_picked":["Combust","Power Through"],"picked":"Barricade","floor":22.0},{"not_picked":["Sever Soul","Rage"],"picked":"Thunderclap+1","floor":23.0},{"not_picked":["Dual Wield","Body Slam"],"picked":"Headbutt","floor":25.0},{"not_picked":["Clash+1","Infernal Blade"],"picked":"Twin Strike+1","floor":27.0},{"not_picked":["Whirlwind","Headbutt"],"picked":"Cleave","floor":28.0}],"player_experience":36169,"relics_obtained":[{"floor":6.0,"key":"Mummified Hand"},{"floor":9.0,"key":"Bottled Tornado"},{"floor":26.0,"key":"PreservedInsect"}],"event_choices":[{"damage_healed":0.0,"max_hp_gain":0.0,"max_hp_loss":0.0,"gold_gain":0.0,"event_name":"Living Wall","player_choice":"Grow","floor":2.0,"gold_loss":0.0,"damage_taken":0.0,"cards_upgraded":["Shrug It Off"]},{"damage_healed":0.0,"max_hp_gain":0.0,"max_hp_loss":0.0,"gold_gain":0.0,"event_name":"WeMeetAgain","player_choice":"Gave Potion","floor":12.0,"gold_loss":0.0,"damage_taken":0.0,"relics_obtained":["Pantograph"]},{"damage_healed":0.0,"max_hp_gain":0.0,"max_hp_loss":0.0,"gold_gain":100.0,"event_name":"Golden Shrine","player_choice":"Pray","floor":19.0,"gold_loss":0.0,"damage_taken":0.0},{"damage_healed":0.0,"max_hp_gain":0.0,"max_hp_loss":0.0,"gold_gain":0.0,"event_name":"Wheel of Change","player_choice":"Cursed","floor":29.0,"gold_loss":0.0,"damage_taken":0.0,"cards_obtained":["Decay"]}],"is_beta":false,"boss_relics":[{"not_picked":["Astrolabe","Cursed Key"],"picked":"Mark of Pain"}],"items_purged_floors":[],"is_endless":false,"potions_floor_spawned":[1,8,10,20,23,25,27],"killed_by":"Collector","ascension_level":0}}