{"host":"phapnj0danpxvjlm","time":1613444638,"event":{"mods":["BaseMod","Better Note","Better Third Choice","BetterRewards","Bossed Relics","Colored Powertips","Downfall","Hermit","Minty Spire (QoL Compilation)","Permanent Neow","Quick Restart","Rare Cards Sparkle","Spire Arcade","StSLib","The Animator","The Necromancer","The Wild Card"],"gold_per_floor":[99,114,114,22,22,41,41,41,61,74,74,174,190,205,224,326,326,326,326,345,357,357,357,357,357,369,387,387,387,405,420,438,541,541,541,589,604,654,321,336,336,355,136,146,78,92,107,125,137,137,137,137],"floor_reached":50,"language":"ENG","playtime":2234,"items_purged":[],"score":569,"play_id":"90825778-df60-471d-9135-46a7c98df22b","local_time":"20210216040358","is_ascension_mode":false,"campfire_choices":[{"floor":1,"key":"RECALL"},{"floor":11,"key":"DIG"},{"data":"1","floor":18,"key":"LIFT"},{"data":"2","floor":23,"key":"LIFT"},{"data":"3","floor":25,"key":"LIFT"},{"floor":35,"key":"DIG"}],"circlet_count":0,"master_deck":["bronze:Strike+1","bronze:Strike+1","bronze:Strike+1","bronze:Defend+1","bronze:Defend+1","bronze:Defend+1","bronze:Defend+1","bronze:Replicate","bronze:Goto","bronze:Backtrace","bronze:Frontload","bronze:DelayedGuard","bronze:Fortify+1","bronze:DelayedSlice","bronze:ChosenStrike+1","bronze:Optimize","bronze:DelayedSlice+1","bronze:Iterate+1","bronze:AlphaBuild+1","bronze:HardenedForm","bronze:Boost","bronze:WhirlingStrike+1","bronze:DelayedSlice+1","bronze:BitShift+1","bronze:Fortify+1","bronze:HyperBeam+1","bronze:ChosenStrike+1","bronze:Boost","bronze:DelayedSlice+1","bronze:BurnOut+1","bronze:ChosenStrike+1"],"relics":["bronze:BronzeCore","Molten Egg 2","Shovel","Girya","Astrolabe","Pear","SlaversCollar","Bird Faced Urn","TungstenRod","Pocketwatch","MealTicket","Guardian:PocketSentry","Vajra","Meat on the Bone"],"acts_visited":["Exordium","TheCity","TheBeyond"],"potions_floor_usage":[4,14,16,16,33,33,33,38,43,43,47,48,49,49,50],"damage_taken":[{"damage":0,"enemies":"Cultist","floor":2,"turns":3},{"damage":0,"enemies":"downfall:FleeingMerchant","floor":4,"turns":4},{"damage":0,"enemies":"2 Louse","floor":6,"turns":3},{"damage":0,"enemies":"Jaw Worm","floor":9,"turns":3},{"damage":8,"enemies":"Gremlin Gang","floor":10,"turns":4},{"damage":0,"enemies":"2 Fungi Beasts","floor":13,"turns":1},{"damage":21,"enemies":"Lots of Slimes","floor":14,"turns":3},{"damage":5,"enemies":"downfall:LooterAlt","floor":15,"turns":2},{"damage":19,"enemies":"DF_ARCHETYPE_STREAMLINE","floor":16,"turns":9},{"damage":12,"enemies":"downfall:LooterAlt2","floor":20,"turns":4},{"damage":5,"enemies":"3 Byrds","floor":21,"turns":5},{"damage":0,"enemies":"Snecko","floor":26,"turns":2},{"damage":10,"enemies":"Snake Plant","floor":27,"turns":4},{"damage":20,"enemies":"Centurion and Healer","floor":30,"turns":3},{"damage":7,"enemies":"Snecko","floor":31,"turns":4},{"damage":0,"enemies":"3 Cultists","floor":32,"turns":3},{"damage":11,"enemies":"IC_MUSHROOM_ARCHETYPE","floor":33,"turns":2},{"damage":60,"enemies":"2 Orb Walkers","floor":36,"turns":5},{"damage":0,"enemies":"Orb Walker","floor":37,"turns":3},{"damage":0,"enemies":"Orb Walker","floor":38,"turns":4},{"damage":22,"enemies":"3 Darklings","floor":40,"turns":3},{"damage":9,"enemies":"Spire Growth","floor":42,"turns":4},{"damage":0,"enemies":"downfall:FleeingMerchant","floor":43,"turns":4},{"damage":40,"enemies":"Maw","floor":44,"turns":7},{"damage":0,"enemies":"downfall:FleeingMerchant","floor":45,"turns":2},{"damage":7,"enemies":"Jaw Worm Horde","floor":46,"turns":3},{"damage":46,"enemies":"Transient","floor":47,"turns":5},{"damage":27,"enemies":"Writhing Mass","floor":48,"turns":5},{"damage":7,"enemies":"4 Shapes","floor":49,"turns":4},{"damage":38,"enemies":"SI_POISON_ARCHETYPE","floor":50,"turns":3}],"seed_played":"-5399963323353366553","potions_obtained":[{"floor":2,"key":"Fruit Juice"},{"floor":9,"key":"Fruit Juice"},{"floor":10,"key":"LiquidBronze"},{"floor":14,"key":"ColorlessPotion"},{"floor":20,"key":"champ:CounterPotion"},{"floor":26,"key":"SkillPotion"},{"floor":31,"key":"FearPotion"},{"floor":33,"key":"AttackPotion"},{"floor":38,"key":"Strength Potion"},{"floor":40,"key":"LiquidBronze"},{"floor":46,"key":"Swift Potion"},{"floor":47,"key":"Weak Potion"},{"floor":48,"key":"PowerPotion"},{"floor":49,"key":"Swift Potion"}],"is_trial":false,"path_per_floor":["R","M","?","$","?","M","T","T","M","M","R","?","M","M","M","B",null,"R","?","M","M","?","R","T","R","M","M","?","?","M","M","M","B",null,"R","?","M","?","?","M","T","M","$","M","$","M","M","M","M","B"],"character_chosen":"THE_AUTOMATON","items_purchased":["bronze:Fortify","Guardian:PocketSentry","Explosive Potion","Vajra","Meat on the Bone"],"campfire_rested":0,"item_purchase_floors":[4,43,43,45,45],"current_hp_per_floor":[70,70,70,75,75,75,75,75,75,67,67,67,67,46,41,27,80,80,80,68,63,63,63,73,73,73,63,63,63,43,36,36,25,90,90,30,32,34,101,81,81,74,91,55,72,65,35,20,27,0,0,0],"gold":137,"neow_bonus":"THREE_CARDS","is_daily":false,"chose_seed":false,"campfire_upgraded":0,"win_rate":0.0,"timestamp":1613444638,"path_taken":["R","M","?","$","?","M","T","?","M","?","R","?","M","?","M","BOSS","R","?","M","M","?","R","T","R","M","M","?","?","M","M","M","BOSS","R","?","M","?","?","M","T","?","?","M","$","M","?","M","M","BOSS"],"items_purchased_type":["Card","Relic","Potion","Relic","Relic"],"build_version":"2020-12-22","purchased_purges":0,"victory":false,"max_hp_per_floor":[70,70,70,75,75,75,75,75,75,75,75,75,75,75,75,80,80,80,80,80,80,80,80,90,90,90,90,90,90,90,90,90,90,90,90,90,90,90,101,101,101,101,101,101,101,101,101,101,101,101,101,101],"card_choices":[{"not_picked":["bronze:Repulsor","bronze:Deprecate"],"picked":"bronze:Backtrace","floor":0},{"not_picked":["bronze:Allocate","bronze:BuggyMess","bronze:Deprecate"],"picked":"SKIP","floor":2},{"not_picked":["bronze:Repulsor","bronze:Deprecate"],"picked":"bronze:DelayedGuard","floor":4},{"not_picked":["bronze:WhirlingStrike","bronze:ForLoop"],"picked":"bronze:DelayedSlice","floor":6},{"not_picked":["bronze:Overload","bronze:DelayedGuard"],"picked":"bronze:ChosenStrike+1","floor":9},{"not_picked":["bronze:CloningBeam+1","bronze:Backtrace+1"],"picked":"bronze:Optimize","floor":10},{"not_picked":["bronze:Shield","bronze:NullPointer+1"],"picked":"bronze:DelayedSlice+1","floor":13},{"not_picked":["bronze:DelayedSlice+1","bronze:DigitalCarnage+1"],"picked":"bronze:Iterate+1","floor":14},{"not_picked":["bronze:Overload","bronze:OilSpill+1"],"picked":"bronze:AlphaBuild+1","floor":15},{"not_picked":["bronze:ThunderWave+1","bronze:FindAndReplace"],"picked":"bronze:HardenedForm","floor":16},{"not_picked":["bronze:BronzeOrb+1","bronze:Turbo"],"picked":"bronze:Boost","floor":20},{"not_picked":["bronze:WildBeam+1","bronze:Deprecate"],"picked":"bronze:WhirlingStrike+1","floor":21},{"not_picked":["bronze:DelayedSlice+1","bronze:Shield","bronze:Turbo"],"picked":"SKIP","floor":26},{"not_picked":["bronze:BugBarrage+1","bronze:Turbo+1"],"picked":"bronze:DelayedSlice+1","floor":27},{"not_picked":["bronze:WildBeam+1","bronze:OilSpill+1"],"picked":"bronze:BitShift+1","floor":30},{"not_picked":["bronze:CleanCode","bronze:ForceShield+1"],"picked":"bronze:Fortify+1","floor":31},{"not_picked":["bronze:Backtrace+1","bronze:BuggyMess+1","bronze:Overheat+1"],"picked":"SKIP","floor":32},{"not_picked":["bronze:HardenedForm","bronze:Assembly"],"picked":"bronze:HyperBeam+1","floor":33},{"not_picked":["bronze:ItsAFeature","bronze:OilSpill+1","bronze:Safeguard"],"picked":"SKIP","floor":37},{"not_picked":["bronze:ThunderWave+1","bronze:OilSpill+1"],"picked":"bronze:ChosenStrike+1","floor":40},{"not_picked":["bronze:Safeguard","bronze:CutThrough+1"],"picked":"bronze:Boost","floor":42},{"not_picked":["bronze:Iterate+1","bronze:Boost","bronze:Fortify+1"],"picked":"SKIP","floor":43},{"not_picked":["bronze:BugBarrage+1","bronze:Backtrace+1","bronze:ClassDefault"],"picked":"SKIP","floor":44},{"not_picked":["bronze:RecursiveStrike+1","bronze:Turbo+1","bronze:Frontload+1"],"picked":"SKIP","floor":45},{"not_picked":["bronze:DelayedGuard","bronze:Flail+1"],"picked":"bronze:DelayedSlice+1","floor":46},{"not_picked":["bronze:FollowUp+1","bronze:BitShift+1"],"picked":"bronze:BurnOut+1","floor":47},{"not_picked":["bronze:ChildClass+1","bronze:Boost+1","bronze:MaxOutput"],"picked":"SKIP","floor":48},{"not_picked":["bronze:WildBeam+1","bronze:BitShift+1"],"picked":"bronze:ChosenStrike+1","floor":49}],"player_experience":556707,"relics_obtained":[{"floor":7,"key":"Molten Egg 2"},{"floor":8,"key":"Shovel"},{"floor":11,"key":"Girya"},{"floor":24,"key":"Pear"},{"floor":35,"key":"Bird Faced Urn"},{"floor":36,"key":"TungstenRod"},{"floor":38,"key":"Pocketwatch"},{"floor":41,"key":"MealTicket"}],"event_choices":[{"damage_healed":0,"gold_gain":0,"player_choice":"Grow","damage_taken":0,"max_hp_gain":0,"max_hp_loss":0,"event_name":"Living Wall","floor":5,"gold_loss":0,"cards_upgraded":["bronze:Fortify"]},{"damage_healed":0,"gold_gain":0,"player_choice":"Ignored","damage_taken":0,"max_hp_gain":0,"max_hp_loss":0,"event_name":"betterNote:BetterNote","floor":19,"gold_loss":0,"cards_obtained":["Slimebound:MassRepurpose"]},{"damage_healed":0,"gold_gain":0,"player_choice":"Ignored","damage_taken":0,"max_hp_gain":0,"max_hp_loss":0,"event_name":"Vampires","floor":22,"gold_loss":0},{"damage_healed":0,"gold_gain":0,"player_choice":"Fight","damage_taken":0,"max_hp_gain":0,"max_hp_loss":0,"event_name":"Mysterious Sphere","floor":36,"gold_loss":0}],"is_beta":false,"boss_relics":[{"not_picked":["Velvet Choker","Snecko Eye"],"picked":"Astrolabe"},{"not_picked":["Fusion Hammer","Empty Cage"],"picked":"SlaversCollar"}],"items_purged_floors":[],"is_endless":false,"potions_floor_spawned":[2,9,10,14,20,26,31,33,38,40,46,47,48,49],"killed_by":"SI_POISON_ARCHETYPE","ascension_level":0}}