{"host":"l2lylj0omvglf5x0","time":1613480729,"event":{"mods":["2.2 Compatiblity","BaseMod","Bestiary","Block Reminder","Colored Map","Colored Powertips","Curses Come First","Highlight Path","Keyboard Shortcuts","Minty Spire (QoL Compilation)","Relic Sorter","Relic Stats","Slay the Relics Exporter","StSLib","SuperFastMode"],"gold_per_floor":[119,119,119,269,25,60,60,93,93,93,124,41,41,66,66,137,137,149,149,161,161,173,173,201,216,216,56,56,87,87,119,119,193,193,211,211,261,281,181,207,207,232,232,247,281,281,294,306,306,306],"floor_reached":51,"language":"ENG","playtime":2842,"items_purged":["Doubt","Defend_G"],"score":1717,"play_id":"d35fcf87-4687-4d92-bb4c-9bbc5dea090b","local_time":"20210216140529","is_ascension_mode":true,"campfire_choices":[{"data":"Deadly Poison","floor":7,"key":"SMITH"},{"data":"Bouncing Flask","floor":10,"key":"SMITH"},{"floor":13,"key":"REST"},{"floor":15,"key":"REST"},{"floor":23,"key":"REST"},{"floor":28,"key":"REST"},{"floor":32,"key":"REST"},{"floor":41,"key":"REST"},{"floor":46,"key":"REST"},{"data":"Burst","floor":49,"key":"SMITH"}],"circlet_count":0,"master_deck":["AscendersBane","Strike_G+1","Strike_G+1","Defend_G","Defend_G","Defend_G","Survivor","Neutralize","Deadly Poison+1","Acrobatics","Bouncing Flask+1","Backflip","Backstab","Burst+1","Poisoned Stab","Backflip+1","Crippling Poison","Flying Knee","Blur+1","Dodge and Roll","Leg Sweep","Cloak And Dagger+1","Well Laid Plans+1","Dash+1","Blur+1","Escape Plan","PiercingWail","Bouncing Flask+1"],"relics":["Ring of the Snake","NeowsBlessing","Snake Skull","Darkstone Periapt","Whetstone","InkBottle","Shuriken","Bag of Preparation","SlaversCollar","White Beast Statue","Blood Vial","TwistedFunnel","Omamori","Happy Flower","Calling Bell","Pen Nib","Sundial","Incense Burner","Dead Branch","Oddly Smooth Stone","Ninja Scroll","Ginger"],"acts_visited":["Exordium","TheCity","TheBeyond"],"potions_floor_usage":[11,14,16,18,22,29,29,33,33,37,37,40,42,44,45,47,50],"damage_taken":[{"damage":0,"enemies":"Small Slimes","floor":1,"turns":1},{"damage":0,"enemies":"3 Sentries","floor":6,"turns":2},{"damage":0,"enemies":"Lagavulin","floor":8,"turns":1},{"damage":43,"enemies":"3 Sentries","floor":11,"turns":9},{"damage":4,"enemies":"Gremlin Nob","floor":14,"turns":3},{"damage":41,"enemies":"Slime Boss","floor":16,"turns":13},{"damage":17,"enemies":"Shell Parasite","floor":18,"turns":4},{"damage":0,"enemies":"Spheric Guardian","floor":20,"turns":2},{"damage":18,"enemies":"3 Cultists","floor":22,"turns":5},{"damage":12,"enemies":"Book of Stabbing","floor":24,"turns":4},{"damage":15,"enemies":"Chosen and Byrds","floor":25,"turns":5},{"damage":10,"enemies":"Slavers","floor":29,"turns":4},{"damage":0,"enemies":"Book of Stabbing","floor":31,"turns":5},{"damage":41,"enemies":"Collector","floor":33,"turns":9},{"damage":7,"enemies":"Orb Walker","floor":35,"turns":4},{"damage":34,"enemies":"2 Orb Walkers","floor":37,"turns":6},{"damage":0,"enemies":"3 Shapes","floor":38,"turns":3},{"damage":0,"enemies":"Giant Head","floor":40,"turns":7},{"damage":11,"enemies":"Reptomancer","floor":42,"turns":5},{"damage":0,"enemies":"Transient","floor":44,"turns":5},{"damage":0,"enemies":"Nemesis","floor":45,"turns":5},{"damage":0,"enemies":"Spire Growth","floor":47,"turns":3},{"damage":0,"enemies":"3 Darklings","floor":48,"turns":5},{"damage":26,"enemies":"Awakened One","floor":50,"turns":15}],"seed_played":"7977886277250104452","potions_obtained":[{"floor":1,"key":"GamblersBrew"},{"floor":11,"key":"SkillPotion"},{"floor":14,"key":"Weak Potion"},{"floor":16,"key":"SkillPotion"},{"floor":18,"key":"SpeedPotion"},{"floor":19,"key":"Swift Potion"},{"floor":22,"key":"SpeedPotion"},{"floor":25,"key":"ColorlessPotion"},{"floor":29,"key":"Strength Potion"},{"floor":31,"key":"Strength Potion"},{"floor":33,"key":"Dexterity Potion"},{"floor":35,"key":"FearPotion"},{"floor":37,"key":"Poison Potion"},{"floor":38,"key":"ColorlessPotion"},{"floor":40,"key":"SkillPotion"},{"floor":42,"key":"BlessingOfTheForge"},{"floor":44,"key":"GamblersBrew"},{"floor":45,"key":"DistilledChaos"},{"floor":47,"key":"BlessingOfTheForge"}],"is_trial":false,"path_per_floor":["M","?","?","?","$","E","R","E","T","R","E","$","R","E","R","B",null,"M","?","M","?","M","R","E","M","T","$","R","E","?","E","R","B",null,"M","?","?","M","$","E","R","E","T","M","E","R","M","M","R","B",null],"character_chosen":"THE_SILENT","items_purchased":["Snake Skull","Backflip","PowerPotion","TwistedFunnel"],"campfire_rested":7,"item_purchase_floors":[5,12,12,27],"current_hp_per_floor":[59,52,57,57,57,57,57,57,57,57,14,14,35,31,52,11,56,39,39,39,39,21,42,30,15,15,15,36,28,28,30,51,12,56,51,51,19,21,21,23,44,35,35,37,39,60,62,64,64,40],"gold":306,"neow_bonus":"THREE_ENEMY_KILL","is_daily":false,"chose_seed":false,"campfire_upgraded":3,"win_rate":0.0,"timestamp":1613480729,"path_taken":["M","?","?","?","$","E","R","E","T","R","E","?","R","E","R","BOSS","M","?","?","?","M","R","E","M","T","$","R","E","?","E","R","BOSS","M","?","?","M","?","E","R","E","T","M","E","R","?","M","R","BOSS"],"items_purchased_type":["Relic","Card","Potion","Relic"],"build_version":"2020-12-22","purchased_purges":2,"victory":true,"max_hp_per_floor":[66,66,71,71,71,71,71,71,71,71,71,71,71,71,71,71,71,71,71,71,71,71,71,71,71,71,71,71,71,71,71,71,71,71,71,71,71,71,71,71,71,71,71,71,71,71,71,71,71,71],"relic_stats":{"Darkstone Periapt":0,"Happy Flower":[22],"counters":[24,125],"Dead Branch":[85],"Snake Skull":[298],"Pen Nib":[13],"Bag of Preparation":[28],"Whetstone":["Strike_G","Strike_G"],"Ginger":[0],"Blood Vial":26,"Shuriken":[38],"Sundial":[6],"obtain_stats":[{"Darkstone Periapt":6,"TwistedFunnel":27,"NeowsBlessing":0,"Happy Flower":31,"Dead Branch":37,"Oddly Smooth Stone":40,"Snake Skull":5,"Pen Nib":34,"Bag of Preparation":14,"Omamori":29,"Incense Burner":34,"Whetstone":8,"Ginger":45,"White Beast Statue":24,"Blood Vial":26,"Calling Bell":34,"SlaversCollar":17,"Shuriken":11,"Sundial":34,"Ninja Scroll":42,"InkBottle":9,"Ring of the Snake":0},{"Darkstone Periapt":2,"TwistedFunnel":11,"NeowsBlessing":0,"Happy Flower":13,"Dead Branch":16,"Oddly Smooth Stone":18,"Snake Skull":1,"Pen Nib":14,"Bag of Preparation":5,"Omamori":12,"Incense Burner":14,"Whetstone":3,"Ginger":21,"White Beast Statue":10,"Blood Vial":11,"Calling Bell":14,"SlaversCollar":6,"Shuriken":4,"Sundial":14,"Ninja Scroll":19,"InkBottle":3,"Ring of the Snake":0},{"Darkstone Periapt":3,"TwistedFunnel":49,"NeowsBlessing":0,"Happy Flower":58,"Dead Branch":77,"Oddly Smooth Stone":87,"Snake Skull":1,"Pen Nib":67,"Bag of Preparation":16,"Omamori":53,"Incense Burner":67,"Whetstone":4,"Ginger":102,"White Beast Statue":44,"Blood Vial":49,"Calling Bell":67,"SlaversCollar":29,"Shuriken":13,"Sundial":67,"Ninja Scroll":92,"InkBottle":4,"Ring of the Snake":0}],"InkBottle":[52],"Ring of the Snake":[48]},"card_choices":[{"not_picked":["Predator","Deflect"],"picked":"Deadly Poison","floor":1},{"not_picked":["Concentrate","Blade Dance"],"picked":"Acrobatics","floor":6},{"not_picked":["Finisher","Quick Slash"],"picked":"Bouncing Flask","floor":8},{"not_picked":["Venomology","Bullet Time","Endless Agony"],"picked":"SKIP","floor":11},{"not_picked":["Underhanded Strike","Flying Knee"],"picked":"Backstab","floor":14},{"not_picked":["Adrenaline","Venomology"],"picked":"Burst","floor":16},{"not_picked":["Backflip","Cloak And Dagger"],"picked":"Poisoned Stab","floor":18},{"not_picked":["Deadly Poison","Poisoned Stab"],"picked":"Backflip+1","floor":20},{"not_picked":["Bane","Escape Plan"],"picked":"Blur+1","floor":22},{"not_picked":["Skewer","A Thousand Cuts"],"picked":"Dodge and Roll","floor":24},{"not_picked":["Masterful Stab","Dodge and Roll"],"picked":"Leg Sweep","floor":25},{"not_picked":["Dash","Deflect"],"picked":"Cloak And Dagger+1","floor":29},{"not_picked":["Backstab","Leg Sweep","Blade Dance"],"picked":"SKIP","floor":31},{"not_picked":["Underhanded Strike","Concentrate"],"picked":"Well Laid Plans+1","floor":35},{"not_picked":["Predator+1","Caltrops"],"picked":"Dash+1","floor":38},{"not_picked":["Reflex","Doppelganger","Choke"],"picked":"SKIP","floor":40},{"not_picked":["Sucker Punch","Finisher+1","Endless Agony"],"picked":"SKIP","floor":42},{"not_picked":["Sucker Punch","Outmaneuver"],"picked":"Blur+1","floor":44},{"not_picked":["Backstab","PiercingWail"],"picked":"Escape Plan","floor":45},{"not_picked":["Deflect","Cloak And Dagger"],"picked":"PiercingWail","floor":47},{"not_picked":["Bane","Sucker Punch"],"picked":"Bouncing Flask+1","floor":48}],"player_experience":953911,"relics_obtained":[{"floor":6,"key":"Darkstone Periapt"},{"floor":8,"key":"Whetstone"},{"floor":9,"key":"InkBottle"},{"floor":11,"key":"Shuriken"},{"floor":14,"key":"Bag of Preparation"},{"floor":24,"key":"White Beast Statue"},{"floor":26,"key":"Blood Vial"},{"floor":29,"key":"Omamori"},{"floor":31,"key":"Happy Flower"},{"floor":34,"key":"Pen Nib"},{"floor":34,"key":"Sundial"},{"floor":34,"key":"Incense Burner"},{"floor":37,"key":"Dead Branch"},{"floor":40,"key":"Oddly Smooth Stone"},{"floor":42,"key":"Ninja Scroll"},{"floor":45,"key":"Ginger"}],"event_choices":[{"cards_removed":["Strike_G"],"damage_healed":0,"gold_gain":0,"player_choice":"Card Removal","damage_taken":7,"max_hp_gain":0,"max_hp_loss":0,"event_name":"Golden Wing","floor":2,"gold_loss":0},{"damage_healed":0,"gold_gain":0,"player_choice":"Donut","damage_taken":0,"max_hp_gain":5,"max_hp_loss":0,"event_name":"Big Fish","floor":3,"gold_loss":0},{"damage_healed":0,"gold_gain":150,"player_choice":"AGREE","damage_taken":0,"max_hp_gain":0,"max_hp_loss":0,"event_name":"Liars Game","floor":4,"gold_loss":0,"cards_obtained":["Doubt"]},{"damage_healed":0,"gold_gain":0,"player_choice":"Got Potions","damage_taken":0,"max_hp_gain":0,"max_hp_loss":0,"event_name":"Lab","floor":19,"gold_loss":0},{"damage_healed":0,"gold_gain":0,"cards_transformed":["Strike_G","Strike_G"],"player_choice":"Became Test Subject","damage_taken":0,"max_hp_gain":0,"max_hp_loss":0,"event_name":"Drug Dealer","floor":21,"gold_loss":0,"cards_obtained":["Crippling Poison","Flying Knee"]},{"damage_healed":0,"gold_gain":0,"player_choice":"Ignored","damage_taken":0,"max_hp_gain":0,"max_hp_loss":0,"event_name":"The Mausoleum","floor":30,"gold_loss":0},{"cards_removed":["Defend_G"],"damage_healed":0,"gold_gain":0,"player_choice":"Removed Skill","damage_taken":0,"max_hp_gain":0,"max_hp_loss":0,"event_name":"Falling","floor":36,"gold_loss":0},{"damage_healed":0,"gold_gain":0,"player_choice":"Fight","damage_taken":0,"max_hp_gain":0,"max_hp_loss":0,"event_name":"Mysterious Sphere","floor":37,"gold_loss":0}],"is_beta":false,"boss_relics":[{"not_picked":["Runic Dome","Fusion Hammer"],"picked":"SlaversCollar"},{"not_picked":["Empty Cage","Cursed Key"],"picked":"Calling Bell"}],"items_purged_floors":[5,39],"is_endless":false,"potions_floor_spawned":[1,11,14,16,18,20,22,25,29,31,33,35,37,38,40,42,44,45,47,48],"ascension_level":16}}