{"host":"en4narc5947t7k9n","time":1613486988,"event":{"mods":["AchievementEnabler","BaseMod","Colored Map","Minty Spire (QoL Compilation)","SuperFastMode"],"gold_per_floor":[111,286,286,286,300,330,330,343,412,432,465,478,478,488,488,585,585,595,107,119,119,137,137,117,133,133,146,177,177,177,177],"floor_reached":30,"language":"KOR","playtime":1485,"items_purged":["Regret"],"score":287,"play_id":"5b9d4fc9-02ca-43f0-bcae-555ddc3ae8d3","local_time":"20210216234948","is_ascension_mode":false,"campfire_choices":[{"data":"Bloodletting","floor":7,"key":"SMITH"},{"data":"Demon Form","floor":13,"key":"SMITH"},{"data":"Infernal Blade","floor":15,"key":"SMITH"},{"data":"Barricade","floor":23,"key":"SMITH"},{"data":"1","floor":29,"key":"LIFT"}],"circlet_count":0,"master_deck":["Strike_R+1","Strike_R","Strike_R","Strike_R","Strike_R","Defend_R","Defend_R","Defend_R","Defend_R","Bash","Headbutt+1","Battle Trance","Bloodletting+1","Clash","Demon Form+1","Warcry","Pummel+1","Infernal Blade+1","Barricade+1","Flame Barrier","Bandage Up","Metamorphosis","Anger","Flex+1","Cleave","Inflame","Burning Pact"],"relics":["Burning Blood","NeowsBlessing","Pen Nib","TungstenRod","HornCleat","Letter Opener","Velvet Choker","Whetstone","Girya","FossilizedHelix"],"acts_visited":["Exordium","TheCity"],"potions_floor_usage":[11,16,16,16,18,30],"damage_taken":[{"damage":0,"enemies":"Cultist","floor":1,"turns":1},{"damage":0,"enemies":"2 Louse","floor":5,"turns":1},{"damage":0,"enemies":"Gremlin Nob","floor":6,"turns":1},{"damage":0,"enemies":"Small Slimes","floor":8,"turns":2},{"damage":5,"enemies":"Red Slaver","floor":10,"turns":2},{"damage":15,"enemies":"3 Sentries","floor":11,"turns":6},{"damage":14,"enemies":"Lots of Slimes","floor":12,"turns":5},{"damage":9,"enemies":"3 Louse","floor":14,"turns":4},{"damage":25,"enemies":"Hexaghost","floor":16,"turns":7},{"damage":11,"enemies":"2 Thieves","floor":18,"turns":3},{"damage":24,"enemies":"3 Byrds","floor":20,"turns":4},{"damage":23,"enemies":"Snecko","floor":22,"turns":6},{"damage":27,"enemies":"Snake Plant","floor":25,"turns":5},{"damage":14,"enemies":"Sentry and Sphere","floor":27,"turns":5},{"damage":26,"enemies":"Book of Stabbing","floor":28,"turns":5},{"damage":12,"enemies":"Slavers","floor":30,"turns":1}],"seed_played":"1343810939696927927","potions_obtained":[{"floor":5,"key":"Strength Potion"},{"floor":6,"key":"LiquidBronze"},{"floor":10,"key":"SteroidPotion"},{"floor":14,"key":"DistilledChaos"},{"floor":16,"key":"LiquidMemories"},{"floor":18,"key":"PowerPotion"},{"floor":24,"key":"HeartOfIron"},{"floor":28,"key":"Dexterity Potion"}],"is_trial":false,"path_per_floor":["M","?","?","?","M","E","R","M","T","M","E","M","R","M","R","B",null,"M","$","M","?","M","R","?","M","T","M","E","R","E"],"character_chosen":"IRONCLAD","items_purchased":["Bandage Up","Metamorphosis","Whetstone"],"campfire_rested":0,"item_purchase_floors":[19,19,19],"current_hp_per_floor":[80,80,80,80,80,80,80,80,80,80,71,63,63,60,60,41,80,75,75,61,61,48,48,48,31,31,27,7,7,0,0],"gold":177,"neow_bonus":"THREE_ENEMY_KILL","is_daily":false,"chose_seed":false,"campfire_upgraded":4,"win_rate":0.0,"timestamp":1613486988,"path_taken":["M","?","?","?","M","E","R","M","T","M","E","M","R","M","R","BOSS","M","$","M","?","?","R","?","M","T","M","E","R","E"],"items_purchased_type":["Card","Card","Relic"],"build_version":"2020-12-22","purchased_purges":1,"victory":false,"max_hp_per_floor":[80,80,80,80,80,80,80,80,80,80,80,80,80,80,80,80,80,80,80,80,80,80,80,80,80,80,80,80,80,80,80],"card_choices":[{"not_picked":["Armaments","Iron Wave"],"picked":"Headbutt","floor":1},{"not_picked":["Feel No Pain","Cleave"],"picked":"Battle Trance","floor":5},{"not_picked":["True Grit","Headbutt"],"picked":"Bloodletting","floor":6},{"not_picked":["Body Slam","Dropkick"],"picked":"Clash","floor":8},{"not_picked":["Flame Barrier","Perfected Strike"],"picked":"Demon Form","floor":10},{"not_picked":["Cleave","Perfected Strike"],"picked":"Warcry","floor":11},{"not_picked":["Warcry","Heavy Blade"],"picked":"Pummel","floor":12},{"not_picked":["Carnage","Heavy Blade"],"picked":"Infernal Blade","floor":14},{"not_picked":["Bludgeon","Double Tap"],"picked":"Barricade","floor":16},{"not_picked":["Bloodletting","Thunderclap"],"picked":"Flame Barrier","floor":18},{"not_picked":["Iron Wave","Thunderclap"],"picked":"Anger","floor":20},{"not_picked":["Clothesline","Dropkick"],"picked":"Flex+1","floor":22},{"not_picked":["Shrug It Off","Fire Breathing"],"picked":"Cleave","floor":25},{"not_picked":["Twin Strike","Anger"],"picked":"Inflame","floor":27},{"not_picked":["Clothesline","Dual Wield"],"picked":"Burning Pact","floor":28}],"player_experience":9226,"relics_obtained":[{"floor":6,"key":"TungstenRod"},{"floor":9,"key":"HornCleat"},{"floor":11,"key":"Letter Opener"},{"floor":26,"key":"Girya"},{"floor":28,"key":"FossilizedHelix"}],"event_choices":[{"damage_healed":0,"gold_gain":175,"player_choice":"AGREE","damage_taken":0,"max_hp_gain":0,"max_hp_loss":0,"event_name":"Liars Game","floor":2,"gold_loss":0,"cards_obtained":["Doubt"]},{"damage_healed":0,"gold_gain":0,"player_choice":"Box","damage_taken":0,"relics_obtained":["Pen Nib"],"max_hp_gain":0,"max_hp_loss":0,"event_name":"Big Fish","floor":3,"gold_loss":0,"cards_obtained":["Regret"]},{"damage_healed":0,"gold_gain":0,"player_choice":"Upgraded","damage_taken":0,"max_hp_gain":0,"max_hp_loss":0,"event_name":"Upgrade Shrine","floor":4,"gold_loss":0,"cards_upgraded":["Headbutt"]},{"cards_removed":["Doubt"],"damage_healed":0,"gold_gain":0,"player_choice":"Purged","damage_taken":0,"max_hp_gain":0,"max_hp_loss":0,"event_name":"Purifier","floor":21,"gold_loss":0},{"damage_healed":0,"gold_gain":0,"player_choice":"Bought 1 Potion","damage_taken":0,"max_hp_gain":0,"max_hp_loss":0,"event_name":"The Woman in Blue","floor":24,"gold_loss":0}],"is_beta":false,"boss_relics":[{"not_picked":["Runic Pyramid","Snecko Eye"],"picked":"Velvet Choker"}],"items_purged_floors":[19],"is_endless":false,"potions_floor_spawned":[5,6,10,14,16,18,28],"killed_by":"Slavers","ascension_level":0}}