{"host":"h5acbxt0wmjo1kpm","time":1613450631,"event":{"mods":["2.2 Compatiblity","Act Like it!","AlwaysNeverKeys","Aspiration","Bard","Bartender","BaseMod","Better Third Choice","Colored Map","Elementarium","Gensokyo","GifTheSpireLib","Hallownest","Marisa????????","Menagerie","Minty Spire (QoL Compilation)","Permanent Neow","Potionbrewer","Quick Restart","Relic Filter","Reliquary","Robot Space Explorer","Ruina","RumiaBox-????????","Shade Mod","Spicy Shops","StSLib","Strawberry Spire","The Blackbeard","The Dragon Tamer","The Gatherer","The Hayseed","The Problem Sleuth","The Servant 0.9.4","Wandering Minibosses","Wide Potions"],"gold_per_floor":[113,113,62,62,81,108,108,108,108,118,153,165,215,233,233,338,338,356,368,126,126,126,126,154,154,154,181,207,218,251,270,270,365,365,382,382,382,392,392,425,441,472,472,412,440,440,440,465,465,465,465,465,88,113,113],"floor_reached":56,"language":"ENG","playtime":3560,"items_purged":[],"score":2118,"play_id":"4c591b57-8d45-4c9a-905a-11c43df1cfbb","local_time":"20210215204351","is_ascension_mode":true,"campfire_choices":[{"data":"Menagerie:BeastSpirit","floor":8.0,"key":"SMITH"},{"data":"RobotSpaceExplorer:Multitool","floor":15.0,"key":"SMITH"},{"data":"theSleuth:Leer","floor":23.0,"key":"SMITH"},{"floor":25.0,"key":"REST"},{"data":"Burst","floor":32.0,"key":"SMITH"},{"floor":46.0,"key":"RECALL"},{"data":"Adrenaline","floor":49,"key":"SMITH"},{"data":"RobotSpaceExplorer:Counterblock","floor":52,"key":"SMITH"}],"circlet_count":0,"master_deck":["RobotSpaceExplorer:Strike","RobotSpaceExplorer:Strike+1","RobotSpaceExplorer:Defend","RobotSpaceExplorer:Defend","RobotSpaceExplorer:Scan","RobotSpaceExplorer:MiniLasers","RobotSpaceExplorer:Multitool+1","RobotSpaceExplorer:Probe","RobotSpaceExplorer:Counterblock+1","Quick Slash","Die Die Die","Adrenaline+1","Gatherer:FlowerFalling+1","Menagerie:BeastSpirit+1","Go for the Eyes","theSleuth:Leer+1","Headbutt","bard:Parry","Burst+1","Moondial+1","Reinforced Body","Gatherer:Polymorphism","bard:Thunderwave","theSleuth:Unscale+1","blackbeard:BeatUp+1","Seek","Stack+1","RobotSpaceExplorer:Scan","RobotSpaceExplorer:Scan","Gensokyo:RainbowDanmaku","bard:Sift+1","UltimateShortwave","Raptor_Form+1"],"relics":["RobotSpaceExplorer:RoboCore","PrismaticShard","reliquary:WeakTea","aspiration:FetidBarrel","strawberrySpire:ThornyGelberry","Lantern","AddBug","reliquary:WeakTea","Frozen Egg 2","Enchiridion","Potion Belt","reliquary:IridiumChain","potionbrewer:ToyAutogyro","GodSword4","Enchiridion","Prayer Wheel","aspiration:MarisaSkillbook","reliquary:IridiumChain","Singing Bowl","reliquary:Knoch","Whetstone","Medical Kit","ClockworkSouvenir","ClockworkSouvenir","FossilizedHelix"],"acts_visited":["Menagerie:Menagerie","TheCity","Hallownest:KingdomsEdge","TheEnding"],"potions_floor_usage":[48,55,55],"damage_taken":[{"damage":0.0,"enemies":"Menagerie:StygianBoar","floor":1.0,"turns":4.0},{"damage":0.0,"enemies":"Menagerie:WhisperingWraith","floor":5.0,"turns":3.0},{"damage":14.0,"enemies":"Menagerie:VoidReaper","floor":6.0,"turns":8.0},{"damage":0.0,"enemies":"Menagerie:2_RABBITS","floor":10.0,"turns":2.0},{"damage":1.0,"enemies":"Menagerie:Hydra","floor":11.0,"turns":4.0},{"damage":0.0,"enemies":"Menagerie:BEAST_MAGE_AND_PROWLING_AMALGAM","floor":12.0,"turns":3.0},{"damage":21.0,"enemies":"Menagerie:VoidReaper","floor":13.0,"turns":3.0},{"damage":0.0,"enemies":"Menagerie:EntropyWarlock","floor":14.0,"turns":2.0},{"damage":13.0,"enemies":"Menagerie:Suneater","floor":16.0,"turns":5.0},{"damage":0.0,"enemies":"Chosen","floor":18.0,"turns":3.0},{"damage":0.0,"enemies":"3 Byrds","floor":19.0,"turns":3.0},{"damage":24.0,"enemies":"Slavers","floor":24.0,"turns":4.0},{"damage":0.0,"enemies":"Book of Stabbing","floor":28.0,"turns":2.0},{"damage":0.0,"enemies":"Snake Plant","floor":29.0,"turns":2.0},{"damage":1.0,"enemies":"Gremlin Leader","floor":30.0,"turns":2.0},{"damage":0.0,"enemies":"Cultist and Chosen","floor":31.0,"turns":2.0},{"damage":0.0,"enemies":"Collector","floor":33.0,"turns":4.0},{"damage":0.0,"enemies":"Hallownest:Shield_Heavy","floor":35.0,"turns":3.0},{"damage":0.0,"enemies":"Hallownest:2_Littles","floor":38.0,"turns":6.0},{"damage":9.0,"enemies":"Hallownest:eliteCollector","floor":40.0,"turns":3.0},{"damage":8.0,"enemies":"Hallownest:2_Great","floor":41.0,"turns":2.0},{"damage":0.0,"enemies":"Hallownest:StalkingDevout","floor":42.0,"turns":3.0},{"damage":10.0,"enemies":"Hallownest:eliteCollector","floor":45.0,"turns":6.0},{"damage":17,"enemies":"Hallownest:eliteHiveKnight","floor":48,"turns":7},{"damage":0,"enemies":"Hallownest:Radiance","floor":50,"turns":3},{"damage":11,"enemies":"Shield and Spear","floor":54,"turns":3},{"damage":37,"enemies":"The Heart","floor":55,"turns":4}],"seed_played":"5723687433943198609","potions_obtained":[{"floor":1.0,"key":"potionbrewer:SplittingPotion"},{"floor":11.0,"key":"potionbrewer:NoxiousPotion"},{"floor":13.0,"key":"AttackPotion"},{"floor":24.0,"key":"Explosive Potion"},{"floor":30.0,"key":"Strength Potion"},{"floor":33.0,"key":"potionbrewer:BoundlessPotion"},{"floor":35.0,"key":"potionbrewer:DiscountPotion"},{"floor":38.0,"key":"potionbrewer:CleansingPotion"},{"floor":41.0,"key":"potionbrewer:AcidPotion"}],"is_trial":false,"path_per_floor":["M","?","$","?","M","E","?","R","T","M","E","M","E","M","R","B",null,"M","M","$","?","?","R","E","R","T","T","E","M","E","M","R","B",null,"M","?","?","M","?","E","M","E","T","?","E","R","$","E","R","B",null,"R","$","E","B",null],"character_chosen":"RobotSpaceExplorer","items_purchased":["RobotSpaceExplorer:Counterblock","Frozen Egg 2","UltimateShortwave","Medical Kit","ClockworkSouvenir"],"campfire_rested":1,"item_purchase_floors":[3,20,53,53,53],"current_hp_per_floor":[68,68,68,68,68,54,54,54,54,54,53,53,32,32,32,19,57,57,57,57,57,41,41,17,38,38,38,38,38,37,37,37,37,62,62,62,62,62,62,55,49,51,51,58,50,50,50,33,33,33,68,68,68,57,20],"gold":113,"neow_bonus":"ONE_RANDOM_RARE_CARD","is_daily":false,"chose_seed":false,"campfire_upgraded":6,"win_rate":0.0,"timestamp":1613450631,"path_taken":["M","?","?","?","?","E","?","R","T","M","E","M","E","M","R","BOSS","M","M","$","?","?","R","E","R","T","?","E","M","E","M","R","BOSS","M","?","?","?","?","E","M","E","T","?","E","R","$","E","R","BOSS","R","$","E","BOSS"],"items_purchased_type":["Card","Relic","Card","Relic","Relic"],"build_version":"2020-12-22","purchased_purges":0,"victory":true,"max_hp_per_floor":[75,73,73,73,73,73,70,70,70,70,70,70,70,70,70,70,70,70,70,70,70,70,70,70,70,70,70,70,70,70,70,70,70,70,70,70,65,65,65,67,69,71,71,78,80,80,80,80,80,80,80,80,80,80,80],"card_choices":[{"not_picked":["RobotSpaceExplorer:ImprovisedAttack","RobotSpaceExplorer:Jetpack"],"picked":"RobotSpaceExplorer:Probe","floor":1.0},{"not_picked":["Fasting2","DTMod:Overwhelm","Step_Of_The_Wind"],"picked":"SKIP","floor":5.0},{"not_picked":["strawberrySpire:FireDrill","Gatherer:Frenzy"],"picked":"Gatherer:FlowerFalling","floor":6.0},{"not_picked":["TheSimpletonMod:Coffee","Dart"],"picked":"Go for the Eyes","floor":10.0},{"not_picked":["RobotSpaceExplorer:Autoloader","RobotSpaceExplorer:Pulsar"],"picked":"theSleuth:Leer","floor":11.0},{"not_picked":["Beam Cell","Tornado_Kick"],"picked":"Headbutt","floor":12.0},{"not_picked":["Gatherer:FragileHammer","RobotSpaceExplorer:BigMissile"],"picked":"bard:Parry","floor":13.0},{"not_picked":["Bane","Compile Driver","RefractionSpark"],"picked":"SKIP","floor":14.0},{"not_picked":["CollectingQuirk","TheSimpletonMod:Spinach"],"picked":"Burst","floor":16.0},{"not_picked":["Step_Of_The_Wind","strawberrySpire:FireDrill","theSleuth:Ogle+1"],"picked":"SKIP","floor":18.0},{"not_picked":["DTMod:FlameSlash","theSleuth:BenStillerBust"],"picked":"Moondial+1","floor":19.0},{"not_picked":["RobotSpaceExplorer:Pulsar","Shade:FreshBones"],"picked":"Reinforced Body","floor":24.0},{"not_picked":["Foot_Thrust","Cleave"],"picked":"Gatherer:Polymorphism","floor":28.0},{"not_picked":["blackbeard:WoodenLeg+1","TimeWarp+1"],"picked":"bard:Thunderwave","floor":29.0},{"not_picked":["theSleuth:WilsonBust+1","DTMod:LastStand"],"picked":"theSleuth:Unscale+1","floor":30.0},{"not_picked":["bard:Aphasia","bard:GreaterMagicWeapon+1"],"picked":"blackbeard:BeatUp+1","floor":31.0},{"not_picked":["RockBreaker","NonDirectionalLaser","bard:Silence"],"picked":"SKIP","floor":31.0},{"not_picked":["Shade:SelfBurial","RobotSpaceExplorer:Blaster"],"picked":"Seek","floor":33.0},{"not_picked":["Gatherer:AcidicSpray+1","WitchOfGreed+1","DTMod:Shift+1"],"picked":"Stack+1","floor":35.0},{"not_picked":["Weave+1","RobotSpaceExplorer:GlueSpray","bard:Accelerando","bard:Doot+1"],"picked":"SKIP","floor":35.0},{"not_picked":["WitchLeyline","ShootingEcho","bard:Gamble+1"],"picked":"Gensokyo:SalamanderShield","floor":38.0},{"not_picked":["strawberrySpire:SpinKick+1","RobotSpaceExplorer:ScrapToss+1","DTMod:BizarreTactic","EmptyBody"],"picked":"SKIP","floor":38.0},{"not_picked":["bard:TinyHut+1","Coolheaded","bard:BucklerBash","potionbrewer:Spark"],"picked":"Singing Bowl","floor":40.0},{"not_picked":["bard:CuttingWords+1","TheSimpletonMod:Innovate+1","DTMod:MaximumCharge","potionbrewer:Smack+1"],"picked":"Singing Bowl","floor":41.0},{"not_picked":["ClearTheMind","Gatherer:TreeGrowth","CutThroughFate+1"],"picked":"Gensokyo:RainbowDanmaku","floor":41.0},{"not_picked":["Shade:SoulPierce+1","blackbeard:DangerousBlow","TheSimpletonMod:Rake+1","potionbrewer:BlindingSpray"],"picked":"Singing Bowl","floor":42.0},{"not_picked":["Gatherer:RottenStipe","DTMod:QuickFly","bard:EchoEcho+1","Comet"],"picked":"Singing Bowl","floor":45.0},{"not_picked":["Worship+1","Ricochet","WitchLeyline+1"],"picked":"bard:Sift+1","floor":48},{"not_picked":["Blasphemy","blackbeard:Sharpening","Deadline"],"picked":"Raptor_Form+1","floor":54}],"player_experience":2259039,"relics_obtained":[{"floor":6.0,"key":"reliquary:WeakTea"},{"floor":9.0,"key":"aspiration:FetidBarrel"},{"floor":11.0,"key":"strawberrySpire:ThornyGelberry"},{"floor":13.0,"key":"Lantern"},{"floor":18.0,"key":"reliquary:WeakTea"},{"floor":22.0,"key":"Enchiridion"},{"floor":24.0,"key":"Potion Belt"},{"floor":26.0,"key":"reliquary:IridiumChain"},{"floor":27.0,"key":"potionbrewer:ToyAutogyro"},{"floor":28.0,"key":"GodSword4"},{"floor":29.0,"key":"Enchiridion"},{"floor":30.0,"key":"Prayer Wheel"},{"floor":38.0,"key":"reliquary:IridiumChain"},{"floor":40.0,"key":"Singing Bowl"},{"floor":42.0,"key":"reliquary:Knoch"},{"floor":48,"key":"Whetstone"},{"floor":54,"key":"ClockworkSouvenir"},{"floor":54,"key":"FossilizedHelix"}],"event_choices":[{"damage_healed":0.0,"max_hp_gain":0.0,"max_hp_loss":2.0,"gold_gain":0.0,"event_name":"Menagerie:ShimmeringGrove","player_choice":"Enter","floor":2.0,"gold_loss":0.0,"damage_taken":0.0,"relics_obtained":["PrismaticShard"]},{"damage_healed":0.0,"max_hp_gain":0.0,"max_hp_loss":3.0,"gold_gain":0.0,"event_name":"Menagerie:BeastSpiritShrine","player_choice":"Knelt","floor":7.0,"gold_loss":0.0,"damage_taken":0.0,"cards_obtained":["Menagerie:BeastSpirit"]},{"damage_healed":0.0,"max_hp_gain":0.0,"max_hp_loss":0.0,"gold_gain":0.0,"event_name":"Cursed Tome","player_choice":"Obtained Book","floor":22.0,"gold_loss":0.0,"damage_taken":16.0}],"is_beta":false,"boss_relics":[{"not_picked":["Black Star","RobotSpaceExplorer:SearchSpecs"],"picked":"AddBug"},{"not_picked":["Coffee Dripper","Empty Cage"],"picked":"aspiration:MarisaSkillbook"}],"items_purged_floors":[],"is_endless":false,"potions_floor_spawned":[1,11,13,14,16,24,30,33,35,38,41],"ascension_level":9}}