{"host":"z4nt7tdd4gjrinn7","time":1613512782,"event":{"mods":["100% Spire Juice","BaseMod","Minty Spire (QoL Compilation)","StS++","StSLib","The Hierophant"],"gold_per_floor":[110,127,127,146,156,156,156,156,233,263,114,114,114,128,128,223,223,241,276,286,286,286,286,303,303,303,42,42,56,75,75,75],"floor_reached":31,"language":"ENG","playtime":13710,"items_purged":[],"score":235,"play_id":"2261546c-61e2-42a5-9b02-4692b7fab549","local_time":"20210216165942","is_ascension_mode":false,"campfire_choices":[{"floor":6,"key":"REST"},{"data":"Capacitor","floor":8,"key":"SMITH"},{"floor":12,"key":"REST"},{"data":"Storm","floor":15,"key":"SMITH"},{"floor":23,"key":"REST"},{"floor":25,"key":"REST"}],"circlet_count":0,"master_deck":["Strike_B+1","Strike_B","Strike_B","Strike_B+1","Defend_B","Defend_B","Defend_B","Defend_B","Zap","Dualcast","Storm+1","Redo","Doom and Gloom","Capacitor+1","White Noise","Barrage","Buffer+1","Barrage+1","Leap+1","Beam Cell","White Noise","Tempest+1","Redo"],"relics":["Cracked Core","Whetstone","Lantern","Frozen Egg 2","Strawberry","Toy Ornithopter","SlaversCollar","Red Mask","StSpp:PetrifiedCaterpillar","Bottled Flame"],"acts_visited":["Exordium","TheCity"],"potions_floor_usage":[10,19,20,20,24,30],"damage_taken":[{"damage":2,"enemies":"Small Slimes","floor":1,"turns":2},{"damage":6,"enemies":"Jaw Worm","floor":2,"turns":2},{"damage":5,"enemies":"2 Louse","floor":4,"turns":2},{"damage":6,"enemies":"Exordium Wildlife","floor":5,"turns":5},{"damage":22,"enemies":"3 Sentries","floor":10,"turns":4},{"damage":0,"enemies":"Large Slime","floor":14,"turns":3},{"damage":68,"enemies":"The Guardian","floor":16,"turns":11},{"damage":15,"enemies":"Chosen","floor":18,"turns":5},{"damage":59,"enemies":"Masked Bandits","floor":19,"turns":4},{"damage":0,"enemies":"Spheric Guardian","floor":20,"turns":4},{"damage":4,"enemies":"Centurion and Healer","floor":24,"turns":5},{"damage":36,"enemies":"Cultist and Chosen","floor":29,"turns":5},{"damage":31,"enemies":"Shelled Parasite and Fungi","floor":30,"turns":5},{"damage":10,"enemies":"Snake Plant","floor":31,"turns":1}],"seed_played":"5010383959758892941","potions_obtained":[{"floor":1,"key":"Ancient Potion"},{"floor":2,"key":"PotionOfCapacity"},{"floor":4,"key":"CultistPotion"},{"floor":16,"key":"DuplicationPotion"},{"floor":18,"key":"Explosive Potion"},{"floor":20,"key":"Energy Potion"},{"floor":29,"key":"SkillPotion"}],"is_trial":false,"path_per_floor":["M","M","$","M","M","R","?","R","T","E","$","R","$","M","R","B",null,"M","?","M","?","?","R","M","R","T","$","?","M","M","M"],"character_chosen":"DEFECT","items_purchased":["Toy Ornithopter","Bottled Flame"],"campfire_rested":4,"item_purchase_floors":[11,27],"current_hp_per_floor":[73,67,67,62,56,75,72,72,72,57,57,81,81,81,81,13,82,67,13,23,23,23,47,48,72,72,72,72,36,10,0,0],"gold":75,"neow_bonus":"RANDOM_COMMON_RELIC","is_daily":false,"chose_seed":false,"campfire_upgraded":2,"win_rate":0.0,"timestamp":1613512782,"path_taken":["M","M","$","M","M","R","?","R","T","E","$","R","$","M","R","BOSS","M","?","M","?","?","R","M","R","T","$","?","?","M","M"],"items_purchased_type":["Relic","Relic"],"build_version":"2020-12-22","purchased_purges":0,"victory":false,"max_hp_per_floor":[75,75,75,75,75,75,75,75,75,82,82,82,82,82,82,82,82,82,82,82,82,82,82,82,82,82,82,82,82,82,82,82],"card_choices":[{"not_picked":["Steam Power","Steam"],"picked":"Storm","floor":1},{"not_picked":["Hello World","Hologram"],"picked":"Redo","floor":2},{"not_picked":["Sweeping Beam","Skim"],"picked":"Doom and Gloom","floor":4},{"not_picked":["Redo","Sweeping Beam"],"picked":"Capacitor","floor":5},{"not_picked":["Compile Driver","Barrage"],"picked":"White Noise","floor":10},{"not_picked":["Coolheaded","Amplify"],"picked":"Barrage","floor":14},{"not_picked":["Seek","StSpp:CopyPaste"],"picked":"Buffer+1","floor":16},{"not_picked":["Hologram+1","Skim"],"picked":"Barrage+1","floor":18},{"not_picked":["Coolheaded+1","Streamline"],"picked":"Leap+1","floor":19},{"not_picked":["Streamline+1","Compile Driver"],"picked":"Beam Cell","floor":20},{"not_picked":["StSpp:Mask","Leap"],"picked":"White Noise","floor":24},{"not_picked":["StSpp:CopyPaste","Turbo"],"picked":"Tempest+1","floor":29},{"not_picked":["Go for the Eyes","Capacitor+1"],"picked":"Redo","floor":30}],"player_experience":187206,"relics_obtained":[{"floor":9,"key":"Frozen Egg 2"},{"floor":10,"key":"Strawberry"},{"floor":19,"key":"Red Mask"},{"floor":26,"key":"StSpp:PetrifiedCaterpillar"}],"event_choices":[{"damage_healed":0,"gold_gain":0,"player_choice":"Success","damage_taken":3,"relics_obtained":["Lantern"],"max_hp_gain":0,"max_hp_loss":0,"event_name":"Scrap Ooze","floor":7,"gold_loss":0},{"damage_healed":0,"gold_gain":0,"player_choice":"Fought Bandits","damage_taken":0,"max_hp_gain":0,"max_hp_loss":0,"event_name":"Masked Bandits","floor":19,"gold_loss":0},{"damage_healed":0,"gold_gain":0,"player_choice":"Ignored","damage_taken":0,"max_hp_gain":0,"max_hp_loss":0,"event_name":"Ghosts","floor":21,"gold_loss":0},{"damage_healed":0,"gold_gain":0,"player_choice":"Ignored","damage_taken":0,"max_hp_gain":0,"max_hp_loss":0,"event_name":"Cursed Tome","floor":22,"gold_loss":0}],"is_beta":false,"boss_relics":[{"not_picked":["Astrolabe","Cursed Key"],"picked":"SlaversCollar"}],"items_purged_floors":[],"is_endless":false,"potions_floor_spawned":[1,2,4,16,18,20,29],"killed_by":"Snake Plant","ascension_level":0}}