{"host":"sphpv8i47evyqkcv","time":1613479268,"event":{"mods":["AchievementEnabler","Act Like it!","Aspiration","BaseMod","Colored Powertips","Custom Start","Downfall","Minty Spire (QoL Compilation)","Quick Restart","Remove Card Discount Mod","Replay The Spire","Shop Mod","Spicy Shops","StSLib","Transform Curses"],"gold_per_floor":[110,285,2,2,20,20,46,46,46,46,46,73,92,108,108,203,203,214,214,214,232,72,107,107,107,107,136,156,156,28,48,48,150,150,163,223,177,223,6,6,26,26,53,53,53,53,80,93,93,93],"floor_reached":51,"language":"ZHS","playtime":1880,"items_purged":["Doubt","Strike_G","Strike_G","Strike_G","Strike_G","Strike_G"],"score":617,"play_id":"66433032-b85f-4c41-9b1e-9d58f988855e","local_time":"20210216084108","is_ascension_mode":false,"campfire_choices":[{"data":"Neutralize","floor":6.0,"key":"SMITH"},{"data":"Backflip","floor":8.0,"key":"SMITH"},{"data":"Survivor","floor":15.0,"key":"SMITH"},{"data":"Footwork","floor":25.0,"key":"SMITH"},{"floor":32.0,"key":"REST"},{"floor":40.0,"key":"REST"},{"floor":45.0,"key":"REST"},{"floor":49.0,"key":"REST"}],"circlet_count":0,"master_deck":["Defend_G+1","Defend_G","Defend_G+1","Defend_G","Defend_G","Survivor+1","Neutralize+1","Dagger Throw","Poisoned Stab+1","Footwork+1","Backflip+1","Dagger Spray+1","Infinite Blades","Burst","Choke+1","Blade Dance","Riddle With Holes+1","After Image","Escape Plan+1","Acrobatics+1","ReplayTheSpireMod:Scrap Shanks","Slice+1","Hidden Blade","Panache","Terror+1","Finesse","Backflip+1"],"relics":["Ring of the Snake","NeowsBlessing","Shuriken","Simple Rune","ReplayTheSpireMod:Ring of Exchange","Vajra","TheAbacus","Nloth\u0027s Gift","Omamori","Mercury Hourglass","MutagenicStrength","MerchantsRug","ClockworkSouvenir","ReplayTheSpireMod:Lightbulb","Torii","aspiration:VileToxins","Replay:Rubber Ducky"],"acts_visited":["Exordium","TheCity","TheBeyond"],"potions_floor_usage":[50,50],"damage_taken":[{"damage":0.0,"enemies":"Jaw Worm","floor":1.0,"turns":1.0},{"damage":0.0,"enemies":"Small Slimes","floor":5.0,"turns":1.0},{"damage":0.0,"enemies":"3 Sentries","floor":7.0,"turns":1.0},{"damage":25.0,"enemies":"Lagavulin","floor":12.0,"turns":7.0},{"damage":3.0,"enemies":"2 Louse","floor":13.0,"turns":2.0},{"damage":0.0,"enemies":"Exordium Thugs","floor":14.0,"turns":4.0},{"damage":23.0,"enemies":"Fading Forest","floor":16.0,"turns":11.0},{"damage":9.0,"enemies":"Shell Parasite","floor":18.0,"turns":4.0},{"damage":10.0,"enemies":"Spheric Guardian","floor":21.0,"turns":3.0},{"damage":0.0,"enemies":"Replay:Snechameleon","floor":23.0,"turns":8.0},{"damage":20.0,"enemies":"Book of Stabbing","floor":27.0,"turns":6.0},{"damage":0.0,"enemies":"Cultist and Chosen","floor":28.0,"turns":3.0},{"damage":7.0,"enemies":"Snake Plant","floor":31.0,"turns":4.0},{"damage":46.0,"enemies":"Champ","floor":33.0,"turns":9.0},{"damage":15.0,"enemies":"3 Darklings","floor":35.0,"turns":3.0},{"damage":43.0,"enemies":"2 Orb Walkers","floor":38.0,"turns":5.0},{"damage":8.0,"enemies":"Orb Walker","floor":41.0,"turns":4.0},{"damage":24.0,"enemies":"R_Hoarder","floor":47.0,"turns":6.0},{"damage":0.0,"enemies":"3 Darklings","floor":48.0,"turns":4.0},{"damage":55,"enemies":"Replay:Hell Engine","floor":50,"turns":13}],"seed_played":"-5584819240490843759","potions_obtained":[{"floor":1.0,"key":"Ancient Potion"},{"floor":5.0,"key":"Regen Potion"},{"floor":14.0,"key":"champ:CounterPotion"},{"floor":21.0,"key":"Fire Potion"},{"floor":23.0,"key":"Regen Potion"},{"floor":28.0,"key":"SteroidPotion"},{"floor":31.0,"key":"Strength Potion"},{"floor":36.0,"key":"GamblersBrew"},{"floor":36.0,"key":"DuplicationPotion"},{"floor":38.0,"key":"DuplicationPotion"},{"floor":48.0,"key":"Toxic Potion"}],"is_trial":false,"path_per_floor":["M","?","$","?","M","R","E","R","T","?","?","E","M","M","R","B",null,"M","?","?","M","$","E","?","R","T","E","M","?","$","M","R","B",null,"M","?","$","?","$","R","M","?","T","?","R","?","E","M","R","B",null],"character_chosen":"THE_SILENT","items_purchased":["Shuriken","Poisoned Stab","Whetstone","MerchantsRug","ReplayTheSpireMod:Scrap Shanks","Hidden Blade","Panache"],"campfire_rested":4,"item_purchase_floors":[3,3,22,30,37,39,39],"current_hp_per_floor":[70,70,70,70,70,70,70,70,70,70,70,45,42,42,42,34,70,61,61,61,51,51,61,61,61,61,56,56,56,56,49,73,27,80,65,65,65,22,22,46,38,38,38,38,62,80,56,56,80,25],"gold":93,"neow_bonus":"THREE_ENEMY_KILL","is_daily":false,"chose_seed":false,"campfire_upgraded":4,"win_rate":0.0,"timestamp":1613479268,"path_taken":["M","?","$","?","M","R","E","R","T","?","?","E","M","M","R","BOSS","M","?","?","?","$","E","?","R","T","E","M","?","$","M","R","BOSS","M","?","$","?","$","R","M","?","T","?","R","?","E","M","R","BOSS"],"items_purchased_type":["Relic","Card","Relic","Relic","Card","Card","Card"],"build_version":"2020-12-22","purchased_purges":6,"victory":true,"max_hp_per_floor":[70,70,70,70,70,70,70,70,70,70,70,70,70,70,70,70,70,70,70,70,70,70,80,80,80,80,80,80,80,80,80,80,80,80,80,80,80,80,80,80,80,80,80,80,80,80,80,80,80,80],"card_choices":[{"not_picked":["Fluid Movement","Underhanded Strike"],"picked":"Dagger Throw","floor":1.0},{"not_picked":["Riddle With Holes","Prepared"],"picked":"Footwork","floor":5.0},{"not_picked":["ReplayTheSpireMod:Tripwire","ReplayTheSpireMod:Exploit Weakness"],"picked":"Backflip","floor":7.0},{"not_picked":["Hidden Blade","ReplayTheSpireMod:Necrosis"],"picked":"Unload","floor":12.0},{"not_picked":["Deadly Poison","Dash"],"picked":"Dagger Spray","floor":13.0},{"not_picked":["PiercingWail","All Out Attack"],"picked":"Infinite Blades","floor":14.0},{"not_picked":["Night Terror","Poison Darts"],"picked":"Burst","floor":16.0},{"not_picked":["ReplayTheSpireMod:Speed Training","Deadly Poison","ReplayTheSpireMod:Exploit Weakness"],"picked":"SKIP","floor":18.0},{"not_picked":["Prepared","Quick Slash"],"picked":"Choke","floor":21.0},{"not_picked":["Heel Hook","Sneak Up+1","Poison Darts"],"picked":"SKIP","floor":23.0},{"not_picked":["Atom Bomb","Catalyst"],"picked":"Blade Dance","floor":27.0},{"not_picked":["Quick Slash","Deflect","Deadly Poison"],"picked":"SKIP","floor":28.0},{"not_picked":["Slice","Hidden Blade"],"picked":"Riddle With Holes+1","floor":31.0},{"not_picked":["Bullet Time","Adrenaline"],"picked":"After Image","floor":33.0},{"not_picked":["ReplayTheSpireMod:The Works","Deadly Poison"],"picked":"Escape Plan+1","floor":35.0},{"not_picked":["Poisoned Stab+1","Flying Knee"],"picked":"Acrobatics+1","floor":36.0},{"not_picked":["Poisoned Stab","Atom Bomb"],"picked":"Slice+1","floor":38.0},{"not_picked":["Slice","Footwork"],"picked":"Terror+1","floor":41.0},{"not_picked":["Replay:Sssssssssshield","Secret Weapon"],"picked":"Finesse","floor":44.0},{"not_picked":["Catalyst","Outmaneuver"],"picked":"Backflip+1","floor":47.0},{"not_picked":["Dagger Spray","Sneak Up","Prepared+1"],"picked":"SKIP","floor":48.0}],"player_experience":22261,"relics_obtained":[{"floor":7.0,"key":"Dream Catcher"},{"floor":9.0,"key":"Simple Rune"},{"floor":11.0,"key":"ReplayTheSpireMod:Ring of Exchange"},{"floor":12.0,"key":"Vajra"},{"floor":23.0,"key":"Pear"},{"floor":26.0,"key":"Omamori"},{"floor":27.0,"key":"Mercury Hourglass"},{"floor":36.0,"key":"ReplayTheSpireMod:Lightbulb"},{"floor":38.0,"key":"Torii"},{"floor":43.0,"key":"aspiration:VileToxins"},{"floor":47.0,"key":"Replay:Rubber Ducky"}],"event_choices":[{"damage_healed":0.0,"max_hp_gain":0.0,"max_hp_loss":0.0,"gold_gain":175.0,"event_name":"Liars Game","player_choice":"AGREE","floor":2.0,"gold_loss":0.0,"damage_taken":0.0,"cards_obtained":["Doubt"]},{"damage_healed":0.0,"max_hp_gain":0.0,"max_hp_loss":0.0,"gold_gain":0.0,"event_name":"The Cleric","player_choice":"Leave","floor":10.0,"gold_loss":0.0,"damage_taken":0.0},{"cards_removed":["Amnesia"],"damage_healed":0.0,"max_hp_gain":0.0,"max_hp_loss":0.0,"gold_gain":0.0,"event_name":"Back to Basics","player_choice":"Elegance","floor":19.0,"gold_loss":0.0,"damage_taken":0.0},{"damage_healed":0.0,"max_hp_gain":0.0,"max_hp_loss":0.0,"gold_gain":0.0,"event_name":"N\u0027loth","player_choice":"Traded Relic","floor":20.0,"relics_lost":["Dream Catcher"],"gold_loss":0.0,"damage_taken":0.0,"relics_obtained":["Nloth\u0027s Gift"]},{"damage_healed":0.0,"max_hp_gain":0.0,"max_hp_loss":0.0,"gold_gain":0.0,"event_name":"Vampires","player_choice":"Ignored","floor":24.0,"gold_loss":0.0,"damage_taken":0.0},{"damage_healed":0.0,"max_hp_gain":0.0,"max_hp_loss":0.0,"gold_gain":0.0,"event_name":"Drug Dealer","player_choice":"Inject Mutagens","floor":29.0,"gold_loss":0.0,"damage_taken":0.0,"relics_obtained":["MutagenicStrength"]},{"damage_healed":0.0,"max_hp_gain":0.0,"max_hp_loss":0.0,"gold_gain":0.0,"event_name":"Mysterious Sphere","player_choice":"Fight","floor":38.0,"gold_loss":0.0,"damage_taken":0.0},{"cards_removed":["Unload"],"damage_healed":0.0,"max_hp_gain":0.0,"max_hp_loss":0.0,"gold_gain":0.0,"event_name":"Falling","player_choice":"Removed Attack","floor":42.0,"gold_loss":0.0,"damage_taken":0.0},{"damage_healed":0.0,"max_hp_gain":0.0,"max_hp_loss":0.0,"gold_gain":0.0,"event_name":"SensoryStone","player_choice":"Memory 1","floor":44.0,"gold_loss":0.0,"damage_taken":0.0},{"damage_healed":20.0,"max_hp_gain":0.0,"max_hp_loss":0.0,"gold_gain":0.0,"event_name":"Winding Halls","player_choice":"Writhe","floor":46.0,"gold_loss":0.0,"damage_taken":0.0,"cards_obtained":["Writhe"]}],"is_beta":false,"boss_relics":[{"not_picked":["Fusion Hammer","Chemical X"],"picked":"TheAbacus"},{"not_picked":["Cursed Key","Medical Kit"],"picked":"ClockworkSouvenir"}],"items_purged_floors":[3,22,22,22,22,22],"is_endless":false,"potions_floor_spawned":[1,5,14,21,23,28,31,38,48],"ascension_level":0}}