{"host":"xjj3c712op3vq4z0","time":1613472705,"event":{"mods":["BaseMod","Challenge The Spire","Curses Come First","Highlight Path","Minty Spire (QoL Compilation)","Permanent Neow","Quick Restart","Relic Stats","StSLib"],"gold_per_floor":[114,114,130,145,216,241,241,271,271,271,283,318,339,370,370,458,467,496,496,521,521,371,371,407,428,428,428,45,76,104,139,139,223,223,254,187,187,220,220,246,281,281,281,301,328,9,9,46,46,46,46],"floor_reached":52,"language":"ENG","playtime":3616,"items_purged":["Strike_R","Strike_R"],"score":2015,"play_id":"2952c33e-9818-4997-8f6d-d24fec486da6","local_time":"20210216115145","is_ascension_mode":true,"campfire_choices":[{"floor":7.0,"key":"REST"},{"floor":10.0,"key":"REST"},{"floor":15.0,"key":"REST"},{"floor":23.0,"key":"REST"},{"data":"Armaments","floor":27.0,"key":"SMITH"},{"data":"Shockwave","floor":32.0,"key":"SMITH"},{"data":"Disarm","floor":42.0,"key":"SMITH"},{"data":"Panache","floor":47,"key":"SMITH"},{"data":"Dark Embrace","floor":49,"key":"SMITH"}],"circlet_count":0,"master_deck":["AscendersBane","Strike_R","Strike_R","Defend_R","Defend_R","Defend_R","Defend_R","Bash","Feel No Pain","Armaments+1","Dark Embrace+1","Clothesline","Intimidate","Disarm+1","Sentinel","Fire Breathing","Spot Weakness","Infernal Blade","Feed","Shockwave+1","Exhume","CurseOfTheBell","Second Wind","Warcry","Fire Breathing","Disarm","True Grit","Carnage+1","Shockwave","Master of Strategy","Shrug It Off","Reaper+1","Twin Strike+1","Uppercut+1","Battle Trance+1","Entrench+1","Pommel Strike+1","Evolve+1","Jack Of All Trades","Panache+1","Finesse","Feel No Pain","True Grit+1","True Grit+1","Power Through+1"],"relics":["Sozu","Sundial","Prayer Wheel","TungstenRod","CeramicFish","Calling Bell","Charon\u0027s Ashes","Matryoshka","Regal Pillow","HornCleat","PreservedInsect","Toy Ornithopter","Membership Card","Happy Flower","Molten Egg 2","The Courier","Coffee Dripper","Strange Spoon","Orichalcum","Strawberry","Boot","Lee\u0027s Waffle","Meat on the Bone","Toxic Egg 2","Gremlin Horn"],"acts_visited":["Exordium","TheCity","TheBeyond"],"potions_floor_usage":[],"damage_taken":[{"damage":6.0,"enemies":"2 Louse","floor":1.0,"turns":3.0},{"damage":14.0,"enemies":"Jaw Worm","floor":3.0,"turns":4.0},{"damage":2.0,"enemies":"Cultist","floor":4.0,"turns":4.0},{"damage":39.0,"enemies":"Gremlin Nob","floor":6.0,"turns":5.0},{"damage":19.0,"enemies":"Lagavulin","floor":8.0,"turns":7.0},{"damage":11.0,"enemies":"Lots of Slimes","floor":11.0,"turns":6.0},{"damage":15.0,"enemies":"3 Sentries","floor":12.0,"turns":6.0},{"damage":5.0,"enemies":"3 Louse","floor":13.0,"turns":5.0},{"damage":0.0,"enemies":"Looter","floor":14.0,"turns":3.0},{"damage":21.0,"enemies":"The Guardian","floor":16.0,"turns":14.0},{"damage":10.0,"enemies":"Chosen","floor":18.0,"turns":5.0},{"damage":26.0,"enemies":"Spheric Guardian","floor":20.0,"turns":4.0},{"damage":5.0,"enemies":"Shelled Parasite and Fungi","floor":24.0,"turns":8.0},{"damage":8.0,"enemies":"Cultist and Chosen","floor":25.0,"turns":6.0},{"damage":10.0,"enemies":"Book of Stabbing","floor":29.0,"turns":6.0},{"damage":6.0,"enemies":"Snake Plant","floor":30.0,"turns":8.0},{"damage":0.0,"enemies":"Slavers","floor":31.0,"turns":6.0},{"damage":38.0,"enemies":"Champ","floor":33.0,"turns":18.0},{"damage":14.0,"enemies":"3 Darklings","floor":35.0,"turns":4.0},{"damage":6.0,"enemies":"Orb Walker","floor":38.0,"turns":4.0},{"damage":19.0,"enemies":"Sphere and 2 Shapes","floor":40.0,"turns":4.0},{"damage":19.0,"enemies":"Giant Head","floor":41.0,"turns":6.0},{"damage":10.0,"enemies":"Maw","floor":44.0,"turns":8.0},{"damage":22,"enemies":"Nemesis","floor":48,"turns":7},{"damage":87,"enemies":"Time Eater","floor":50,"turns":14},{"damage":86,"enemies":"Awakened One","floor":51,"turns":15}],"seed_played":"-5545318337269129996","potions_obtained":[],"is_trial":false,"path_per_floor":["M","?","M","M","?","E","R","E","T","R","M","E","M","M","R","B",null,"M","?","M","?","$","R","M","M","T","R","$","E","M","E","R","B",null,"M","$","$","M","$","M","E","R","T","M","?","$","R","E","R","B","B",null],"character_chosen":"IRONCLAD","items_purchased":["Disarm","Membership Card","Happy Flower","Master of Strategy","Strange Spoon","Lee\u0027s Waffle","Feel No Pain","Meat on the Bone","Toxic Egg 2","True Grit+1","True Grit+1"],"campfire_rested":4,"item_purchase_floors":[22,28,28,28,36,46,46,46,46,46,46],"current_hp_per_floor":[62,62,48,46,46,7,29,10,10,32,21,6,1,1,23,2,57,47,47,21,21,21,58,56,48,48,48,48,41,39,42,42,4,67,88,88,88,88,88,72,69,69,76,74,65,111,111,89,89,41,22],"gold":46,"neow_bonus":"BOSS_RELIC","is_daily":false,"chose_seed":false,"campfire_upgraded":5,"win_rate":0.0,"timestamp":1613472705,"path_taken":["M","?","M","M","?","E","R","E","T","R","M","E","M","M","R","BOSS","M","?","M","?","$","R","?","M","T","R","$","E","M","E","R","BOSS","M","?","$","M","$","M","E","R","T","?","?","$","R","E","R","BOSS","BOSS"],"items_purchased_type":["Card","Relic","Relic","Card","Relic","Relic","Card","Relic","Relic","Card","Card"],"build_version":"2020-12-22","purchased_purges":2,"victory":true,"max_hp_per_floor":[75,75,75,75,75,75,75,75,75,75,75,75,75,75,75,75,75,75,75,75,75,75,75,78,78,78,78,78,81,85,88,88,88,88,88,88,88,91,91,91,94,94,101,104,104,111,111,111,111,111,114],"relic_stats":{"Regal Pillow":15,"Lee\u0027s Waffle":46,"Happy Flower":[33],"Gremlin Horn":[3,3],"counters":[26,180],"CeramicFish":261,"Charon\u0027s Ashes":[588],"PreservedInsect":263,"Orichalcum":[36],"Boot":[21],"Sozu":8,"Strange Spoon":[48],"Sundial":[20],"Prayer Wheel":12,"obtain_stats":[{"Regal Pillow":17,"Gremlin Horn":48,"CeramicFish":12,"Boot":43,"Burning Blood":0,"Sozu":0,"Matryoshka":17,"HornCleat":21,"Sundial":6,"Strawberry":43,"Prayer Wheel":8,"Toxic Egg 2":46,"Lee\u0027s Waffle":46,"Happy Flower":28,"Charon\u0027s Ashes":17,"PreservedInsect":26,"The Courier":31,"Orichalcum":41,"Calling Bell":17,"Strange Spoon":36,"Molten Egg 2":29,"Coffee Dripper":34,"Membership Card":28,"TungstenRod":9,"Toy Ornithopter":26,"Meat on the Bone":46},{"Regal Pillow":10,"Gremlin Horn":24,"CeramicFish":7,"Boot":22,"Burning Blood":0,"Sozu":0,"Matryoshka":10,"HornCleat":12,"Sundial":4,"Strawberry":22,"Prayer Wheel":5,"Toxic Egg 2":23,"Lee\u0027s Waffle":23,"Happy Flower":14,"Charon\u0027s Ashes":10,"PreservedInsect":14,"The Courier":17,"Orichalcum":22,"Calling Bell":10,"Strange Spoon":19,"Molten Egg 2":15,"Coffee Dripper":18,"Membership Card":14,"TungstenRod":5,"Toy Ornithopter":14,"Meat on the Bone":23},{"Regal Pillow":57,"Gremlin Horn":151,"CeramicFish":35,"Boot":136,"Burning Blood":0,"Sozu":0,"Matryoshka":57,"HornCleat":66,"Sundial":16,"Strawberry":136,"Prayer Wheel":23,"Toxic Egg 2":144,"Lee\u0027s Waffle":144,"Happy Flower":80,"Charon\u0027s Ashes":57,"PreservedInsect":80,"The Courier":100,"Orichalcum":136,"Calling Bell":57,"Strange Spoon":122,"Molten Egg 2":86,"Coffee Dripper":118,"Membership Card":80,"TungstenRod":23,"Toy Ornithopter":80,"Meat on the Bone":144}],"TungstenRod":86,"Toy Ornithopter":0,"Meat on the Bone":24},"card_choices":[{"not_picked":["Clothesline","Second Wind"],"picked":"Feel No Pain","floor":1.0},{"not_picked":["Anger","True Grit"],"picked":"Dark Embrace","floor":3.0},{"not_picked":["Flex","Clash"],"picked":"Clothesline","floor":4.0},{"not_picked":["Clash","Sword Boomerang"],"picked":"Intimidate","floor":6.0},{"not_picked":["Seeing Red","Anger"],"picked":"Disarm","floor":8.0},{"not_picked":["Warcry","Wild Strike"],"picked":"Sentinel","floor":11.0},{"not_picked":["Perfected Strike","Sentinel"],"picked":"Fire Breathing","floor":11.0},{"not_picked":["Thunderclap","Blood for Blood"],"picked":"Spot Weakness","floor":12.0},{"not_picked":["Armaments","Clothesline"],"picked":"Infernal Blade","floor":13.0},{"not_picked":["Dark Embrace","Body Slam","Headbutt"],"picked":"SKIP","floor":13.0},{"not_picked":["Pommel Strike","Clash"],"picked":"Feed","floor":14.0},{"not_picked":["Perfected Strike","Armaments"],"picked":"Shockwave","floor":14.0},{"not_picked":["Feed","Fiend Fire"],"picked":"Exhume","floor":16.0},{"not_picked":["Infernal Blade","Body Slam"],"picked":"Second Wind","floor":18.0},{"not_picked":["Entrench","Heavy Blade"],"picked":"Warcry","floor":18.0},{"not_picked":["Blood for Blood","Clothesline"],"picked":"Fire Breathing","floor":20.0},{"not_picked":["True Grit","Rampage","Second Wind"],"picked":"SKIP","floor":20.0},{"not_picked":["Perfected Strike","Burning Pact+1"],"picked":"True Grit","floor":24.0},{"not_picked":["Shrug It Off","Power Through"],"picked":"Carnage+1","floor":24.0},{"not_picked":["Sword Boomerang","Entrench","Havoc"],"picked":"SKIP","floor":25.0},{"not_picked":["Clothesline","Shockwave","Anger"],"picked":"SKIP","floor":25.0},{"not_picked":["Clothesline","Anger"],"picked":"Shockwave","floor":25.0},{"not_picked":["Sword Boomerang","Entrench","Havoc"],"picked":"SKIP","floor":25.0},{"not_picked":["Sword Boomerang+1","Thunderclap+1","Entrench"],"picked":"SKIP","floor":29.0},{"not_picked":["Entrench","Evolve"],"picked":"Shrug It Off","floor":30.0},{"not_picked":["Inflame","Blood for Blood+1","Iron Wave+1"],"picked":"SKIP","floor":30.0},{"not_picked":["Hemokinesis+1","Double Tap","Thunderclap+1"],"picked":"SKIP","floor":31.0},{"not_picked":["Offering","Limit Break"],"picked":"Reaper+1","floor":33.0},{"not_picked":["Clothesline+1","Armaments"],"picked":"Twin Strike+1","floor":35.0},{"not_picked":["Rupture","Pummel+1"],"picked":"Uppercut+1","floor":35.0},{"not_picked":["Body Slam+1","Pommel Strike+1"],"picked":"Battle Trance+1","floor":38.0},{"not_picked":["Clothesline+1","Dropkick+1"],"picked":"Entrench+1","floor":38.0},{"not_picked":["Spot Weakness","Warcry"],"picked":"Pommel Strike+1","floor":40.0},{"not_picked":["Heavy Blade+1","Headbutt+1","Hemokinesis+1"],"picked":"SKIP","floor":40.0},{"not_picked":["Cleave+1","Armaments"],"picked":"Evolve+1","floor":41.0},{"not_picked":["Clothesline+1","Clash+1","Burning Pact"],"picked":"SKIP","floor":44.0},{"not_picked":["Iron Wave+1","Sword Boomerang+1","Cleave+1"],"picked":"SKIP","floor":44.0},{"not_picked":["Trip","Deep Breath"],"picked":"Jack Of All Trades","floor":45.0},{"not_picked":["Secret Technique","PanicButton"],"picked":"Panache","floor":45.0},{"not_picked":["Bandage Up","Chrysalis"],"picked":"Finesse","floor":45.0},{"not_picked":["Carnage+1","True Grit+1"],"picked":"Power Through+1","floor":48}],"player_experience":651898,"relics_obtained":[{"floor":6.0,"key":"Sundial"},{"floor":8.0,"key":"Prayer Wheel"},{"floor":9.0,"key":"TungstenRod"},{"floor":12.0,"key":"CeramicFish"},{"floor":17.0,"key":"Charon\u0027s Ashes"},{"floor":17.0,"key":"Matryoshka"},{"floor":17.0,"key":"Regal Pillow"},{"floor":21.0,"key":"HornCleat"},{"floor":26.0,"key":"PreservedInsect"},{"floor":26.0,"key":"Toy Ornithopter"},{"floor":29.0,"key":"Molten Egg 2"},{"floor":31.0,"key":"The Courier"},{"floor":41.0,"key":"Orichalcum"},{"floor":43.0,"key":"Strawberry"},{"floor":43.0,"key":"Boot"},{"floor":48,"key":"Gremlin Horn"}],"event_choices":[{"damage_healed":0.0,"max_hp_gain":0.0,"max_hp_loss":0.0,"gold_gain":0.0,"cards_transformed":["Strike_R"],"event_name":"Living Wall","player_choice":"Change","floor":2.0,"gold_loss":0.0,"damage_taken":0.0,"cards_obtained":["Armaments"]},{"damage_healed":0.0,"max_hp_gain":0.0,"max_hp_loss":0.0,"gold_gain":71.0,"event_name":"Golden Wing","player_choice":"Gained Gold","floor":5.0,"gold_loss":0.0,"damage_taken":0.0},{"damage_healed":0.0,"max_hp_gain":0.0,"max_hp_loss":0.0,"gold_gain":0.0,"event_name":"Vampires","player_choice":"Ignored","floor":19.0,"gold_loss":0.0,"damage_taken":0.0},{"damage_healed":0.0,"max_hp_gain":0.0,"max_hp_loss":0.0,"gold_gain":0.0,"event_name":"Wheel of Change","player_choice":"Relic","floor":21.0,"gold_loss":0.0,"damage_taken":0.0},{"damage_healed":0.0,"max_hp_gain":0.0,"max_hp_loss":0.0,"gold_gain":0.0,"event_name":"SensoryStone","player_choice":"Memory 3","floor":45.0,"gold_loss":0.0,"damage_taken":10.0}],"is_beta":false,"boss_relics":[{"not_picked":["Fusion Hammer","SlaversCollar"],"picked":"Calling Bell"},{"not_picked":["SacredBark","Tiny House"],"picked":"Coffee Dripper"}],"items_purged_floors":[22,28],"is_endless":false,"potions_floor_spawned":[4,12,13,20,25,30,41,44],"ascension_level":20}}