{"host":"0mhttqdumuceah7q","time":1613487466,"event":{"mods":["AchievementEnabler","BaseMod","Colored Map","DeckTracker","Minty Spire (QoL Compilation)","Permanent Neow"],"gold_per_floor":[117,127,147,147,147,147,174,187,187,221,221,252,327,338,338,441,441,458,65,115,126,139,139,139,166,166,166,178,189,189,216,216,216,216],"floor_reached":33,"language":"KOR","playtime":1462,"items_purged":[],"score":376,"play_id":"722fbec1-19b3-4bd4-8276-ba5daa7e94bf","local_time":"20210216235746","is_ascension_mode":true,"campfire_choices":[{"data":"Feed","floor":6,"key":"SMITH"},{"data":"Havoc","floor":11,"key":"SMITH"},{"data":"Feel No Pain","floor":15,"key":"SMITH"},{"data":"Defend_R","floor":23,"key":"PURGE"},{"data":"Defend_R","floor":27,"key":"PURGE"},{"data":"Corruption","floor":32,"key":"SMITH"}],"circlet_count":0,"master_deck":["Strike_R","Strike_R","Strike_R","Strike_R","Defend_R","Defend_R","Bash","Feed+1","Pommel Strike","Sword Boomerang","Cleave","Feel No Pain+1","Fiend Fire","Inflame","Havoc+1","Cleave","Battle Trance","Corruption+1","Twin Strike","Jack Of All Trades","Burning Pact","True Grit+1","Writhe","Double Tap","Sever Soul","Bloodletting","Dark Embrace","Shockwave+1"],"relics":["Black Blood","Akabeko","Meat on the Bone","PreservedInsect","Bronze Scales","Torii","Peace Pipe","Matryoshka","The Courier","Bottled Flame","StrikeDummy"],"acts_visited":["Exordium","TheCity"],"potions_floor_usage":[10,12,22,25,28,31,33,33],"damage_taken":[{"damage":7,"enemies":"Jaw Worm","floor":1,"turns":3},{"damage":0,"enemies":"2 Louse","floor":2,"turns":2},{"damage":1,"enemies":"Cultist","floor":3,"turns":3},{"damage":32,"enemies":"Gremlin Nob","floor":7,"turns":4},{"damage":8,"enemies":"Blue Slaver","floor":8,"turns":2},{"damage":28,"enemies":"Lagavulin","floor":10,"turns":4},{"damage":14,"enemies":"3 Sentries","floor":12,"turns":4},{"damage":10,"enemies":"Large Slime","floor":14,"turns":4},{"damage":20,"enemies":"The Guardian","floor":16,"turns":9},{"damage":29,"enemies":"2 Thieves","floor":18,"turns":4},{"damage":45,"enemies":"Shell Parasite","floor":21,"turns":6},{"damage":13,"enemies":"Sentry and Sphere","floor":22,"turns":4},{"damage":20,"enemies":"Slavers","floor":25,"turns":2},{"damage":29,"enemies":"Centurion and Healer","floor":28,"turns":5},{"damage":41,"enemies":"Snake Plant","floor":29,"turns":3},{"damage":34,"enemies":"Gremlin Leader","floor":31,"turns":8},{"damage":66,"enemies":"Automaton","floor":33,"turns":6}],"seed_played":"1966331376482323645","potions_obtained":[{"floor":2,"key":"SkillPotion"},{"floor":3,"key":"Block Potion"},{"floor":14,"key":"LiquidBronze"},{"floor":18,"key":"DistilledChaos"},{"floor":21,"key":"Explosive Potion"},{"floor":22,"key":"DuplicationPotion"},{"floor":28,"key":"EssenceOfSteel"},{"floor":31,"key":"FearPotion"}],"is_trial":false,"path_per_floor":["M","M","M","?","?","R","E","M","T","E","R","E","?","M","R","B",null,"M","$","?","M","M","R","?","E","T","R","M","M","?","E","R","B"],"character_chosen":"IRONCLAD","items_purchased":["Peace Pipe","Jack Of All Trades"],"campfire_rested":0,"item_purchase_floors":[19,19],"current_hp_per_floor":[58,67,75,57,57,57,31,45,45,35,35,43,32,40,40,38,97,80,80,80,63,66,66,66,70,70,70,69,52,52,42,42,0,0],"gold":216,"neow_bonus":"THREE_RARE_CARDS","is_daily":false,"chose_seed":false,"campfire_upgraded":4,"win_rate":0.0,"timestamp":1613487466,"path_taken":["M","M","M","?","?","R","E","M","T","E","R","E","?","M","R","BOSS","M","$","?","M","?","R","?","E","T","R","M","M","?","E","R","BOSS"],"items_purchased_type":["Relic","Card"],"build_version":"2020-12-22","purchased_purges":0,"victory":false,"max_hp_per_floor":[83,86,89,89,89,89,89,93,93,93,93,97,97,97,97,97,97,97,97,97,101,105,105,105,105,105,105,109,109,109,109,109,109,109],"card_choices":[{"not_picked":["Exhume","Double Tap"],"picked":"Feed","floor":0},{"not_picked":["Flex","Combust"],"picked":"Pommel Strike","floor":1},{"not_picked":["Heavy Blade","Armaments"],"picked":"Sword Boomerang","floor":2},{"not_picked":["Shockwave","Battle Trance"],"picked":"Cleave","floor":3},{"not_picked":["Bloodletting","Dual Wield"],"picked":"Fiend Fire","floor":7},{"not_picked":["Bloodletting","Sword Boomerang"],"picked":"Inflame","floor":8},{"not_picked":["Headbutt","Rampage"],"picked":"Havoc","floor":10},{"not_picked":["Impervious","Flex"],"picked":"Cleave","floor":12},{"not_picked":["Shrug It Off","Heavy Blade"],"picked":"Battle Trance","floor":14},{"not_picked":["Limit Break","Feed"],"picked":"Corruption","floor":16},{"not_picked":["Inflame","Heavy Blade"],"picked":"Twin Strike","floor":18},{"not_picked":["Searing Blow+1","Wild Strike+1"],"picked":"Burning Pact","floor":21},{"not_picked":["Shockwave+1","Thunderclap+1"],"picked":"True Grit+1","floor":22},{"not_picked":["Heavy Blade","True Grit"],"picked":"Double Tap","floor":25},{"not_picked":["True Grit","Anger+1"],"picked":"Sever Soul","floor":28},{"not_picked":["Warcry","Flex"],"picked":"Bloodletting","floor":29},{"not_picked":["Barricade","Iron Wave"],"picked":"Shockwave+1","floor":31}],"player_experience":116990,"relics_obtained":[{"floor":7,"key":"Meat on the Bone"},{"floor":9,"key":"PreservedInsect"},{"floor":10,"key":"Bronze Scales"},{"floor":12,"key":"Torii"},{"floor":25,"key":"The Courier"},{"floor":26,"key":"Bottled Flame"},{"floor":31,"key":"StrikeDummy"}],"event_choices":[{"damage_healed":0,"gold_gain":0,"player_choice":"Success","damage_taken":18,"relics_obtained":["Akabeko"],"max_hp_gain":0,"max_hp_loss":0,"event_name":"Scrap Ooze","floor":4,"gold_loss":0},{"damage_healed":0,"gold_gain":0,"cards_transformed":["Strike_R"],"player_choice":"Change","damage_taken":0,"max_hp_gain":0,"max_hp_loss":0,"event_name":"Living Wall","floor":5,"gold_loss":0,"cards_obtained":["Feel No Pain"]},{"damage_healed":0,"gold_gain":75,"player_choice":"Gather Gold","damage_taken":11,"max_hp_gain":0,"max_hp_loss":0,"event_name":"World of Goop","floor":13,"gold_loss":0},{"damage_healed":0,"gold_gain":100,"player_choice":"Bet on Murderer","damage_taken":0,"max_hp_gain":0,"max_hp_loss":0,"event_name":"The Joust","floor":20,"gold_loss":50},{"damage_healed":0,"gold_gain":0,"player_choice":"Opened","damage_taken":0,"relics_obtained":["Matryoshka"],"max_hp_gain":0,"max_hp_loss":0,"event_name":"The Mausoleum","floor":24,"gold_loss":0,"cards_obtained":["Writhe"]},{"damage_healed":0,"gold_gain":0,"player_choice":"Read","damage_taken":0,"max_hp_gain":0,"max_hp_loss":0,"event_name":"The Library","floor":30,"gold_loss":0,"cards_obtained":["Dark Embrace"]}],"is_beta":false,"boss_relics":[{"not_picked":["Runic Pyramid","Coffee Dripper"],"picked":"Black Blood"}],"items_purged_floors":[],"is_endless":false,"potions_floor_spawned":[2,3,14,18,21,22,28,31],"killed_by":"Automaton","ascension_level":3}}