{"host":"bq8ii4ghyb2mkf8g","time":1613484615,"event":{"mods":["BaseMod","Colored Map","Minty Spire (QoL Compilation)","Quick Restart","Replay The Spire","StSLib"],"gold_per_floor":[113,38,127,27,127,156,156,176,176,176,192,221,60,70,70,175,175,175,175,175,175,25,25,25,25,25,25,25,25,25,25,25,25,25,25,25,25,25,25,25,25,25,25,25,25,25,25,25,25,25],"floor_reached":51,"language":"ZHS","playtime":3025,"items_purged":["Strike_G","Defend_G","Defend_G","Strike_G"],"score":1320,"play_id":"7f96ccbc-ce89-436f-80b0-742825a587ba","local_time":"20210216221015","is_ascension_mode":true,"campfire_choices":[{"data":"Reflex","floor":7.0,"key":"SMITH"},{"data":"Expertise","floor":10.0,"key":"SMITH"},{"data":"Acrobatics","floor":15.0,"key":"SMITH"},{"data":"After Image","floor":27.0,"key":"SMITH"},{"data":"Calculated Gamble","floor":32.0,"key":"SMITH"},{"data":"Neutralize","floor":40.0,"key":"SMITH"},{"floor":44.0,"key":"RECALL"},{"data":"Prepared","floor":49.0,"key":"SMITH"}],"circlet_count":0,"master_deck":["Defend_G","Defend_G","Defend_G","Survivor","Neutralize+1","Caltrops+1","Underhanded Strike+1","Eviscerate+1","Reflex+1","Backflip","Expertise+1","Acrobatics+1","Acrobatics+1","After Image+1","Escape Plan+1","Terror+1","Calculated Gamble+1","ReplayTheSpireMod:The Works+1","Calculated Gamble+1","Prepared+1"],"relics":["Astrolabe","Replay:Rubber Ducky","Pantograph","Turnip","Odd Mushroom","Ectoplasm","Replay:Accelerometer","White Beast Statue","Snack Pack","Replay:Bronze Core","Nunchaku"],"acts_visited":["Exordium","TheCity","TheBeyond"],"potions_floor_usage":[],"damage_taken":[{"damage":1.0,"enemies":"Small Slimes","floor":1.0,"turns":4.0},{"damage":24.0,"enemies":"Gremlin Nob","floor":6.0,"turns":4.0},{"damage":0.0,"enemies":"2 Louse","floor":8.0,"turns":2.0},{"damage":0.0,"enemies":"Cultist","floor":11.0,"turns":3.0},{"damage":4.0,"enemies":"The Mushroom Lair","floor":12.0,"turns":4.0},{"damage":2.0,"enemies":"2 Fungi Beasts","floor":14.0,"turns":4.0},{"damage":24.0,"enemies":"Slime Boss","floor":16.0,"turns":8.0},{"damage":0.0,"enemies":"Chosen","floor":18.0,"turns":2.0},{"damage":0.0,"enemies":"Spheric Guardian","floor":19.0,"turns":3.0},{"damage":0.0,"enemies":"Snecko","floor":20.0,"turns":2.0},{"damage":0.0,"enemies":"Centurion and Healer","floor":21.0,"turns":4.0},{"damage":0.0,"enemies":"Gremlin Leader","floor":23.0,"turns":5.0},{"damage":0.0,"enemies":"Cultist and Chosen","floor":24.0,"turns":4.0},{"damage":0.0,"enemies":"Shelled Parasite and Fungi","floor":25.0,"turns":3.0},{"damage":0.0,"enemies":"Centurion and Healer","floor":28.0,"turns":4.0},{"damage":0.0,"enemies":"Replay:Snechameleon","floor":29.0,"turns":2.0},{"damage":0.0,"enemies":"Sentry and Sphere","floor":31.0,"turns":3.0},{"damage":0.0,"enemies":"Pondfish","floor":33.0,"turns":4.0},{"damage":0.0,"enemies":"Orb Walker","floor":35.0,"turns":1.0},{"damage":0.0,"enemies":"3 Darklings","floor":36.0,"turns":3.0},{"damage":0.0,"enemies":"Spire Growth","floor":37.0,"turns":3.0},{"damage":0.0,"enemies":"Transient","floor":38.0,"turns":5.0},{"damage":0.0,"enemies":"Sphere and 2 Shapes","floor":39.0,"turns":3.0},{"damage":0.0,"enemies":"4 Shapes","floor":41.0,"turns":3.0},{"damage":0.0,"enemies":"Maw","floor":42.0,"turns":1.0},{"damage":0.0,"enemies":"Jaw Worm Horde","floor":46.0,"turns":1.0},{"damage":0.0,"enemies":"3 Darklings","floor":47.0,"turns":1.0},{"damage":0.0,"enemies":"Nemesis","floor":48.0,"turns":1.0},{"damage":0,"enemies":"Donu and Deca","floor":50,"turns":1}],"seed_played":"-6870998962528725702","potions_obtained":[{"floor":1.0,"key":"FairyPotion"},{"floor":11.0,"key":"Adrenaline Potion"},{"floor":16.0,"key":"Block Potion"},{"floor":19.0,"key":"Swift Potion"},{"floor":28.0,"key":"BlessingOfTheForge"},{"floor":29.0,"key":"Flashbang"},{"floor":42.0,"key":"GamblersBrew"}],"is_trial":false,"path_per_floor":["M","$","?","$","?","E","R","M","T","R","M","?","$","M","R","B",null,"M","M","M","M","$","E","M","M","T","R","M","E","?","M","R","B",null,"M","M","M","M","M","R","M","M","T","R","?","M","M","E","R","B",null],"character_chosen":"THE_SILENT","items_purchased":["Acrobatics+1"],"campfire_rested":0,"item_purchase_floors":[13],"current_hp_per_floor":[69,69,52,52,52,28,28,28,28,28,28,24,24,22,22,23,70,70,70,70,70,70,70,70,70,70,70,70,70,70,70,70,70,70,70,70,70,70,70,70,70,70,70,70,70,70,70,70,70,70],"gold":25,"neow_bonus":"BOSS_RELIC","is_daily":false,"chose_seed":false,"campfire_upgraded":7,"win_rate":0.0,"timestamp":1613484615,"path_taken":["M","$","?","$","?","E","R","M","T","R","?","?","$","M","R","BOSS","M","M","M","M","$","E","M","M","T","R","M","E","?","M","R","BOSS","M","M","M","M","M","R","M","M","T","R","?","?","M","E","R","BOSS"],"items_purchased_type":["Card"],"build_version":"2020-12-22","purchased_purges":4,"victory":true,"max_hp_per_floor":[70,70,70,70,70,70,70,70,70,70,70,70,70,70,70,70,70,70,70,70,70,70,70,70,70,70,70,70,70,70,70,70,70,70,70,70,70,70,70,70,70,70,70,70,70,70,70,70,70,70],"card_choices":[{"not_picked":["ReplayTheSpireMod:Scrap Shanks","Deflect"],"picked":"Reflex","floor":1.0},{"not_picked":["Quick Slash","Escape Plan"],"picked":"Backflip","floor":3.0},{"not_picked":["Skewer","Well Laid Plans","Slice"],"picked":"SKIP","floor":6.0},{"not_picked":["ReplayTheSpireMod:Tripwire","Malaise"],"picked":"Expertise","floor":8.0},{"not_picked":["Underhanded Strike","Deflect","Dodge and Roll"],"picked":"SKIP","floor":11.0},{"not_picked":["Flying Knee","Poisoned Stab"],"picked":"Acrobatics","floor":12.0},{"not_picked":["Bouncing Flask","Crippling Poison","Slice"],"picked":"SKIP","floor":14.0},{"not_picked":["Die Die Die","Grand Finale"],"picked":"After Image","floor":16.0},{"not_picked":["PiercingWail","Dagger Throw+1","Deadly Poison"],"picked":"SKIP","floor":18.0},{"not_picked":["Slice+1","ReplayTheSpireMod:Tripwire","Flying Knee"],"picked":"SKIP","floor":19.0},{"not_picked":["Dagger Throw","Flying Knee+1"],"picked":"Escape Plan+1","floor":20.0},{"not_picked":["Outmaneuver","PiercingWail","Cloak And Dagger+1"],"picked":"SKIP","floor":21.0},{"not_picked":["ReplayTheSpireMod:From All Sides","Leg Sweep+1"],"picked":"Terror+1","floor":23.0},{"not_picked":["Outmaneuver+1","Poisoned Stab","Infinite Blades+1"],"picked":"SKIP","floor":24.0},{"not_picked":["Deflect","Cloak And Dagger","Quick Slash+1"],"picked":"SKIP","floor":25.0},{"not_picked":["Toxin Wave+1","Poisoned Stab"],"picked":"Calculated Gamble","floor":28.0},{"not_picked":["ReplayTheSpireMod:Speed Training","Blur","Flying Knee"],"picked":"SKIP","floor":29.0},{"not_picked":["Deadly Poison+1","Slice+1","Quick Slash"],"picked":"SKIP","floor":31.0},{"not_picked":["Underhanded Strike","Toxin Wave","Setup+1"],"picked":"SKIP","floor":35.0},{"not_picked":["PiercingWail","Backflip+1","Finisher+1"],"picked":"SKIP","floor":36.0},{"not_picked":["Deadly Poison","Poisoned Stab","Bane+1"],"picked":"SKIP","floor":37.0},{"not_picked":["Quick Slash","Sucker Punch","Expertise+1"],"picked":"SKIP","floor":38.0},{"not_picked":["Deadly Poison+1","Hidden Blade","Blade Dance+1"],"picked":"SKIP","floor":39.0},{"not_picked":["Expertise+1","Tools of the Trade"],"picked":"ReplayTheSpireMod:The Works+1","floor":41.0},{"not_picked":["Skewer","Underhanded Strike+1","PiercingWail"],"picked":"SKIP","floor":42.0},{"not_picked":["Dagger Throw","Flying Knee"],"picked":"Prepared","floor":46.0},{"not_picked":["Dash","Hidden Blade","Setup"],"picked":"SKIP","floor":47.0},{"not_picked":["Blade Dance","Sneak Up","Cloak And Dagger+1"],"picked":"SKIP","floor":48.0}],"player_experience":65394,"relics_obtained":[{"floor":3.0,"key":"Replay:Rubber Ducky"},{"floor":6.0,"key":"Pantograph"},{"floor":9.0,"key":"Turnip"},{"floor":12.0,"key":"Odd Mushroom"},{"floor":23.0,"key":"Replay:Accelerometer"},{"floor":26.0,"key":"White Beast Statue"},{"floor":29.0,"key":"Snack Pack"},{"floor":48.0,"key":"Nunchaku"}],"event_choices":[{"damage_healed":0.0,"max_hp_gain":0.0,"max_hp_loss":0.0,"gold_gain":100.0,"event_name":"Wheel of Change","player_choice":"Gold","floor":5.0,"gold_loss":0.0,"damage_taken":0.0},{"damage_healed":0.0,"max_hp_gain":0.0,"max_hp_loss":0.0,"gold_gain":0.0,"event_name":"Mushrooms","player_choice":"Fought Mushrooms","floor":12.0,"gold_loss":0.0,"damage_taken":0.0},{"damage_healed":0.0,"max_hp_gain":0.0,"max_hp_loss":0.0,"gold_gain":0.0,"event_name":"Duplicator","player_choice":"Copied","floor":45.0,"gold_loss":0.0,"damage_taken":0.0,"cards_obtained":["Calculated Gamble"]}],"is_beta":false,"boss_relics":[{"not_picked":["Tiny House","Replay:Grab Bag"],"picked":"Ectoplasm"},{"not_picked":["Ring of Chaos","WristBlade"],"picked":"Replay:Bronze Core"}],"items_purged_floors":[2,4,13,22],"is_endless":false,"potions_floor_spawned":[1,11,16,19,20,24,28,29,31,33,35,36,37,38,39,41,42,46,47,48],"ascension_level":2}}