{"host":"gaqyve1328ta0etl","time":1613477884,"event":{"mods":["BaseMod","Colored Map","Colored Powertips","Duelist Mod","Googly Eyes","Hero for Fun","Minty Spire (QoL Compilation)","Shop Mod","StSLib","SuperFastMode","The Hierophant","The Runesmith"],"gold_per_floor":[143,155,10,10,10,10,22,48,48,48,48,76,76,96,96,195,195,209,134,134,32,46,46,77,77,77,90,105,105,131,145,145,240,240,259,279,179,199,199,199,214,224,248,267,277,152,165,182,182,182],"floor_reached":51,"language":"ENG","playtime":1892,"items_purged":["theDuelist:CastleWalls","theDuelist:BeaverWarrior","theDuelist:BeaverWarrior"],"score":1485,"play_id":"a14d6d9d-df10-44a7-b8d2-2500f2fac614","local_time":"20210216041804","is_ascension_mode":true,"campfire_choices":[{"data":"theDuelist:HappyLover","floor":6,"key":"SMITH"},{"data":"theDuelist:HammerShot","floor":10,"key":"SMITH"},{"floor":13,"key":"REST"},{"data":"theDuelist:WormApocalypse","floor":15,"key":"SMITH"},{"data":"theDuelist:DoubleTool","floor":23,"key":"SMITH"},{"floor":25,"key":"REST"},{"data":"theDuelist:DoubleTool+1","floor":29,"key":"SMITH"},{"data":"theDuelist:SevenCompleted","floor":32,"key":"SMITH"},{"floor":40,"key":"REST"},{"floor":49,"key":"REST"}],"circlet_count":0,"master_deck":["AscendersBane","theDuelist:FinalFlame","theDuelist:GiantSoldier","theDuelist:GiantSoldier","theDuelist:ScrapFactory","theDuelist:WormApocalypse+1","theDuelist:HappyLover+1","theDuelist:MillenniumScorpion+1","theDuelist:HammerShot+1","theDuelist:RainbowNeos+1","theDuelist:KamionTimelord+1","theDuelist:DoubleTool+2","theDuelist:FluteKuriboh","theDuelist:Mudora+1","theDuelist:RainbowKuriboh+1","theDuelist:SevenCompleted+1","theDuelist:SevenCompleted","theDuelist:PowerGiant+1","theDuelist:KamionTimelord+1","theDuelist:HappyLover+1"],"relics":["theDuelist:MillenniumPuzzle","theDuelist:CardPoolRelic","theDuelist:CardPoolBasicRelic","theDuelist:BoosterPackPoolRelic","theDuelist:CardPoolAddRelic","theDuelist:CardPoolMinusRelic","theDuelist:CardPoolSaveRelic","theDuelist:CardPoolOptionsRelic","NeowsBlessing","Medical Kit","theDuelist:BoosterPackMonsterEgg","Oddly Smooth Stone","FossilizedHelix","Mummified Hand","Empty Cage","Red Skull","theDuelist:MillenniumRing","theDuelist:BlessingAnubis","theDuelist:GamblerChip","theDuelist:SummonAnchor"],"acts_visited":["Exordium","TheCity","TheBeyond"],"potions_floor_usage":[16,24,24],"damage_taken":[{"damage":0,"enemies":"Jaw Worm","floor":1,"turns":1},{"damage":0,"enemies":"Small Slimes","floor":2,"turns":1},{"damage":0,"enemies":"2 Louse","floor":7,"turns":1},{"damage":0,"enemies":"Lagavulin","floor":8,"turns":8},{"damage":16,"enemies":"Gremlin Nob","floor":12,"turns":6},{"damage":0,"enemies":"Exordium Thugs","floor":14,"turns":5},{"damage":0,"enemies":"Hexaghost","floor":16,"turns":11},{"damage":0,"enemies":"3 Byrds","floor":18,"turns":5},{"damage":0,"enemies":"2 Thieves","floor":22,"turns":3},{"damage":32,"enemies":"Slavers","floor":24,"turns":6},{"damage":11,"enemies":"Centurion and Healer","floor":27,"turns":5},{"damage":0,"enemies":"Snecko","floor":28,"turns":3},{"damage":0,"enemies":"Gremlin Leader","floor":30,"turns":4},{"damage":0,"enemies":"Chosen and Byrds","floor":31,"turns":2},{"damage":0,"enemies":"Automaton","floor":33,"turns":9},{"damage":24,"enemies":"3 Darklings","floor":35,"turns":4},{"damage":0,"enemies":"Orb Walker","floor":36,"turns":4},{"damage":20,"enemies":"Writhing Mass","floor":38,"turns":5},{"damage":23,"enemies":"4 Shapes","floor":41,"turns":5},{"damage":0,"enemies":"Sphere and 2 Shapes","floor":42,"turns":3},{"damage":0,"enemies":"Jaw Worm Horde","floor":44,"turns":3},{"damage":0,"enemies":"Maw","floor":45,"turns":5},{"damage":1,"enemies":"3 Darklings","floor":47,"turns":5},{"damage":0,"enemies":"Sphere and 2 Shapes","floor":48,"turns":3},{"damage":0,"enemies":"Time Eater","floor":50,"turns":8}],"seed_played":"-2390628959236756693","potions_obtained":[{"floor":12,"key":"SkillPotion"},{"floor":16,"key":"SkillPotion"},{"floor":22,"key":"AttackPotion"},{"floor":28,"key":"FearPotion"},{"floor":31,"key":"theDuelist:DebuffArmorPotion"}],"is_trial":false,"path_per_floor":["M","M","$","?","?","R","M","E","T","R","$","E","R","M","R","B",null,"M","?","?","$","M","R","E","R","T","M","M","R","E","M","R","B",null,"M","M","$","M","?","R","M","M","T","M","M","$","M","M","R","B",null],"character_chosen":"THE_DUELIST","items_purchased":["Medical Kit","theDuelist:FluteKuriboh"],"campfire_rested":4,"item_purchase_floors":[3,21],"current_hp_per_floor":[72,72,72,72,66,66,66,66,66,66,66,50,74,74,74,74,79,79,79,73,73,73,73,41,65,65,54,54,54,54,54,54,54,74,50,50,50,30,30,54,31,31,31,31,31,31,30,30,54,54],"gold":182,"neow_bonus":"THREE_ENEMY_KILL","is_daily":false,"chose_seed":false,"campfire_upgraded":6,"win_rate":0.0,"timestamp":1613477884,"path_taken":["M","M","$","?","?","R","M","E","T","R","$","E","R","M","R","BOSS","M","?","?","$","M","R","E","R","T","M","M","R","E","?","R","BOSS","M","M","$","M","?","R","M","?","T","?","?","$","?","M","R","BOSS"],"items_purchased_type":["Relic","Card"],"build_version":"2020-12-22","purchased_purges":3,"victory":true,"max_hp_per_floor":[80,80,80,80,80,80,80,80,80,80,80,80,80,80,80,80,80,80,80,80,80,80,80,80,80,80,80,80,80,80,80,80,80,80,80,80,80,80,80,80,80,80,80,80,80,80,80,80,80,80],"card_choices":[{"not_picked":["theDuelist:CombinationAttack","theDuelist:OnslaughtFireKings","theDuelist:ScrapFactory","theDuelist:AfterTheStorm"],"picked":"theDuelist:WormApocalypse","floor":1},{"not_picked":["theDuelist:RainbowNeos","theDuelist:KamionTimelord","theDuelist:Eva","theDuelist:YellowBelliedOni"],"picked":"theDuelist:HappyLover","floor":2},{"not_picked":["theDuelist:BattleOx+1","theDuelist:RedMedicine","theDuelist:HeavyStorm","theDuelist:MillenniumGolem+1"],"picked":"theDuelist:MillenniumScorpion+1","floor":7},{"not_picked":["theDuelist:GaiaMidNightSun+1","theDuelist:Hinotama","theDuelist:LightningDarts","theDuelist:LightningVortex"],"picked":"theDuelist:HammerShot","floor":8},{"not_picked":["theDuelist:DoubleTool","theDuelist:ScrapFactory","theDuelist:Hinotama","theDuelist:BlackPendant"],"picked":"theDuelist:RainbowNeos+1","floor":12},{"not_picked":["theDuelist:WhiteHowling","theDuelist:GravityAxe","theDuelist:ElectromagneticShield","theDuelist:MiraculousDescent"],"picked":"SKIP","floor":14},{"not_picked":["theDuelist:SwordsRevealing","theDuelist:LightningBlade","theDuelist:InstantFusion","theDuelist:Mathematician+1"],"picked":"theDuelist:KamionTimelord+1","floor":16},{"not_picked":["theDuelist:SpellShatteringArrow","theDuelist:MeteorDestruction","theDuelist:Hinotama","theDuelist:CoreBlaster"],"picked":"theDuelist:DoubleTool","floor":18},{"not_picked":["theDuelist:VendreadCharge","theDuelist:CombinationAttack","theDuelist:MagicalStone","theDuelist:BlackPendant","theDuelist:VenomShot+1"],"picked":"SKIP","floor":22},{"not_picked":["theDuelist:ForbiddenChalice","theDuelist:PurplePainOni+1","theDuelist:PotDichotomy","theDuelist:DarkMirrorForce"],"picked":"theDuelist:Mudora+1","floor":24},{"not_picked":["theDuelist:VenomShot","theDuelist:FeatherShot","theDuelist:GiantTrunade","theDuelist:FusionFire","theDuelist:GravityLash"],"picked":"SKIP","floor":27},{"not_picked":["theDuelist:Fissure","theDuelist:RedMedicine+1","theDuelist:ForbiddenLance+1","theDuelist:Mathematician+1","theDuelist:YellowBelliedOni+1"],"picked":"SKIP","floor":28},{"not_picked":["theDuelist:RainbowNeos+1","theDuelist:HappyLover+1","theDuelist:Eva+1","theDuelist:RainbowOverdragon+1"],"picked":"theDuelist:RainbowKuriboh+1","floor":30},{"not_picked":["theDuelist:GravityBlaster","theDuelist:WhiteNinja+1","theDuelist:SolarWindJammer+1","theDuelist:DarkFactory"],"picked":"theDuelist:SevenCompleted","floor":31},{"not_picked":["theDuelist:YamiForm","theDuelist:Raigeki","theDuelist:AmuletAmbition","theDuelist:KamionTimelord+1"],"picked":"theDuelist:SevenCompleted","floor":33},{"not_picked":["theDuelist:RainbowNeos+1","theDuelist:AfterTheStorm","theDuelist:Eva+1","theDuelist:MeteorDestruction+1","theDuelist:BreakDraw"],"picked":"SKIP","floor":35},{"not_picked":["theDuelist:WingedKuriboh+1","theDuelist:RedHeadedOni+1","theDuelist:Mudora+1","theDuelist:HammerShot+1","theDuelist:DarkFactory"],"picked":"SKIP","floor":36},{"not_picked":["theDuelist:HappyLover+1","theDuelist:EarthEffigy+1","theDuelist:GraniteLoyalist+1","theDuelist:MagicHoleGolem+1"],"picked":"theDuelist:PowerGiant+1","floor":38},{"not_picked":["theDuelist:BeaverWarrior+1","theDuelist:PreventRat+1","theDuelist:BattleFootballer+1","theDuelist:SlotMachine+1"],"picked":"theDuelist:KamionTimelord+1","floor":41},{"not_picked":["theDuelist:LegendarySword+2","theDuelist:Wildfire","theDuelist:LightningBlade+1"],"picked":"SKIP","floor":42},{"not_picked":["theDuelist:Eva+1","theDuelist:BlueBloodedOni+1","theDuelist:GreenGraveOni+1","theDuelist:RainbowKuriboh+1"],"picked":"theDuelist:HappyLover+1","floor":44},{"not_picked":["theDuelist:Hinotama+1","theDuelist:FairyBox","theDuelist:RainbowNeos+1","theDuelist:WhiteMagicalHat+1","theDuelist:MiraculousDescent+1"],"picked":"SKIP","floor":45},{"not_picked":["theDuelist:RainbowNeos+1","theDuelist:PowerKaishin","theDuelist:WormApocalypse+1","theDuelist:MagnumShield","theDuelist:LightningVortex"],"picked":"SKIP","floor":47},{"not_picked":["theDuelist:SpellShatteringArrow","theDuelist:FluteKuriboh","theDuelist:WormApocalypse+1","theDuelist:SwordDeepSeated+1","theDuelist:DeltaAttacker+1"],"picked":"SKIP","floor":48}],"player_experience":2206959,"relics_obtained":[{"floor":8,"key":"Oddly Smooth Stone"},{"floor":9,"key":"FossilizedHelix"},{"floor":12,"key":"Mummified Hand"},{"floor":24,"key":"Red Skull"},{"floor":26,"key":"theDuelist:MillenniumRing"},{"floor":30,"key":"theDuelist:BlessingAnubis"},{"floor":43,"key":"theDuelist:SummonAnchor"}],"event_choices":[{"damage_healed":0,"gold_gain":0,"player_choice":"Ignored","damage_taken":0,"max_hp_gain":0,"max_hp_loss":0,"event_name":"Golden Idol","floor":4,"gold_loss":0},{"damage_healed":0,"gold_gain":0,"player_choice":"Dig - random Duelist relic","duelist":true,"damage_taken":0,"max_hp_gain":0,"max_hp_loss":0,"event_name":"Aknamkanon\u0027s Tomb","floor":5,"gold_loss":0},{"cards_removed":["theDuelist:CastleWalls"],"damage_healed":0,"gold_gain":0,"player_choice":"Gave Gold","damage_taken":0,"max_hp_gain":0,"max_hp_loss":0,"event_name":"Beggar","floor":19,"gold_loss":75},{"damage_healed":0,"gold_gain":0,"player_choice":"","damage_taken":6,"max_hp_gain":0,"max_hp_loss":0,"event_name":"Knowing Skull","floor":20,"potions_obtained":[],"gold_loss":0,"cards_obtained":[]},{"damage_healed":0,"gold_gain":0,"player_choice":"Leave","duelist":true,"damage_taken":0,"max_hp_gain":0,"max_hp_loss":0,"event_name":"Visit from Anubis","floor":39,"gold_loss":0}],"is_beta":false,"boss_relics":[{"not_picked":["Runic Dome","Coffee Dripper"],"picked":"Empty Cage"},{"not_picked":["Runesmith:UraniumAnvil","Snecko Eye"],"picked":"theDuelist:GamblerChip"}],"items_purged_floors":[21,37,46],"is_endless":false,"potions_floor_spawned":[12,16,22,28,31,36,42,47,48],"ascension_level":11}}