{"host":"ELF","time":1613481294,"event":{"mods":["BaseMod","Bestiary","Minty Spire (QoL Compilation)","Relic Stats","Slay the Relics Exporter"],"gold_per_floor":[109,11,11,27,27,60,60,78,126,138,138,157,176,195,195,272,272,283,302,302,302],"floor_reached":20,"language":"ENG","playtime":1115,"items_purged":[],"score":406,"play_id":"5920c6a4-94ef-48ac-82af-b64538fc02f8","local_time":"20210216071454","is_ascension_mode":true,"campfire_choices":[{"data":"Predator","floor":7,"key":"SMITH"},{"data":"Blade Dance","floor":11,"key":"SMITH"},{"floor":15,"key":"REST"}],"circlet_count":0,"master_deck":["AscendersBane","Strike_G","Strike_G","Strike_G","Strike_G","Strike_G","Defend_G","Defend_G","Defend_G","Defend_G","Defend_G","Survivor","Neutralize","Infinite Blades","Deadly Poison","Accuracy","Slice","Predator+1","After Image","Blade Dance+1","Footwork","Skewer","Leg Sweep","Wraith Form v2","Terror","Blade Dance"],"relics":["Ring of the Snake","NeowsBlessing","CultistMask","Orichalcum","Art of War","Runic Dome"],"acts_visited":["Exordium","TheCity"],"potions_floor_usage":[14,16],"damage_taken":[{"damage":0,"enemies":"2 Louse","floor":1,"turns":1},{"damage":0,"enemies":"Cultist","floor":4,"turns":1},{"damage":0,"enemies":"Lagavulin","floor":6,"turns":1},{"damage":4,"enemies":"Small Slimes","floor":8,"turns":3},{"damage":7,"enemies":"Blue Slaver","floor":10,"turns":4},{"damage":6,"enemies":"Red Slaver","floor":12,"turns":4},{"damage":10,"enemies":"Exordium Thugs","floor":13,"turns":6},{"damage":22,"enemies":"Gremlin Gang","floor":14,"turns":4},{"damage":36,"enemies":"Hexaghost","floor":16,"turns":11},{"damage":5,"enemies":"Shell Parasite","floor":18,"turns":6},{"damage":9,"enemies":"Chosen","floor":19,"turns":5},{"damage":46,"enemies":"Sentry and Sphere","floor":20,"turns":7}],"seed_played":"3062599947028356214","potions_obtained":[{"floor":1,"key":"Regen Potion"},{"floor":6,"key":"Explosive Potion"},{"floor":18,"key":"BlessingOfTheForge"}],"is_trial":false,"path_per_floor":["M","$","?","M","$","E","R","M","T","M","R","M","M","M","R","B",null,"M","M","M"],"character_chosen":"THE_SILENT","items_purchased":["Deadly Poison","Accuracy"],"campfire_rested":1,"item_purchase_floors":[2,2],"current_hp_per_floor":[59,59,59,59,59,59,59,55,55,48,48,42,32,10,29,8,52,47,38,0,0],"gold":302,"neow_bonus":"THREE_ENEMY_KILL","is_daily":false,"chose_seed":false,"campfire_upgraded":2,"win_rate":0.0,"timestamp":1613481294,"path_taken":["M","$","?","?","$","E","R","M","T","M","R","M","M","M","R","BOSS","M","M","M"],"items_purchased_type":["Card","Card"],"build_version":"2020-12-18","purchased_purges":0,"victory":false,"max_hp_per_floor":[66,66,66,66,66,66,66,66,66,66,66,66,66,66,66,66,66,66,66,66,66],"relic_stats":{"counters":[12,53],"Art of War":[1],"Orichalcum":[30],"obtain_stats":[{"Runic Dome":17,"NeowsBlessing":0,"CultistMask":3,"Art of War":9,"Orichalcum":6,"Ring of the Snake":0},{"Runic Dome":9,"NeowsBlessing":0,"CultistMask":1,"Art of War":4,"Orichalcum":3,"Ring of the Snake":0},{"Runic Dome":35,"NeowsBlessing":0,"CultistMask":1,"Art of War":6,"Orichalcum":3,"Ring of the Snake":0}],"Ring of the Snake":[24]},"card_choices":[{"not_picked":["Heel Hook","Deflect"],"picked":"Infinite Blades","floor":1},{"not_picked":["Deflect","Underhanded Strike"],"picked":"Slice","floor":4},{"not_picked":["Well Laid Plans","Reflex"],"picked":"Predator","floor":6},{"not_picked":["Well Laid Plans","Slice"],"picked":"After Image","floor":8},{"not_picked":["Eviscerate","Caltrops"],"picked":"Blade Dance","floor":10},{"not_picked":["PiercingWail","Well Laid Plans"],"picked":"Footwork","floor":12},{"not_picked":["Flying Knee","Deflect"],"picked":"Skewer","floor":13},{"not_picked":["Skewer","Caltrops"],"picked":"Leg Sweep","floor":14},{"not_picked":["Venomology","Envenom"],"picked":"Wraith Form v2","floor":16},{"not_picked":["Backflip","Bane"],"picked":"Terror","floor":18},{"not_picked":["Heel Hook","Underhanded Strike"],"picked":"Blade Dance","floor":19}],"player_experience":3450538,"relics_obtained":[{"floor":6,"key":"Orichalcum"},{"floor":9,"key":"Art of War"}],"event_choices":[{"damage_healed":0,"gold_gain":0,"player_choice":"Trade","damage_taken":0,"relics_obtained":["CultistMask"],"max_hp_gain":0,"max_hp_loss":0,"event_name":"FaceTrader","floor":3,"gold_loss":0}],"is_beta":true,"boss_relics":[{"not_picked":["Fusion Hammer","HoveringKite"],"picked":"Runic Dome"}],"items_purged_floors":[],"is_endless":false,"potions_floor_spawned":[1,6,8,13,18],"killed_by":"Sentry and Sphere","ascension_level":20}}