{"host":"xb2tau8pgi8aflss","time":1613477754,"event":{"mods":["AchievementEnabler","BaseMod","Hermit","Minty Spire (QoL Compilation)","StSLib","SuperFastMode"],"gold_per_floor":[114,68,68,68,91,91,131,34,82,116,116,151,8,23,23,154,154,179,198,198,211,235,274,28,28,28,28,42,87,87,108,108,108,108],"floor_reached":33,"language":"KOR","playtime":1193,"items_purged":[],"score":365,"play_id":"437dfa40-8f0e-4668-8262-1951a7d3ddb1","local_time":"20210216211554","is_ascension_mode":true,"campfire_choices":[{"data":"hermit:Vantage","floor":6,"key":"SMITH"},{"data":"hermit:Brawl","floor":15,"key":"SMITH"},{"floor":25,"key":"REST"},{"floor":27,"key":"REST"},{"floor":32,"key":"REST"}],"circlet_count":0,"master_deck":["hermit:Strike_Hermit","hermit:Strike_Hermit","hermit:Defend_Hermit","hermit:Defend_Hermit","hermit:Snapshot","hermit:Covet","Pain","hermit:FinalCanter","hermit:Vantage+1","hermit:Coalescence","Injury","hermit:Brawl+1","hermit:Desperado","hermit:Misfire","hermit:Dive+1","Parasite","hermit:Glare+1","hermit:Dissolve+1","hermit:GhostlyPresence+1","hermit:Midnight+1","hermit:Headshot+1","hermit:Snipe+1","hermit:Deadeye+1","hermit:Brawl","hermit:LowProfile+1","hermit:Dive+1","hermit:Determination"],"relics":["hermit:Momento","Golden Idol","Toxic Egg 2","Strawberry","Potion Belt","Blood Vial","TheAbacus","Astrolabe","GremlinMask","Oddly Smooth Stone","Meat on the Bone","Pear","Orichalcum"],"acts_visited":["Exordium","TheCity"],"potions_floor_usage":[7,16,22,28],"damage_taken":[{"damage":0,"enemies":"Cultist","floor":1,"turns":3},{"damage":0,"enemies":"2 Louse","floor":5,"turns":3},{"damage":25,"enemies":"3 Sentries","floor":7,"turns":9},{"damage":8,"enemies":"Gremlin Nob","floor":10,"turns":3},{"damage":15,"enemies":"3 Sentries","floor":12,"turns":5},{"damage":16,"enemies":"Small Slimes","floor":14,"turns":4},{"damage":37,"enemies":"The Guardian","floor":16,"turns":11},{"damage":0,"enemies":"Chosen","floor":18,"turns":3},{"damage":5,"enemies":"3 Byrds","floor":19,"turns":4},{"damage":8,"enemies":"Cultist and Chosen","floor":21,"turns":4},{"damage":21,"enemies":"Centurion and Healer","floor":22,"turns":5},{"damage":49,"enemies":"Book of Stabbing","floor":23,"turns":6},{"damage":17,"enemies":"Snecko","floor":28,"turns":7},{"damage":23,"enemies":"Snake Plant","floor":31,"turns":6},{"damage":103,"enemies":"Champ","floor":33,"turns":12}],"seed_played":"1346684657899462271","potions_obtained":[{"floor":5,"key":"DistilledChaos"},{"floor":10,"key":"Weak Potion"},{"floor":14,"key":"Ancient Potion"},{"floor":19,"key":"GamblersBrew"},{"floor":23,"key":"Block Potion"},{"floor":28,"key":"SteroidPotion"}],"is_trial":false,"path_per_floor":["M","$","?","?","M","R","E","$","T","E","?","E","$","M","R","B",null,"M","M","?","M","M","E","$","R","T","R","M","T","?","M","R","B"],"character_chosen":"HERMIT","items_purchased":["hermit:Coalescence","hermit:Desperado","hermit:Misfire","TheAbacus","Meat on the Bone"],"campfire_rested":3,"item_purchase_floors":[2,8,8,13,24],"current_hp_per_floor":[75,75,75,75,75,75,50,50,57,49,69,54,54,40,40,5,82,82,77,77,71,52,5,5,29,39,66,51,51,51,42,69,0,0],"gold":108,"neow_bonus":"THREE_RARE_CARDS","is_daily":false,"chose_seed":false,"campfire_upgraded":2,"win_rate":0.0,"timestamp":1613477754,"path_taken":["M","?","?","?","?","R","E","$","T","E","?","E","?","M","R","BOSS","M","M","?","M","?","E","$","R","T","R","M","?","?","M","R","BOSS"],"items_purchased_type":["Card","Card","Card","Relic","Relic"],"build_version":"2020-12-22","purchased_purges":0,"victory":false,"max_hp_per_floor":[75,75,75,75,75,75,75,75,82,82,82,82,82,82,82,82,82,82,82,82,82,82,82,82,82,92,92,92,92,92,92,92,92,92],"card_choices":[{"not_picked":["hermit:Purgatory","hermit:HighNoon"],"picked":"hermit:FinalCanter","floor":0},{"not_picked":["hermit:TakeAim","hermit:Dive"],"picked":"hermit:Vantage","floor":1},{"not_picked":["hermit:Combo","hermit:Ricochet","hermit:NoHoldsBarred"],"picked":"SKIP","floor":5},{"not_picked":["hermit:BigShot","hermit:Ricochet"],"picked":"hermit:Brawl","floor":7},{"not_picked":["hermit:Purgatory","hermit:NoHoldsBarred"],"picked":"hermit:Dive+1","floor":10},{"not_picked":["hermit:DeadMansHand+1","hermit:HoleUp+1"],"picked":"hermit:Glare+1","floor":12},{"not_picked":["hermit:WideOpen","hermit:HighCaliber","hermit:ItchyTrigger"],"picked":"SKIP","floor":14},{"not_picked":["hermit:WideOpen","hermit:HighCaliber","hermit:ItchyTrigger"],"picked":"SKIP","floor":14},{"not_picked":["hermit:Purgatory","hermit:Gambit+1"],"picked":"hermit:Dissolve+1","floor":16},{"not_picked":["hermit:Virtue+1","hermit:Quickdraw"],"picked":"hermit:Snipe+1","floor":18},{"not_picked":["hermit:NoHoldsBarred","hermit:Headshot"],"picked":"hermit:Deadeye+1","floor":19},{"not_picked":["hermit:Combo+1","hermit:Vantage+1"],"picked":"hermit:Brawl","floor":21},{"not_picked":["hermit:Snipe+1","hermit:Desperado"],"picked":"hermit:LowProfile+1","floor":22},{"not_picked":["hermit:LuckOfTheDraw+1","hermit:PistolWhip+1"],"picked":"hermit:Dive+1","floor":23},{"not_picked":["hermit:Cheat+1","hermit:Coalescence+1"],"picked":"hermit:Determination","floor":28},{"not_picked":["hermit:Snipe+1","hermit:Combo","hermit:TrackingShot"],"picked":"SKIP","floor":31}],"player_experience":841348,"relics_obtained":[{"floor":7,"key":"Toxic Egg 2"},{"floor":9,"key":"Strawberry"},{"floor":10,"key":"Potion Belt"},{"floor":12,"key":"Blood Vial"},{"floor":23,"key":"Oddly Smooth Stone"},{"floor":26,"key":"Pear"},{"floor":29,"key":"Orichalcum"}],"event_choices":[{"damage_healed":0,"gold_gain":0,"player_choice":"Take Wound","damage_taken":0,"relics_obtained":["Golden Idol"],"max_hp_gain":0,"max_hp_loss":0,"event_name":"Golden Idol","floor":3,"gold_loss":0,"cards_obtained":["Injury"]},{"cards_removed":["hermit:Defend_Hermit"],"damage_healed":0,"gold_gain":0,"player_choice":"Purged","damage_taken":0,"max_hp_gain":0,"max_hp_loss":0,"event_name":"Purifier","floor":4,"gold_loss":0},{"damage_healed":20,"gold_gain":0,"player_choice":"Healed and dodged fight","damage_taken":0,"max_hp_gain":0,"max_hp_loss":0,"event_name":"Mushrooms","floor":11,"gold_loss":0,"cards_obtained":["Parasite"]},{"damage_healed":0,"gold_gain":0,"player_choice":"Trade","damage_taken":0,"relics_obtained":["GremlinMask"],"max_hp_gain":0,"max_hp_loss":0,"event_name":"FaceTrader","floor":20,"gold_loss":0},{"damage_healed":0,"gold_gain":0,"player_choice":"Ignored","damage_taken":0,"max_hp_gain":0,"max_hp_loss":0,"event_name":"Ghosts","floor":30,"gold_loss":0}],"is_beta":false,"boss_relics":[{"not_picked":["Ectoplasm","Runic Pyramid"],"picked":"Astrolabe"}],"items_purged_floors":[],"is_endless":false,"potions_floor_spawned":[5,10,14,19,23,28],"killed_by":"Champ","ascension_level":4}}