{"host":"xe7vird6mhwsic73","time":1613510674,"event":{"mods":["BaseMod","Minty Spire (QoL Compilation)","Relic Stats","StSLib"],"gold_per_floor":[119,69,88,263,289,316,316,352,352,395,408,28,53,68,68,192,192,213,234,257,257,272,272,272,272],"floor_reached":24,"language":"ENG","playtime":1114,"items_purged":["Doubt"],"score":279,"play_id":"6eb2df7f-10d5-4452-a91d-5401bd991830","local_time":"20210216162434","is_ascension_mode":true,"campfire_choices":[{"floor":15,"key":"REST"},{"floor":23,"key":"REST"}],"circlet_count":0,"master_deck":["Strike_R+1","Strike_R+1","Strike_R+1","Strike_R+1","Strike_R+1","Defend_R+1","Defend_R+1","Defend_R+1","Bash","Perfected Strike","Shrug It Off","Fiend Fire","Ghostly Armor","Flame Barrier","Clothesline","Battle Trance","Seeing Red","Barricade","Iron Wave","Body Slam","Burning Pact"],"relics":["Burning Blood","NeowsBlessing","Potion Belt","StoneCalendar","Golden Idol","Toy Ornithopter","Sundial","Shuriken","Ice Cream","Philosopher\u0027s Stone"],"acts_visited":["Exordium","TheCity"],"potions_floor_usage":[10,16,20,20,22],"damage_taken":[{"damage":0,"enemies":"Jaw Worm","floor":1,"turns":1},{"damage":0,"enemies":"2 Louse","floor":3,"turns":1},{"damage":0,"enemies":"Gremlin Nob","floor":6,"turns":1},{"damage":38,"enemies":"Lagavulin","floor":8,"turns":7},{"damage":17,"enemies":"3 Sentries","floor":10,"turns":7},{"damage":0,"enemies":"Small Slimes","floor":11,"turns":3},{"damage":1,"enemies":"Looter","floor":13,"turns":4},{"damage":30,"enemies":"Exordium Thugs","floor":14,"turns":7},{"damage":17,"enemies":"Slime Boss","floor":16,"turns":9},{"damage":14,"enemies":"Shell Parasite","floor":18,"turns":7},{"damage":23,"enemies":"Chosen","floor":19,"turns":5},{"damage":62,"enemies":"3 Cultists","floor":20,"turns":7},{"damage":25,"enemies":"Chosen and Byrds","floor":22,"turns":7},{"damage":43,"enemies":"Slavers","floor":24,"turns":3}],"seed_played":"-5580211141118734390","potions_obtained":[{"floor":3,"key":"Explosive Potion"},{"floor":10,"key":"Regen Potion"},{"floor":11,"key":"BloodPotion"},{"floor":14,"key":"Strength Potion"},{"floor":20,"key":"Explosive Potion"},{"floor":22,"key":"DistilledChaos"}],"is_trial":false,"path_per_floor":["M","?","M","?","T","E","?","E","T","E","M","$","M","M","R","B",null,"M","M","M","?","M","R","E"],"character_chosen":"IRONCLAD","items_purchased":["Ice Cream"],"campfire_rested":2,"item_purchase_floors":[12],"current_hp_per_floor":[80,80,80,80,80,80,60,28,28,22,28,28,33,9,33,27,80,72,55,30,30,16,40,0,0],"gold":272,"neow_bonus":"THREE_ENEMY_KILL","is_daily":false,"chose_seed":false,"campfire_upgraded":0,"win_rate":0.0,"timestamp":1613510674,"path_taken":["M","?","M","?","?","E","?","E","T","E","M","$","M","M","R","BOSS","M","M","M","?","M","R","E"],"items_purchased_type":["Relic"],"build_version":"2020-12-22","purchased_purges":1,"victory":false,"max_hp_per_floor":[80,80,80,80,80,80,80,80,80,80,80,80,80,80,80,80,80,80,80,80,80,80,80,80,80],"relic_stats":{"counters":[14,69],"Golden Idol":68,"Sundial":[10],"Shuriken":[5],"StoneCalendar":[242],"obtain_stats":[{"Potion Belt":5,"Ice Cream":12,"NeowsBlessing":0,"Golden Idol":7,"Sundial":9,"Shuriken":10,"StoneCalendar":6,"Philosopher\u0027s Stone":17,"Burning Blood":0,"Toy Ornithopter":8},{"Potion Belt":2,"Ice Cream":6,"NeowsBlessing":0,"Golden Idol":3,"Sundial":4,"Shuriken":5,"StoneCalendar":3,"Philosopher\u0027s Stone":9,"Burning Blood":0,"Toy Ornithopter":4},{"Potion Belt":2,"Ice Cream":20,"NeowsBlessing":0,"Golden Idol":3,"Sundial":10,"Shuriken":17,"StoneCalendar":3,"Philosopher\u0027s Stone":40,"Burning Blood":0,"Toy Ornithopter":10}],"Burning Blood":60,"Toy Ornithopter":25},"card_choices":[{"not_picked":["Twin Strike","Iron Wave"],"picked":"Perfected Strike","floor":1},{"not_picked":["Hemokinesis","Seeing Red"],"picked":"Shrug It Off","floor":3},{"not_picked":["Body Slam","Twin Strike"],"picked":"Fiend Fire","floor":6},{"not_picked":["Rampage","Clash"],"picked":"Ghostly Armor","floor":8},{"not_picked":["Armaments","Iron Wave"],"picked":"Flame Barrier","floor":10},{"not_picked":["Intimidate","Havoc"],"picked":"Clothesline","floor":11},{"not_picked":["Body Slam","Rage"],"picked":"Battle Trance","floor":13},{"not_picked":["Searing Blow","Entrench"],"picked":"Seeing Red","floor":14},{"not_picked":["Limit Break","Corruption"],"picked":"Barricade","floor":16},{"not_picked":["Thunderclap","Dark Embrace"],"picked":"Iron Wave","floor":18},{"not_picked":["Combust","True Grit"],"picked":"Body Slam","floor":19},{"not_picked":["Warcry","Sword Boomerang"],"picked":"Burning Pact","floor":20},{"not_picked":["Clothesline+1","Dropkick","Body Slam"],"picked":"SKIP","floor":22}],"player_experience":178981,"relics_obtained":[{"floor":5,"key":"Potion Belt"},{"floor":6,"key":"StoneCalendar"},{"floor":8,"key":"Toy Ornithopter"},{"floor":9,"key":"Sundial"},{"floor":10,"key":"Shuriken"}],"event_choices":[{"cards_removed":["Defend_R"],"damage_healed":0,"gold_gain":0,"player_choice":"Card Removal","damage_taken":0,"max_hp_gain":0,"max_hp_loss":0,"event_name":"The Cleric","floor":2,"gold_loss":50},{"damage_healed":0,"gold_gain":175,"player_choice":"AGREE","damage_taken":0,"max_hp_gain":0,"max_hp_loss":0,"event_name":"Liars Game","floor":4,"gold_loss":0,"cards_obtained":["Doubt"]},{"damage_healed":0,"gold_gain":0,"player_choice":"Take Damage","damage_taken":20,"relics_obtained":["Golden Idol"],"max_hp_gain":0,"max_hp_loss":0,"event_name":"Golden Idol","floor":7,"gold_loss":0},{"damage_healed":0,"gold_gain":0,"player_choice":"Simplicity","damage_taken":0,"max_hp_gain":0,"max_hp_loss":0,"event_name":"Back to Basics","floor":21,"gold_loss":0,"cards_upgraded":["Strike_R","Strike_R","Strike_R","Strike_R","Strike_R","Defend_R","Defend_R","Defend_R"]}],"is_beta":false,"boss_relics":[{"not_picked":["Black Star","Runic Cube"],"picked":"Philosopher\u0027s Stone"}],"items_purged_floors":[12],"is_endless":false,"potions_floor_spawned":[3,10,11,14,20,22],"killed_by":"Slavers","ascension_level":3}}