{"host":"p25bz88bsavvfmyg","time":1613443038,"event":{"mods":["BaseMod","Minty Spire (QoL Compilation)","Permanent Neow","StSLib"],"gold_per_floor":[116,129,145,145,162,187,32,32,55,74,104,104,138,153,153,251,251,269,289,289,303,319,344,229,254,254,254,270,270,369,397,397,494,494,509,509,526,576,596,596,596],"floor_reached":40,"language":"ENG","playtime":1289,"items_purged":["Strike_B"],"score":592,"play_id":"cf2d7620-5924-42ac-90cd-81f082ccf311","local_time":"20210216033718","is_ascension_mode":true,"campfire_choices":[{"data":"Defragment","floor":8.0,"key":"SMITH"},{"data":"Genetic Algorithm","floor":15.0,"key":"SMITH"},{"data":"Biased Cognition","floor":27,"key":"SMITH"},{"data":"Loop","floor":32,"key":"SMITH"}],"circlet_count":0,"master_deck":["Defend_B","Defend_B","Defend_B","Defend_B","Zap","Dualcast","Ball Lightning","Static Discharge","Auto Shields","Defragment+1","Loop","Genetic Algorithm+1","Biased Cognition+1","Core Surge","Coolheaded","Coolheaded+1","Loop+1","Core Surge","Loop+1","Blizzard+1","Echo Form+1","Conserve Battery+1"],"relics":["Cracked Core","Centennial Puzzle","Membership Card","Oddly Smooth Stone","Juzu Bracelet","White Beast Statue","Runic Dome","Ice Cream","Pantograph","Lee\u0027s Waffle","Strawberry","Matryoshka","Bottled Flame","Nuclear Battery","Thread and Needle"],"acts_visited":["Exordium","TheCity","TheBeyond"],"potions_floor_usage":[16,21,22,23,33,37,38,38,38,39],"damage_taken":[{"damage":2.0,"enemies":"Jaw Worm","floor":1.0,"turns":3.0},{"damage":0.0,"enemies":"Cultist","floor":2.0,"turns":3.0},{"damage":0.0,"enemies":"2 Louse","floor":3.0,"turns":2.0},{"damage":0.0,"enemies":"Red Slaver","floor":5.0,"turns":4.0},{"damage":0.0,"enemies":"Lagavulin","floor":6.0,"turns":7.0},{"damage":0.0,"enemies":"Large Slime","floor":10.0,"turns":3.0},{"damage":14.0,"enemies":"3 Sentries","floor":11.0,"turns":5.0},{"damage":16.0,"enemies":"Gremlin Nob","floor":13.0,"turns":5.0},{"damage":0.0,"enemies":"3 Louse","floor":14.0,"turns":3.0},{"damage":26,"enemies":"Slime Boss","floor":16,"turns":7},{"damage":5,"enemies":"Spheric Guardian","floor":18,"turns":3},{"damage":30,"enemies":"2 Thieves","floor":19,"turns":4},{"damage":2,"enemies":"Snake Plant","floor":21,"turns":4},{"damage":0,"enemies":"Shelled Parasite and Fungi","floor":22,"turns":9},{"damage":14,"enemies":"Gremlin Leader","floor":23,"turns":9},{"damage":17,"enemies":"Book of Stabbing","floor":25,"turns":5},{"damage":4,"enemies":"Centurion and Healer","floor":28,"turns":8},{"damage":10,"enemies":"Gremlin Leader","floor":31,"turns":4},{"damage":52,"enemies":"Automaton","floor":33,"turns":11},{"damage":7,"enemies":"Orb Walker","floor":35,"turns":3},{"damage":32,"enemies":"3 Darklings","floor":37,"turns":6},{"damage":29,"enemies":"2 Orb Walkers","floor":38,"turns":4},{"damage":16,"enemies":"4 Shapes","floor":39,"turns":5},{"damage":12,"enemies":"Reptomancer","floor":40,"turns":2}],"seed_played":"6323903199856962257","potions_obtained":[{"floor":1.0,"key":"SpeedPotion"},{"floor":3.0,"key":"Fire Potion"},{"floor":11.0,"key":"EssenceOfSteel"},{"floor":14.0,"key":"SteroidPotion"},{"floor":16,"key":"FearPotion"},{"floor":18,"key":"Weak Potion"},{"floor":19,"key":"Weak Potion"},{"floor":21,"key":"Weak Potion"},{"floor":22,"key":"EssenceOfSteel"},{"floor":23,"key":"Fire Potion"},{"floor":25,"key":"EssenceOfDarkness"},{"floor":31,"key":"CultistPotion"},{"floor":33,"key":"Block Potion"},{"floor":37,"key":"AttackPotion"},{"floor":38,"key":"SpeedPotion"},{"floor":39,"key":"SkillPotion"}],"is_trial":false,"path_per_floor":["M","M","M","?","M","E","$","R","T","M","E","?","E","M","R","B",null,"M","M","T","M","M","E","$","E","T","R","M","?","?","E","R","B",null,"M","?","M","?","M","E"],"character_chosen":"DEFECT","items_purchased":["Membership Card","Lee\u0027s Waffle"],"campfire_rested":0,"item_purchase_floors":[7,24],"current_hp_per_floor":[73,73,73,73,73,73,73,73,73,73,59,59,43,43,43,17,75,70,40,40,38,38,24,82,72,72,72,68,68,68,58,58,31,89,82,82,50,21,5,0,0],"gold":596,"neow_bonus":"REMOVE_CARD","is_daily":false,"chose_seed":false,"campfire_upgraded":4,"win_rate":0.0,"timestamp":1613443038,"path_taken":["M","M","M","?","?","E","$","R","T","M","E","?","E","M","R","BOSS","M","M","?","M","M","E","$","E","T","R","M","?","?","E","R","BOSS","M","?","M","?","M","E"],"items_purchased_type":["Relic","Relic"],"build_version":"2020-12-22","purchased_purges":1,"victory":false,"max_hp_per_floor":[75,75,75,75,75,75,75,75,75,75,75,75,75,75,75,75,75,75,75,75,75,75,75,82,89,89,89,89,89,89,89,89,89,89,89,89,89,89,89,89,89],"card_choices":[{"not_picked":["Double Energy","Static Discharge"],"picked":"Ball Lightning","floor":1.0},{"not_picked":["Stack","Turbo"],"picked":"Static Discharge","floor":2.0},{"not_picked":["Rebound","Redo","Auto Shields"],"picked":"SKIP","floor":3.0},{"not_picked":["Rebound","Redo"],"picked":"Auto Shields","floor":3.0},{"not_picked":["Undo","Barrage"],"picked":"Defragment","floor":5.0},{"not_picked":["BootSequence","Sweeping Beam"],"picked":"Loop","floor":6.0},{"not_picked":["Static Discharge","Streamline"],"picked":"Genetic Algorithm","floor":10.0},{"not_picked":["Redo","Sweeping Beam","Scrape"],"picked":"SKIP","floor":11.0},{"not_picked":["Hologram","Barrage"],"picked":"Biased Cognition","floor":13.0},{"not_picked":["Stack","Streamline","Beam Cell"],"picked":"SKIP","floor":14.0},{"not_picked":["Hyperbeam","Electrodynamics"],"picked":"Core Surge","floor":16},{"not_picked":["Tempest","Streamline"],"picked":"Coolheaded","floor":18},{"not_picked":["Ball Lightning","Darkness"],"picked":"Coolheaded+1","floor":19},{"not_picked":["Reprogram+1","Turbo","Heatsinks"],"picked":"SKIP","floor":21},{"not_picked":["Doom and Gloom","Rip and Tear"],"picked":"Loop+1","floor":22},{"not_picked":["Streamline","Auto Shields+1"],"picked":"Core Surge","floor":23},{"not_picked":["Darkness","FTL"],"picked":"Loop","floor":25},{"not_picked":["Gash","Force Field","Chaos"],"picked":"SKIP","floor":28},{"not_picked":["Turbo","Leap+1"],"picked":"Blizzard+1","floor":31},{"not_picked":["Machine Learning","All For One"],"picked":"Echo Form","floor":33},{"not_picked":["Sweeping Beam","Streamline","Rebound"],"picked":"SKIP","floor":35},{"not_picked":["Compile Driver","Auto Shields","Stack+1"],"picked":"SKIP","floor":37},{"not_picked":["Chaos+1","Stack+1"],"picked":"Conserve Battery+1","floor":38},{"not_picked":["Gash","Cold Snap","Beam Cell+1"],"picked":"SKIP","floor":39}],"player_experience":493867,"relics_obtained":[{"floor":6.0,"key":"Centennial Puzzle"},{"floor":9.0,"key":"Oddly Smooth Stone"},{"floor":11.0,"key":"Juzu Bracelet"},{"floor":13.0,"key":"White Beast Statue"},{"floor":20,"key":"Ice Cream"},{"floor":23,"key":"Pantograph"},{"floor":25,"key":"Strawberry"},{"floor":26,"key":"Matryoshka"},{"floor":31,"key":"Bottled Flame"},{"floor":38,"key":"Thread and Needle"}],"event_choices":[{"damage_healed":0.0,"max_hp_gain":0.0,"max_hp_loss":0.0,"gold_gain":0.0,"event_name":"NoteForYourself","player_choice":"Ignored","floor":4.0,"gold_loss":0.0,"damage_taken":0.0},{"cards_removed":["Strike_B"],"damage_healed":0.0,"max_hp_gain":0.0,"max_hp_loss":0.0,"gold_gain":0.0,"event_name":"Purifier","player_choice":"Purged","floor":12.0,"gold_loss":0.0,"damage_taken":0.0},{"cards_removed":["Strike_B"],"damage_healed":0,"gold_gain":0,"player_choice":"Elegance","damage_taken":0,"max_hp_gain":0,"max_hp_loss":0,"event_name":"Back to Basics","floor":29,"gold_loss":0},{"damage_healed":0,"gold_gain":99,"player_choice":"Stole From Cult","damage_taken":0,"max_hp_gain":0,"max_hp_loss":0,"event_name":"Nest","floor":30,"gold_loss":0},{"damage_healed":0,"gold_gain":0,"player_choice":"Forge","damage_taken":0,"max_hp_gain":0,"max_hp_loss":0,"event_name":"Accursed Blacksmith","floor":36,"gold_loss":0,"cards_upgraded":["Echo Form"]},{"damage_healed":0,"gold_gain":0,"player_choice":"Fight","damage_taken":0,"max_hp_gain":0,"max_hp_loss":0,"event_name":"Mysterious Sphere","floor":38,"gold_loss":0}],"is_beta":false,"boss_relics":[{"not_picked":["SacredBark","FrozenCore"],"picked":"Runic Dome"},{"not_picked":["Busted Crown","Fusion Hammer"],"picked":"Nuclear Battery"}],"items_purged_floors":[24],"is_endless":false,"potions_floor_spawned":[1,3,11,14,16,18,19,21,22,23,25,28,31,33,35,37,38,39],"killed_by":"Reptomancer","ascension_level":4}}