{"host":"p0hktren06injwdf","time":1613448136,"event":{"mods":["AchievementEnabler","BaseMod","Colored Map","DeckTracker","Minty Spire (QoL Compilation)","Permanent Neow","StSLib","SuperFastMode"],"gold_per_floor":[209,209,219,236,250,280,291,318,388,388,407,417,434,434,434,534,534,548,548,548,230,249,249,281,281,350,350,69,99,99,199,199,301,301,320,320,320,331,351,351,380,380,380,307,307,332,352,366,366,366,366,366,143,175,175],"floor_reached":56,"language":"KOR","playtime":1500,"items_purged":["Strike_G","Defend_G+1","Venomology+1"],"score":1380,"play_id":"2206c446-3fa4-4639-977d-4bcb3620d438","local_time":"20210216130216","is_ascension_mode":false,"campfire_choices":[{"data":"Blade Dance","floor":10.0,"key":"SMITH"},{"data":"Neutralize","floor":15,"key":"SMITH"},{"data":"After Image","floor":23,"key":"SMITH"},{"data":"Terror","floor":25,"key":"SMITH"},{"data":"Cloak And Dagger","floor":27,"key":"SMITH"},{"data":"Accuracy","floor":30,"key":"SMITH"},{"data":"Bouncing Flask","floor":32,"key":"SMITH"},{"data":"Footwork","floor":40,"key":"SMITH"},{"floor":42,"key":"RECALL"},{"data":"Cloak And Dagger","floor":45,"key":"SMITH"},{"data":"Accuracy","floor":49,"key":"SMITH"},{"data":"Cloak And Dagger","floor":52,"key":"SMITH"}],"circlet_count":0,"master_deck":["Survivor","Neutralize+1","Cloak And Dagger+1","Blade Dance+1","Dagger Spray","Glass Knife","Cloak And Dagger+1","Cloak And Dagger+1","Dodge and Roll","Deadly Poison","Bouncing Flask+1","After Image+1","Leg Sweep","Terror+1","Accuracy+1","Adrenaline","PanicButton","Dodge and Roll","Finisher+1","Prepared+1","Crippling Poison+1","Poisoned Stab+1","Escape Plan+1","Calculated Gamble+1","Leg Sweep+1","PiercingWail+1","Finesse+1","Madness+1","Madness+1","Footwork+1","Cloak And Dagger+1","Malaise+1","Accuracy+1","Blade Dance+1","Backflip+1","Burst+1","After Image"],"relics":["Ring of the Snake","The Courier","Snake Skull","Paper Crane","Philosopher\u0027s Stone","Calipers","Molten Egg 2","Toxic Egg 2","War Paint","Prayer Wheel","HornCleat","Pandora\u0027s Box","Bottled Tornado","Happy Flower","Lantern"],"acts_visited":["Exordium","TheCity","TheBeyond","TheEnding"],"potions_floor_usage":[18,29,29,38,38,46,50],"damage_taken":[{"damage":0.0,"enemies":"Jaw Worm","floor":1.0,"turns":6.0},{"damage":0.0,"enemies":"Cultist","floor":3.0,"turns":3.0},{"damage":0.0,"enemies":"2 Louse","floor":4.0,"turns":2.0},{"damage":0.0,"enemies":"2 Fungi Beasts","floor":5.0,"turns":3.0},{"damage":14.0,"enemies":"3 Sentries","floor":6.0,"turns":6.0},{"damage":1.0,"enemies":"Blue Slaver","floor":7.0,"turns":3.0},{"damage":14.0,"enemies":"Gremlin Nob","floor":8.0,"turns":4.0},{"damage":0.0,"enemies":"Large Slime","floor":11.0,"turns":5.0},{"damage":11.0,"enemies":"Exordium Wildlife","floor":12.0,"turns":4.0},{"damage":2.0,"enemies":"Exordium Thugs","floor":13.0,"turns":4.0},{"damage":4,"enemies":"Hexaghost","floor":16,"turns":9},{"damage":9,"enemies":"3 Byrds","floor":18,"turns":3},{"damage":12,"enemies":"Spheric Guardian","floor":22,"turns":4},{"damage":0,"enemies":"Book of Stabbing","floor":24,"turns":5},{"damage":17,"enemies":"Gremlin Leader","floor":29,"turns":6},{"damage":0,"enemies":"Colosseum Slavers","floor":31,"turns":4},{"damage":0,"enemies":"Colosseum Nobs","floor":31,"turns":5},{"damage":13,"enemies":"Automaton","floor":33,"turns":11},{"damage":0,"enemies":"3 Shapes","floor":35,"turns":2},{"damage":2,"enemies":"3 Darklings","floor":38,"turns":5},{"damage":10,"enemies":"Writhing Mass","floor":39,"turns":5},{"damage":0,"enemies":"Nemesis","floor":41,"turns":9},{"damage":0,"enemies":"Giant Head","floor":46,"turns":6},{"damage":0,"enemies":"Sphere and 2 Shapes","floor":47,"turns":5},{"damage":0,"enemies":"4 Shapes","floor":48,"turns":4},{"damage":1,"enemies":"Donu and Deca","floor":50,"turns":9},{"damage":8,"enemies":"Shield and Spear","floor":54,"turns":7},{"damage":27,"enemies":"The Heart","floor":55,"turns":9}],"seed_played":"6563983879814827453","potions_obtained":[{"floor":1.0,"key":"ColorlessPotion"},{"floor":5.0,"key":"LiquidBronze"},{"floor":7.0,"key":"BlessingOfTheForge"},{"floor":11.0,"key":"Energy Potion"},{"floor":12.0,"key":"Swift Potion"},{"floor":18,"key":"Fire Potion"},{"floor":22,"key":"GhostInAJar"},{"floor":33,"key":"GamblersBrew"},{"floor":35,"key":"Strength Potion"},{"floor":48,"key":"LiquidMemories"}],"is_trial":false,"path_per_floor":["M","?","M","M","M","E","M","E","T","R","M","M","M","?","R","B",null,"M","?","?","$","M","R","E","R","T","R","$","E","R","?","R","B",null,"M","?","?","M","M","R","E","R","T","$","R","E","M","M","R","B",null,"R","$","E","B",null],"character_chosen":"THE_SILENT","items_purchased":["Accuracy","Adrenaline","PanicButton","Toxic Egg 2","Accuracy","Blade Dance+1","Burst+1"],"campfire_rested":0,"item_purchase_floors":[21,21,21,28,44,44,53],"current_hp_per_floor":[70,56,56,56,56,42,41,27,27,27,27,16,14,14,14,10,70,61,61,61,61,49,49,49,49,49,49,49,32,32,32,32,19,70,70,70,61,70,60,60,60,60,60,60,60,60,60,60,60,59,70,70,70,62,35],"gold":175,"neow_bonus":"HUNDRED_GOLD","is_daily":false,"chose_seed":false,"campfire_upgraded":11,"win_rate":0.0,"timestamp":1613448136,"path_taken":["M","?","M","M","M","E","M","E","T","R","M","M","M","?","R","BOSS","M","?","?","$","M","R","E","R","T","R","$","E","R","?","R","BOSS","M","?","?","M","M","R","E","R","T","$","R","E","M","M","R","BOSS","R","$","E","BOSS"],"items_purchased_type":["Card","Card","Card","Relic","Card","Card","Card"],"build_version":"2020-12-22","purchased_purges":3,"victory":true,"max_hp_per_floor":[70,70,70,70,70,70,70,70,70,70,70,70,70,70,70,70,70,70,70,70,70,70,70,70,70,70,70,70,70,70,70,70,70,70,70,70,70,70,70,70,70,70,70,70,70,70,70,70,70,70,70,70,70,70,70],"card_choices":[{"not_picked":["Well Laid Plans","Dagger Throw"],"picked":"Cloak And Dagger","floor":1.0},{"not_picked":["Poisoned Stab","Noxious Fumes"],"picked":"Blade Dance","floor":3.0},{"not_picked":["Calculated Gamble","Prepared"],"picked":"Dagger Spray","floor":4.0},{"not_picked":["Outmaneuver","Dagger Throw"],"picked":"Glass Knife","floor":5.0},{"not_picked":["Heel Hook","Dodge and Roll"],"picked":"Cloak And Dagger","floor":6.0},{"not_picked":["Caltrops","Riddle With Holes"],"picked":"Cloak And Dagger","floor":7.0},{"not_picked":["Deadly Poison","Bouncing Flask"],"picked":"Dodge and Roll","floor":8.0},{"not_picked":["Dodge and Roll","Expertise"],"picked":"Deadly Poison","floor":11.0},{"not_picked":["Distraction","Deadly Poison","Prepared"],"picked":"SKIP","floor":12.0},{"not_picked":["Dodge and Roll","Escape Plan"],"picked":"Bouncing Flask","floor":13.0},{"not_picked":["A Thousand Cuts","Tools of the Trade"],"picked":"After Image","floor":16},{"not_picked":["Quick Slash","Expertise"],"picked":"Leg Sweep","floor":18},{"not_picked":["Dagger Spray","Flying Knee","Outmaneuver"],"picked":"SKIP","floor":22},{"not_picked":["Dagger Throw+1","Acrobatics"],"picked":"Dodge and Roll","floor":24},{"not_picked":["Heel Hook+1","Outmaneuver+1","Storm of Steel+1"],"picked":"SKIP","floor":29},{"not_picked":["Outmaneuver+1","Dodge and Roll+1"],"picked":"Finisher+1","floor":31},{"not_picked":["Wraith Form v2","Bullet Time+1"],"picked":"Venomology+1","floor":33},{"not_picked":["All Out Attack+1","Skewer+1"],"picked":"PiercingWail+1","floor":35},{"not_picked":["Poisoned Stab+1","Dagger Spray+1","Quick Slash+1"],"picked":"SKIP","floor":35},{"not_picked":["Mind Blast+1","PanicButton+1"],"picked":"Finesse+1","floor":36},{"not_picked":["Predator+1","Dagger Spray+1","Backstab+1"],"picked":"SKIP","floor":38},{"not_picked":["Bane+1","Sucker Punch+1","Slice+1"],"picked":"SKIP","floor":38},{"not_picked":["Tools of the Trade","Backflip+1"],"picked":"Footwork","floor":39},{"not_picked":["Dagger Spray+1","Quick Slash+1","Cloak And Dagger+1"],"picked":"SKIP","floor":39},{"not_picked":["Dagger Spray+1","Quick Slash+1"],"picked":"Cloak And Dagger+1","floor":39},{"not_picked":["Eviscerate+1","Well Laid Plans+1"],"picked":"Malaise+1","floor":41},{"not_picked":["Sucker Punch+1","Underhanded Strike+1","Poisoned Stab+1"],"picked":"SKIP","floor":46},{"not_picked":["Noxious Fumes+1","Accuracy+1"],"picked":"Backflip+1","floor":47},{"not_picked":["Dagger Spray+1","Flying Knee+1","Dagger Throw+1"],"picked":"SKIP","floor":47},{"not_picked":["Endless Agony+1","Underhanded Strike+1","Outmaneuver+1"],"picked":"SKIP","floor":48},{"not_picked":["Dagger Throw+1","Predator+1","Deflect+1"],"picked":"SKIP","floor":48},{"not_picked":["Escape Plan+1","Backstab+1"],"picked":"After Image","floor":54}],"player_experience":1071693,"relics_obtained":[{"floor":6.0,"key":"The Courier"},{"floor":8.0,"key":"Snake Skull"},{"floor":9.0,"key":"Paper Crane"},{"floor":24,"key":"Calipers"},{"floor":26,"key":"Molten Egg 2"},{"floor":29,"key":"War Paint"},{"floor":31,"key":"Prayer Wheel"},{"floor":31,"key":"HornCleat"},{"floor":41,"key":"Bottled Tornado"},{"floor":46,"key":"Happy Flower"},{"floor":54,"key":"Lantern"}],"event_choices":[{"damage_healed":0.0,"max_hp_gain":0.0,"max_hp_loss":0.0,"gold_gain":0.0,"event_name":"Shining Light","player_choice":"Entered Light","floor":2.0,"gold_loss":0.0,"damage_taken":14.0,"cards_upgraded":["Strike_G","Defend_G"]},{"cards_removed":["Strike_G"],"damage_healed":0,"gold_gain":0,"player_choice":"Offered Basic","damage_taken":0,"max_hp_gain":0,"max_hp_loss":0,"event_name":"Bonfire Elementals","floor":14,"gold_loss":0},{"damage_healed":0,"gold_gain":0,"player_choice":"Read","damage_taken":0,"max_hp_gain":0,"max_hp_loss":0,"event_name":"The Library","floor":19,"gold_loss":0,"cards_obtained":["Terror"]},{"cards_removed":["Defend_G"],"damage_healed":0,"gold_gain":0,"player_choice":"Elegance","damage_taken":0,"max_hp_gain":0,"max_hp_loss":0,"event_name":"Back to Basics","floor":20,"gold_loss":0},{"damage_healed":0,"gold_gain":0,"player_choice":"Fight","damage_taken":0,"max_hp_gain":0,"max_hp_loss":0,"event_name":"Colosseum","floor":31,"gold_loss":0},{"damage_healed":0,"gold_gain":0,"player_choice":"Fought Nobs","damage_taken":0,"max_hp_gain":0,"max_hp_loss":0,"event_name":"Colosseum","floor":31,"gold_loss":0},{"damage_healed":0,"gold_gain":0,"player_choice":"Memory 1","damage_taken":0,"max_hp_gain":0,"max_hp_loss":0,"event_name":"SensoryStone","floor":36,"gold_loss":0},{"damage_healed":0,"gold_gain":0,"player_choice":"Embrace Madness","damage_taken":9,"max_hp_gain":0,"max_hp_loss":0,"event_name":"Winding Halls","floor":37,"gold_loss":0,"cards_obtained":["Madness","Madness"]}],"is_beta":false,"boss_relics":[{"not_picked":["Sozu","Fusion Hammer"],"picked":"Philosopher\u0027s Stone"},{"not_picked":["Runic Pyramid","Tiny House"],"picked":"Pandora\u0027s Box"}],"items_purged_floors":[21,28,53],"is_endless":false,"potions_floor_spawned":[1,5,7,11,12,18,22,31,33,35,48],"ascension_level":0}}