{"host":"cjhtzh7tp54jdfyv","time":1613510791,"event":{"mods":["AchievementEnabler","BaseMod","Colored Map","Colored Powertips","Curses Come First","DeckTracker","Filter the Spire","Minty Spire (QoL Compilation)","RNG Fix","Relic Sorter","Relic Stats","StSLib","UnlockEverythingMod","ojb\u0027s Better Paths Mod","ojb\u0027s Info Mod"],"gold_per_floor":[111,128,142,217,232,257,257,267,294,294,294,325,344,373,373,449,449,468,481,86,99,112,112,145,145,145,158,187,11,111,121,121,194,194,206,224,239,251,261,261,296,296,296,327,327,358,372,389,389,389,389,389,389,26,55,55,55],"floor_reached":56,"language":"ENG","playtime":6842,"items_purged":["Defend_P","Strike_P"],"score":2131,"play_id":"81327cac-75b8-4eb3-a181-68d84a65a44f","local_time":"20210216162631","is_ascension_mode":true,"campfire_choices":[{"data":"Eruption","floor":10.0,"key":"SMITH"},{"data":"CrushJoints","floor":15.0,"key":"SMITH"},{"data":"Blasphemy","floor":23.0,"key":"SMITH"},{"data":"Meditate","floor":25.0,"key":"SMITH"},{"data":"1","floor":32.0,"key":"LIFT"},{"data":"2","floor":40.0,"key":"LIFT"},{"data":"3","floor":42.0,"key":"LIFT"},{"floor":45.0,"key":"RECALL"},{"data":"Defend_P","floor":49.0,"key":"PURGE"},{"data":"Strike_P","floor":53.0,"key":"PURGE"}],"circlet_count":0,"master_deck":["AscendersBane","Strike_P+1","Strike_P+1","Defend_P+1","Eruption+1","Vigilance+1","Meditate+1","SignatureMove+1","Consecrate+1","CrushJoints+1","FlurryOfBlows+1","FlurryOfBlows","Blasphemy+1","SashWhip+1","Tantrum+1","JustLucky","Wireheading+1","LessonLearned+1","MentalFortress+1","EmptyFist","Ragnarok","TalkToTheHand+1","FlurryOfBlows+1","CutThroughFate+1","Vengeance+1","Adaptation+1","Secret Weapon"],"relics":["Coffee Dripper","Happy Flower","Akabeko","HornCleat","Meat on the Bone","Sozu","Bag of Preparation","ClockworkSouvenir","Girya","Regal Pillow","Mango","Pear","Black Star","CaptainsWheel","StrikeDummy","Yang","Peace Pipe","Juzu Bracelet","Bronze Scales","Frozen Egg 2","Mercury Hourglass","Nunchaku"],"acts_visited":["Exordium","TheCity","TheBeyond","TheEnding"],"potions_floor_usage":[56],"damage_taken":[{"damage":0.0,"enemies":"Cultist","floor":1.0,"turns":3.0},{"damage":2.0,"enemies":"2 Louse","floor":2.0,"turns":3.0},{"damage":0.0,"enemies":"Small Slimes","floor":3.0,"turns":2.0},{"damage":2.0,"enemies":"Looter","floor":5.0,"turns":5.0},{"damage":29.0,"enemies":"3 Sentries","floor":6.0,"turns":9.0},{"damage":0.0,"enemies":"Exordium Wildlife","floor":8.0,"turns":2.0},{"damage":0.0,"enemies":"Gremlin Nob","floor":12.0,"turns":2.0},{"damage":5.0,"enemies":"Gremlin Gang","floor":13.0,"turns":3.0},{"damage":7.0,"enemies":"Lagavulin","floor":14.0,"turns":4.0},{"damage":9.0,"enemies":"Hexaghost","floor":16.0,"turns":7.0},{"damage":0.0,"enemies":"Chosen","floor":18.0,"turns":3.0},{"damage":0.0,"enemies":"Spheric Guardian","floor":19.0,"turns":1.0},{"damage":0.0,"enemies":"Snecko","floor":21.0,"turns":2.0},{"damage":16.0,"enemies":"Snake Plant","floor":22.0,"turns":2.0},{"damage":4.0,"enemies":"Book of Stabbing","floor":24.0,"turns":3.0},{"damage":0.0,"enemies":"Shelled Parasite and Fungi","floor":27.0,"turns":1.0},{"damage":17.0,"enemies":"Gremlin Leader","floor":28.0,"turns":4.0},{"damage":4.0,"enemies":"Colosseum Slavers","floor":30.0,"turns":3.0},{"damage":6.0,"enemies":"Colosseum Nobs","floor":30.0,"turns":3.0},{"damage":0.0,"enemies":"3 Cultists","floor":31.0,"turns":1.0},{"damage":9.0,"enemies":"Champ","floor":33.0,"turns":5.0},{"damage":0.0,"enemies":"Orb Walker","floor":35.0,"turns":2.0},{"damage":9.0,"enemies":"3 Shapes","floor":36.0,"turns":4.0},{"damage":0.0,"enemies":"3 Darklings","floor":37.0,"turns":5.0},{"damage":26.0,"enemies":"Transient","floor":38.0,"turns":6.0},{"damage":0.0,"enemies":"Spire Growth","floor":39.0,"turns":4.0},{"damage":0.0,"enemies":"Reptomancer","floor":41.0,"turns":1.0},{"damage":0.0,"enemies":"Nemesis","floor":44.0,"turns":1.0},{"damage":9.0,"enemies":"Giant Head","floor":46.0,"turns":4.0},{"damage":0.0,"enemies":"Sphere and 2 Shapes","floor":47.0,"turns":2.0},{"damage":0.0,"enemies":"Transient","floor":48.0,"turns":6.0},{"damage":30.0,"enemies":"Donu and Deca","floor":50.0,"turns":7.0},{"damage":15.0,"enemies":"Time Eater","floor":51.0,"turns":6.0},{"damage":46.0,"enemies":"Shield and Spear","floor":55.0,"turns":4.0},{"damage":100036,"enemies":"The Heart","floor":56,"turns":4}],"seed_played":"4231222723122893830","potions_obtained":[{"floor":1.0,"key":"SmokeBomb"},{"floor":2.0,"key":"Regen Potion"},{"floor":5.0,"key":"FearPotion"},{"floor":6.0,"key":"DuplicationPotion"},{"floor":11.0,"key":"CultistPotion"},{"floor":16.0,"key":"Block Potion"}],"is_trial":false,"path_per_floor":["M","M","M","?","M","E","?","M","T","R","?","E","M","E","R","B",null,"M","M","$","M","M","R","E","R","T","M","E","$","?","M","R","B",null,"M","M","M","M","M","R","E","R","T","E","R","E","M","M","R","B","B",null,"R","$","E","B"],"character_chosen":"WATCHER","items_purchased":["Bag of Preparation","ClockworkSouvenir","LessonLearned","Adaptation+1","Secret Weapon"],"campfire_rested":0,"item_purchase_floors":[20,20,29,54,54],"current_hp_per_floor":[61,59,59,48,60,31,31,31,31,31,31,31,26,19,19,22,57,57,57,57,57,41,41,37,37,37,37,32,32,70,70,70,61,84,84,75,75,49,49,49,49,49,49,49,49,52,52,52,52,34,31,77,77,77,43,0,0],"gold":55,"neow_bonus":"BOSS_RELIC","is_daily":false,"chose_seed":false,"campfire_upgraded":4,"win_rate":0.0,"timestamp":1613510791,"path_taken":["M","M","M","?","?","E","?","?","T","R","?","E","M","E","R","BOSS","M","M","$","M","?","R","E","R","T","M","E","$","?","M","R","BOSS","M","M","M","M","M","R","E","R","T","E","R","E","M","M","R","BOSS","BOSS","R","$","E","BOSS"],"items_purchased_type":["Relic","Relic","Card","Card","Card"],"build_version":"2020-12-22","purchased_purges":2,"victory":false,"max_hp_per_floor":[68,68,68,68,68,68,68,68,68,68,68,68,68,68,68,68,68,68,68,68,68,68,68,68,68,68,68,68,68,92,92,92,92,92,92,92,92,92,92,92,92,92,92,92,92,92,92,92,92,92,92,92,92,92,92,92,92],"relic_stats":{"Regal Pillow":0,"Happy Flower":[24],"counters":[35,123],"Yang":[137],"Bag of Preparation":[46],"Juzu Bracelet":0,"Mercury Hourglass":[12],"Sozu":12,"Peace Pipe":2,"Nunchaku":[0],"Bronze Scales":[129],"Black Star":4,"obtain_stats":[{"Girya":26,"Regal Pillow":28,"Pear":30,"Happy Flower":24,"Mango":30,"Yang":43,"Bag of Preparation":20,"Juzu Bracelet":44,"Frozen Egg 2":46,"Akabeko":6,"ClockworkSouvenir":20,"Mercury Hourglass":55,"Sozu":17,"Peace Pipe":44,"CaptainsWheel":41,"Nunchaku":55,"HornCleat":12,"Bronze Scales":46,"Coffee Dripper":0,"Black Star":34,"PureWater":0,"StrikeDummy":41,"Meat on the Bone":14},{"Girya":15,"Regal Pillow":17,"Pear":19,"Happy Flower":15,"Mango":19,"Yang":27,"Bag of Preparation":12,"Juzu Bracelet":28,"Frozen Egg 2":29,"Akabeko":5,"ClockworkSouvenir":12,"Mercury Hourglass":34,"Sozu":10,"Peace Pipe":28,"CaptainsWheel":27,"Nunchaku":34,"HornCleat":7,"Bronze Scales":29,"Coffee Dripper":0,"Black Star":21,"PureWater":0,"StrikeDummy":27,"Meat on the Bone":9},{"Girya":51,"Regal Pillow":56,"Pear":62,"Happy Flower":51,"Mango":62,"Yang":90,"Bag of Preparation":44,"Juzu Bracelet":91,"Frozen Egg 2":95,"Akabeko":22,"ClockworkSouvenir":44,"Mercury Hourglass":120,"Sozu":40,"Peace Pipe":91,"CaptainsWheel":90,"Nunchaku":120,"HornCleat":26,"Bronze Scales":95,"Coffee Dripper":0,"Black Star":68,"PureWater":0,"StrikeDummy":90,"Meat on the Bone":33}],"Meat on the Bone":96},"card_choices":[{"not_picked":["WheelKick","LikeWater"],"picked":"Meditate","floor":1.0},{"not_picked":["FlurryOfBlows","FollowUp"],"picked":"SignatureMove","floor":2.0},{"not_picked":["Prostrate","LikeWater","EmptyBody"],"picked":"SKIP","floor":3.0},{"not_picked":["Meditate","BattleHymn"],"picked":"Consecrate","floor":5.0},{"not_picked":["Ragnarok","Prostrate"],"picked":"CrushJoints","floor":6.0},{"not_picked":["Prostrate","Collect"],"picked":"FlurryOfBlows","floor":8.0},{"not_picked":["LikeWater","Crescendo","Protect"],"picked":"SKIP","floor":12.0},{"not_picked":["BowlingBash","Consecrate","Crescendo"],"picked":"SKIP","floor":13.0},{"not_picked":["WindmillStrike","Evaluate"],"picked":"FlurryOfBlows","floor":14.0},{"not_picked":["MasterReality","Devotion"],"picked":"Blasphemy","floor":16.0},{"not_picked":["PathToVictory","Halt","Evaluate"],"picked":"SKIP","floor":18.0},{"not_picked":["PathToVictory","Halt"],"picked":"SashWhip+1","floor":19.0},{"not_picked":["ReachHeaven","ThirdEye+1"],"picked":"Tantrum","floor":21.0},{"not_picked":["SandsOfTime","Consecrate"],"picked":"JustLucky","floor":22.0},{"not_picked":["CrushJoints","Protect","Nirvana"],"picked":"SKIP","floor":24.0},{"not_picked":["PathToVictory","EmptyFist"],"picked":"Wireheading+1","floor":27.0},{"not_picked":["ThirdEye","Evaluate+1","BowlingBash+1"],"picked":"SKIP","floor":28.0},{"not_picked":["FollowUp","Vengeance+1"],"picked":"MentalFortress","floor":30.0},{"not_picked":["SashWhip","Conclude"],"picked":"EmptyFist","floor":31.0},{"not_picked":["Brilliance","Devotion"],"picked":"Ragnarok","floor":33.0},{"not_picked":["SandsOfTime+1","LikeWater","Crescendo"],"picked":"SKIP","floor":35.0},{"not_picked":["DeceiveReality","EmptyMind"],"picked":"TalkToTheHand","floor":36.0},{"not_picked":["WindmillStrike","FollowUp","Protect+1"],"picked":"SKIP","floor":37.0},{"not_picked":["Prostrate","Study","Nirvana"],"picked":"SKIP","floor":38.0},{"not_picked":["BowlingBash","ForeignInfluence"],"picked":"FlurryOfBlows+1","floor":39.0},{"not_picked":["EmptyBody","Protect"],"picked":"CutThroughFate+1","floor":41.0},{"not_picked":["Study","Crescendo","Establishment"],"picked":"SKIP","floor":44.0},{"not_picked":["Meditate","JustLucky","Tantrum"],"picked":"SKIP","floor":46.0},{"not_picked":["Evaluate","Prostrate"],"picked":"Vengeance+1","floor":47.0},{"not_picked":["SignatureMove","FlurryOfBlows","ThirdEye+1"],"picked":"SKIP","floor":48.0},{"not_picked":["SashWhip","Weave","ConjureBlade"],"picked":"SKIP","floor":55.0}],"player_experience":4929099,"relics_obtained":[{"floor":6.0,"key":"Akabeko"},{"floor":12.0,"key":"HornCleat"},{"floor":14.0,"key":"Meat on the Bone"},{"floor":24.0,"key":"Happy Flower"},{"floor":26.0,"key":"Girya"},{"floor":28.0,"key":"Regal Pillow"},{"floor":30.0,"key":"Mango"},{"floor":30.0,"key":"Pear"},{"floor":41.0,"key":"CaptainsWheel"},{"floor":41.0,"key":"StrikeDummy"},{"floor":43.0,"key":"Yang"},{"floor":44.0,"key":"Peace Pipe"},{"floor":44.0,"key":"Juzu Bracelet"},{"floor":46.0,"key":"Bronze Scales"},{"floor":46.0,"key":"Frozen Egg 2"},{"floor":55.0,"key":"Mercury Hourglass"},{"floor":55.0,"key":"Nunchaku"}],"event_choices":[{"damage_healed":0.0,"max_hp_gain":0.0,"max_hp_loss":0.0,"gold_gain":75.0,"event_name":"World of Goop","player_choice":"Gather Gold","floor":4.0,"gold_loss":0.0,"damage_taken":11.0},{"cards_removed":["Defend_P"],"damage_healed":0.0,"max_hp_gain":0.0,"max_hp_loss":0.0,"gold_gain":0.0,"event_name":"Living Wall","player_choice":"Forget","floor":7.0,"gold_loss":0.0,"damage_taken":0.0},{"damage_healed":0.0,"max_hp_gain":0.0,"max_hp_loss":0.0,"gold_gain":0.0,"event_name":"Lab","player_choice":"Got Potions","floor":11.0,"gold_loss":0.0,"damage_taken":0.0},{"damage_healed":0.0,"max_hp_gain":0.0,"max_hp_loss":0.0,"gold_gain":0.0,"event_name":"Colosseum","player_choice":"Fight","floor":30.0,"gold_loss":0.0,"damage_taken":0.0},{"damage_healed":0.0,"max_hp_gain":0.0,"max_hp_loss":0.0,"gold_gain":0.0,"event_name":"Colosseum","player_choice":"Fought Nobs","floor":30.0,"gold_loss":0.0,"damage_taken":0.0}],"is_beta":false,"boss_relics":[{"not_picked":["Fusion Hammer","Busted Crown"],"picked":"Sozu"},{"not_picked":["Empty Cage","Snecko Eye"],"picked":"Black Star"}],"items_purged_floors":[20,54],"is_endless":false,"potions_floor_spawned":[1,2,5,6,16,21,22,24,27,30,31,37,38,41,44,47,48],"killed_by":"The Heart","ascension_level":20}}