{"host":"si6a1ixj09zwrub4","time":1613459504,"event":{"mods":["2.2 Compatiblity","A Magickal Journey","AchievementEnabler","Act Like it!","Aspiration","Bard","BaseMod","Beaked The Cultist","BetterRewards","Colored Powertips","Conspire","Defuse TimeMaze Blight","Dio Mod","Downfall","Elementarium","Energized Spire","GifTheSpireLib","Hermit","HololiveMod","Hubris","Infinite Spire","Lobotomy","Melee Mod","Minty Spire (QoL Compilation)","Permanent Neow","Potionbrewer","QueenMod","READ ME - Guardian Mod","READ ME - Snecko Mod","Railgun Mod","Random Character Button","Remilia（蕾米莉亚）","Shade Mod","Shop Mod","Slumbering Mod","StSLib","The Accelerator","The Animator","The Bladedancer","The Bug Knight","The Construct","The Cursed","The Death Knight","The Disciple","The Exalted","The Florist","The Forsaken","The Gatherer","The Hierophant","The Judge","The Marked","The Mystic","The Runesmith","The Senshi","The Wild Card","TheBandit","TheFirefly","TheHero","Waifu the Spire","Wandering Minibosses"],"gold_per_floor":[117,117,117,117,42,78,78,143,143,219,239,239,259,282,282,405,405,405,405],"floor_reached":18,"language":"ENG","playtime":1057,"items_purged":["Injury"],"score":158,"play_id":"4c30e1c0-ef34-4128-8f32-738c438da213","local_time":"20210216141144","is_ascension_mode":false,"campfire_choices":[{"data":"mysticmod:Snowball","floor":7,"key":"SMITH"},{"floor":15,"key":"REST"}],"circlet_count":0,"master_deck":["mysticmod:Strike_Mystic","mysticmod:Strike_Mystic","mysticmod:Strike_Mystic","mysticmod:Strike_Mystic","mysticmod:Defend_Mystic","mysticmod:Defend_Mystic","mysticmod:Defend_Mystic","mysticmod:Defend_Mystic","mysticmod:ArcaneDodge","mysticmod:ShockingGrasp+1","mysticmod:Snowball+1","mysticmod:ChargedParry","mysticmod:PreparedCaster+1","mysticmod:Spellstrike"],"relics":["mysticmod:SpellBook","Golden Idol","Torii","Toxic Egg 2","construct:ClawGrip"],"acts_visited":["Exordium","TheCity"],"potions_floor_usage":[6],"damage_taken":[{"damage":0,"enemies":"2 Louse","floor":1,"turns":3},{"damage":34,"enemies":"Lagavulin","floor":6,"turns":6},{"damage":0,"enemies":"theSlumbering:NewCultist","floor":11,"turns":2},{"damage":2,"enemies":"conspire:RoseBush","floor":13,"turns":3},{"damage":16,"enemies":"2 Fungi Beasts","floor":14,"turns":4},{"damage":42,"enemies":"The Guardian","floor":16,"turns":15},{"damage":0,"enemies":"3 Byrds","floor":18,"turns":1}],"seed_played":"2524381608288984851","potions_obtained":[{"floor":1,"key":"Fire Potion"}],"is_trial":false,"path_per_floor":["M","?","?","?","$","E","R","?","T","T","M","?","M","M","R","B",null,"M"],"character_chosen":"MYSTIC_CLASS","items_purchased":[],"campfire_rested":1,"item_purchase_floors":[],"current_hp_per_floor":[77,77,77,77,77,43,43,43,43,43,43,43,41,25,48,6,77,77,77],"gold":405,"neow_bonus":"UPGRADE_CARD","is_daily":false,"chose_seed":false,"campfire_upgraded":1,"win_rate":0.0,"timestamp":1613459504,"path_taken":["M","?","?","?","$","E","R","?","T","?","M","?","?","M","R","BOSS","M"],"items_purchased_type":[],"build_version":"2020-12-22","purchased_purges":1,"victory":false,"max_hp_per_floor":[77,77,77,77,77,77,77,77,77,77,77,77,77,77,77,77,77,77,77],"card_choices":[{"not_picked":["mysticmod:EarthenWall","mysticmod:VorpalThrust"],"picked":"mysticmod:Snowball","floor":1},{"not_picked":["mysticmod:EbbAndFlow","mysticmod:Snowball"],"picked":"mysticmod:ChargedParry","floor":6},{"not_picked":["mysticmod:PowerSlash","mysticmod:TomeOfSpells+1"],"picked":"mysticmod:PreparedCaster+1","floor":11},{"not_picked":["mysticmod:PureInstinct+1","mysticmod:Flurry","mysticmod:Daze+1"],"picked":"SKIP","floor":13},{"not_picked":["mysticmod:HeavyStrike","mysticmod:Shield+1","mysticmod:Daze+1"],"picked":"SKIP","floor":14},{"not_picked":["mysticmod:EnchantedMoulinet","mysticmod:SpellRecall+1"],"picked":"mysticmod:Spellstrike","floor":16}],"player_experience":400714,"relics_obtained":[{"floor":6,"key":"Torii"},{"floor":9,"key":"Toxic Egg 2"}],"event_choices":[{"damage_healed":0,"gold_gain":0,"player_choice":"Take Wound","damage_taken":0,"relics_obtained":["Golden Idol"],"max_hp_gain":0,"max_hp_loss":0,"event_name":"Golden Idol","floor":2,"gold_loss":0,"cards_obtained":["Injury"]},{"damage_healed":0,"gold_gain":65,"player_choice":"Gained Gold","damage_taken":0,"max_hp_gain":0,"max_hp_loss":0,"event_name":"Golden Wing","floor":8,"gold_loss":0}],"is_beta":false,"boss_relics":[{"not_picked":["Empty Cage","energizedSpire:MagnifyingGlass"],"picked":"construct:ClawGrip"}],"items_purged_floors":[5],"is_endless":false,"potions_floor_spawned":[1],"killed_by":"3 Byrds","ascension_level":0}}