{"host":"4amcrcg6ktw8dbzk","time":1613460286,"event":{"mods":["ATMod(°¢èªMod)","Act Like it!","BaseMod","Dota2Spire","Gensokyo","Minty Spire (QoL Compilation)","MostiFishMod","Spicy Shops","StSLib","Waifu the Spire","¡¾ÒÅÎï¿¨ÅÆ¡¿REMEMod"],"gold_per_floor":[-1284,-1271,-1271,-1271,-1255,-1255,-1235,-1201,-1201,-1201,-1185,-1155,-1155,-1121,-1121,-1042,-1042,-1026,-926,-906,-906,-892,-892,-862,-849,-825,-825,-799,-799,-764,-754,-754,-677,-677,-666,-49,-39,-27,-27,8,8,43,43,60,87,87,713,733,733,733,733,733,733,148,177,177],"floor_reached":57,"language":"ZHS","playtime":2713,"items_purged":["Strike_P"],"score":3619,"play_id":"0ed85868-cde0-43f3-8e80-ae13360bbcb5","local_time":"20210216152446","is_ascension_mode":true,"campfire_choices":[{"data":"MostiFishMod:HellRitual","floor":6.0,"key":"SMITH"},{"floor":10.0,"key":"REST"},{"data":"Eruption","floor":15.0,"key":"SMITH"},{"data":"Fasting2","floor":23.0,"key":"SMITH"},{"data":"Indignation","floor":29.0,"key":"SMITH"},{"floor":32.0,"key":"REST"},{"data":"Vault","floor":41.0,"key":"SMITH"},{"floor":46.0,"key":"RECALL"},{"data":"TalkToTheHand","floor":49.0,"key":"SMITH"},{"data":"Wallop","floor":53.0,"key":"SMITH"}],"circlet_count":0,"master_deck":["AscendersBane","Strike_P","Defend_P+1","Eruption+1","Vigilance+1","MostiFishMod:HellRitual+1","AT_FamilyPortrait","Prostrate","FlurryOfBlows","Blasphemy","CutThroughFate","Vault+1","Pray","Fasting2+1","Indignation+1","BowlingBash","FearNoEvil","Ragnarok","AT_EmpoweredMortalDraw","InnerPeace","MostiFishMod:LegendTransform","Ragnarok","EmptyMind+1","Wallop+1","TalkToTheHand+1"],"relics":["PureWater","DaveBox","REME_ComplimentaryCards","AT_ATBox","SynthV:MejaisSoulstealer","SynthV:TestCard","Letter Opener","TeardropLocket","Dota2Spire:OrchidMalevolence","AT_SeraphEmbrace","GuanYuAspect","Dota2Spire:Mjollnir","ThornShield","Matryoshka","War Paint","Akabeko","AT_RedTearstoneRing","AT_MortalBlade","Question Card","REME_PuzzleBoxRelic","Dota2Spire:PowerTreads","Pear","AT_ChloranthyRing","Dota2Spire:ShadowBlade","Dota2Spire:BattleFury","Dota2Spire:BlackKingBar","Art of War"],"acts_visited":["Exordium","Gensokyo:Gensokyo","Gensokyo:Gensokyoer","TheEnding"],"potions_floor_usage":[56,56,56],"damage_taken":[{"damage":6.0,"enemies":"Gensokyo:Gryphon","floor":1.0,"turns":4.0},{"damage":0.0,"enemies":"Gensokyo:Python","floor":2.0,"turns":2.0},{"damage":0.0,"enemies":"Gensokyo:3_Fairies","floor":5.0,"turns":3.0},{"damage":0.0,"enemies":"Gensokyo:LivingMonolith","floor":7.0,"turns":3.0},{"damage":0.0,"enemies":"Gensokyo:Mamizou","floor":8.0,"turns":6.0},{"damage":2.0,"enemies":"Gensokyo:3_Kodama","floor":11.0,"turns":4.0},{"damage":0.0,"enemies":"Gensokyo:Aya","floor":12.0,"turns":2.0},{"damage":0.0,"enemies":"Gensokyo:Mamizou","floor":14.0,"turns":8.0},{"damage":22.0,"enemies":"Gensokyo:Reimu","floor":16.0,"turns":4.0},{"damage":0.0,"enemies":"Gensokyo:AngelMirror","floor":18.0,"turns":3.0},{"damage":0.0,"enemies":"Gensokyo:AngelMirror","floor":19.0,"turns":5.0},{"damage":0.0,"enemies":"Gensokyo:3_Dogs","floor":20.0,"turns":3.0},{"damage":0.0,"enemies":"Gensokyo:Wraith","floor":22.0,"turns":4.0},{"damage":0.0,"enemies":"Gensokyo:Tenshi","floor":24.0,"turns":2.0},{"damage":0.0,"enemies":"Gensokyo:Swordslinger","floor":25.0,"turns":3.0},{"damage":24.0,"enemies":"Gensokyo:Koishi","floor":28.0,"turns":4.0},{"damage":16.0,"enemies":"Gensokyo:Reisen","floor":30.0,"turns":4.0},{"damage":7.0,"enemies":"Gensokyo:Mirror_and_Dog","floor":31.0,"turns":2.0},{"damage":0.0,"enemies":"Gensokyo:Eternal_Rivals","floor":33.0,"turns":7.0},{"damage":0.0,"enemies":"Gensokyo:AncientGuardian","floor":35.0,"turns":1.0},{"damage":0.0,"enemies":"Gensokyo:3_Boulders","floor":36.0,"turns":3.0},{"damage":0.0,"enemies":"Gensokyo:SeedOfUnknown","floor":37.0,"turns":1.0},{"damage":0.0,"enemies":"Gensokyo:4_Bats","floor":38.0,"turns":1.0},{"damage":0.0,"enemies":"Gensokyo:Kasen","floor":40.0,"turns":1.0},{"damage":0.0,"enemies":"Gensokyo:Doremy","floor":42.0,"turns":2.0},{"damage":0.0,"enemies":"Gensokyo:Rafflesia","floor":44.0,"turns":3.0},{"damage":0.0,"enemies":"Gensokyo:Kasen","floor":45.0,"turns":2.0},{"damage":0.0,"enemies":"Gensokyo:Marisa","floor":47.0,"turns":1.0},{"damage":0.0,"enemies":"Gensokyo:Sharpion","floor":48.0,"turns":2.0},{"damage":0.0,"enemies":"Gensokyo:Yuyuko","floor":50.0,"turns":2.0},{"damage":0.0,"enemies":"Gensokyo:Scarlet_Devils","floor":51.0,"turns":3.0},{"damage":0.0,"enemies":"Shield and Spear","floor":55.0,"turns":2.0},{"damage":8,"enemies":"The Heart","floor":56,"turns":4}],"seed_played":"-910126727584279419","potions_obtained":[{"floor":1.0,"key":"Regen Potion"},{"floor":5.0,"key":"Fire Potion"},{"floor":11.0,"key":"Strength Potion"},{"floor":18.0,"key":"FearPotion"},{"floor":20.0,"key":"REME_GoldPotion"},{"floor":22.0,"key":"Ambrosia"},{"floor":31.0,"key":"Explosive Potion"},{"floor":35.0,"key":"SkillPotion"},{"floor":38.0,"key":"DistilledChaos"},{"floor":40.0,"key":"BlessingOfTheForge"},{"floor":44.0,"key":"FearPotion"},{"floor":48.0,"key":"Regen Potion"}],"is_trial":false,"path_per_floor":["M","M","$","?","M","R","M","E","T","R","M","E","?","E","R","B",null,"M","?","M","?","M","R","E","M","T","?","E","R","E","M","R","B",null,"M","M","M","M","$","E","R","E","T","M","E","R","E","M","R","B","B",null,"R","$","E","B",null],"character_chosen":"WATCHER","items_purchased":["Dota2Spire:BattleFury","Dota2Spire:BlackKingBar","PowerPotion"],"campfire_rested":2,"item_purchase_floors":[54,54,54],"current_hp_per_floor":[61,61,61,25,25,25,25,25,25,47,45,45,45,45,45,43,37,37,37,37,37,37,37,37,37,37,37,19,19,14,14,20,37,37,37,37,37,37,37,37,37,37,42,47,47,47,47,47,47,47,47,47,47,47,47,47],"gold":177,"neow_bonus":"TEN_PERCENT_HP_BONUS","is_daily":false,"chose_seed":false,"campfire_upgraded":7,"win_rate":0.0,"timestamp":1613460286,"path_taken":["M","M","$","?","?","R","M","E","T","R","M","E","?","E","R","BOSS","M","?","M","?","M","R","E","?","T","?","E","R","E","M","R","BOSS","M","M","M","M","$","E","R","E","T","M","E","R","E","M","R","BOSS","BOSS","R","$","E","BOSS"],"items_purchased_type":["Relic","Relic","Potion"],"build_version":"2020-12-22","purchased_purges":1,"victory":true,"max_hp_per_floor":[74,74,74,74,74,74,74,74,74,74,74,74,74,74,74,74,37,37,37,37,37,37,37,37,37,37,37,37,37,37,37,37,37,37,37,37,37,37,37,37,37,37,47,47,47,47,47,47,47,47,47,47,47,47,47,47],"card_choices":[{"not_picked":["Consecrate","REME_Repentance","EmptyFist"],"picked":"SKIP","floor":1.0},{"not_picked":["EmptyFist","Crescendo","MostiFishMod:ScryFuture","SandsOfTime"],"picked":"Prostrate","floor":2.0},{"not_picked":["Study","MostiFishMod:Pointsdynamics","EmptyBody","Nirvana","Prostrate"],"picked":"SKIP","floor":5.0},{"not_picked":["JustLucky","PathToVictory","FollowUp","Halt"],"picked":"FlurryOfBlows","floor":7.0},{"not_picked":["ThirdEye","SandsOfTime","MostiFishMod:ScryFuture","EmptyBody","REME_Repentance"],"picked":"SKIP","floor":8.0},{"not_picked":["SashWhip","EmptyBody","Alpha","ThirdEye","PathToVictory"],"picked":"SKIP","floor":11.0},{"not_picked":["Collect","EmptyBody","BattleHymn","Consecrate"],"picked":"Blasphemy","floor":12.0},{"not_picked":["SandsOfTime","ClearTheMind","MostiFishMod:StarOceanP","Consecrate"],"picked":"CutThroughFate","floor":14.0},{"not_picked":["MostiFishMod:DustFall","MostiFishMod:Dust","Brilliance","AT_IrregularMenstruation"],"picked":"Vault","floor":16.0},{"not_picked":["ClearTheMind","EmptyFist+1","CutThroughFate","CrushJoints","Pray"],"picked":"SKIP","floor":18.0},{"not_picked":["ClearTheMind","EmptyFist","EmptyBody","PathToVictory"],"picked":"Pray","floor":19.0},{"not_picked":["ClearTheMind","Evaluate","MostiFishMod:PathToVictory","Crescendo"],"picked":"Fasting2","floor":20.0},{"not_picked":["ClearTheMind","AT_DivineConfetti","Protect","MostiFishMod:Minus","PathToVictory"],"picked":"SKIP","floor":22.0},{"not_picked":["Weave+1","FlurryOfBlows","AT_RealFormLess","Prostrate","Meditate"],"picked":"SKIP","floor":24.0},{"not_picked":["Worship+1","EmptyFist","SandsOfTime","ReachHeaven+1","Halt"],"picked":"SKIP","floor":25.0},{"not_picked":["CarveReality","PathToVictory","Brilliance","Protect"],"picked":"Indignation","floor":28.0},{"not_picked":["MostiFishMod:Clarity","JustLucky","Pray","Indignation"],"picked":"BowlingBash","floor":30.0},{"not_picked":["Crescendo","Evaluate","TalkToTheHand","Consecrate"],"picked":"FearNoEvil","floor":31.0},{"not_picked":["Omniscience","MostiFishMod:StarHerder","MostiFishMod:DisColor","MostiFishMod:StarWish"],"picked":"Ragnarok","floor":33.0},{"not_picked":["JustLucky","FlyingSleeves+1","DeceiveReality","REME_Repentance","EmptyFist"],"picked":"SKIP","floor":35.0},{"not_picked":["FlyingSleeves","Consecrate","SignatureMove","AT_SoftenMuscles"],"picked":"InnerPeace","floor":36.0},{"not_picked":["BowlingBash","FollowUp","SashWhip","BattleHymn"],"picked":"MostiFishMod:LegendTransform","floor":37.0},{"not_picked":["REME_Repentance","LikeWater","Halt","FlyingSleeves+1","AT_DivineConfetti+1"],"picked":"SKIP","floor":38.0},{"not_picked":["BowlingBash+1","Evaluate","Halt","MostiFishMod:Clarity"],"picked":"Ragnarok","floor":40.0},{"not_picked":["FollowUp","WheelKick","Brilliance","BattleHymn","EmptyBody"],"picked":"EmptyMind+1","floor":42.0},{"not_picked":["Protect","FollowUp","SignatureMove","Crescendo","JustLucky+1","LikeWater+1"],"picked":"SKIP","floor":44.0},{"not_picked":["Protect","FollowUp","SignatureMove","Crescendo","JustLucky+1","LikeWater+1"],"picked":"SKIP","floor":44.0},{"not_picked":["MostiFishMod:LegendTransform+1","EmptyFist","SandsOfTime","MostiFishMod:Minus","Conclude"],"picked":"Wallop","floor":45.0},{"not_picked":["SignatureMove","WreathOfFlame+1","DevaForm","AT_RealColorLess","FlyingSleeves","ThirdEye"],"picked":"SKIP","floor":47.0},{"not_picked":["ThirdEye","BowlingBash","FearNoEvil","Crescendo+1","Consecrate+1"],"picked":"TalkToTheHand","floor":48.0},{"not_picked":["REME_WorshipGod","Evaluate","Pray","Wish","ForeignInfluence","CarveReality+1"],"picked":"SKIP","floor":55.0}],"player_experience":403248,"relics_obtained":[{"floor":1.0,"key":"SynthV:TestCard"},{"floor":8.0,"key":"Letter Opener"},{"floor":9.0,"key":"TeardropLocket"},{"floor":12.0,"key":"Dota2Spire:OrchidMalevolence"},{"floor":14.0,"key":"AT_ArchangelStaff"},{"floor":19.0,"key":"Dota2Spire:Mjollnir"},{"floor":19.0,"key":"ThornShield"},{"floor":24.0,"key":"Matryoshka"},{"floor":26.0,"key":"War Paint"},{"floor":28.0,"key":"Akabeko"},{"floor":30.0,"key":"AT_RedTearstoneRing"},{"floor":40.0,"key":"Question Card"},{"floor":42.0,"key":"REME_PuzzleBoxRelic"},{"floor":43.0,"key":"Dota2Spire:PowerTreads"},{"floor":43.0,"key":"Pear"},{"floor":45.0,"key":"AT_ChloranthyRing"},{"floor":47.0,"key":"Dota2Spire:ShadowBlade"},{"floor":55.0,"key":"Art of War"}],"event_choices":[],"is_beta":false,"boss_relics":[{"not_picked":["Cursed Key","REME_DuelDisc"],"picked":"GuanYuAspect"},{"not_picked":["TimeKeys","Coffee Dripper"],"picked":"AT_MortalBlade"}],"items_purged_floors":[54],"is_endless":false,"potions_floor_spawned":[1,5,11,18,19,20,22,31,35,38,40,44,48],"ascension_level":20}}