{"host":"fdyek91c29vizs79","time":1613497845,"event":{"mods":["AchievementEnabler","Aspiration","BaseMod","Conspire","Downfall","Halation","Hero for Fun","Hubris","Lobotomy","Minty Spire (QoL Compilation)","Replay The Spire","Shop Mod","StSLib","The Administrix","The Animator","TheBandit","Waifu the Spire","everything is the same but u backflip on backflip"],"gold_per_floor":[110,10,41,41,89,89,103,103],"floor_reached":7,"language":"FRA","playtime":764,"items_purged":[],"score":41,"play_id":"7a01f188-184f-4c46-8426-2db81f293a40","local_time":"20210216185045","is_ascension_mode":false,"campfire_choices":[{"data":"animator:MumenRider","floor":6,"key":"SMITH"}],"circlet_count":0,"master_deck":["animator:Strike_Konosuba","animator:Defend_Konosuba","animator:Strike+1","animator:Strike","animator:Strike","animator:Defend+1","animator:Defend","animator:Defend","animator:Kazuma","animator:Aqua","Freischutz","conspire:SpireCoStock","conspire:SpireCoStock","animator:YaoHaDucy","ShyLook","animator:MumenRider+1"],"relics":["animator:LivingPicture","animator:TheMissingPiece","animator:PurgingStone","CogitoBucket"],"acts_visited":["Exordium"],"potions_floor_usage":[],"damage_taken":[{"damage":0,"enemies":"Small Slimes","floor":1,"turns":4},{"damage":7,"enemies":"2 Louse","floor":3,"turns":4},{"damage":14,"enemies":"Jaw Worm","floor":5,"turns":5},{"damage":39,"enemies":"Replay:BlueRogue","floor":7,"turns":10}],"seed_played":"-2908197079299405174","potions_obtained":[{"floor":1,"key":"FearPotion"}],"is_trial":false,"path_per_floor":["M","?","M","?","M","R","E"],"character_chosen":"THE_ANIMATOR","items_purchased":[],"campfire_rested":0,"item_purchase_floors":[],"current_hp_per_floor":[66,66,61,48,36,36,0,0],"gold":103,"neow_bonus":"","is_daily":false,"chose_seed":false,"campfire_upgraded":1,"win_rate":0.0,"timestamp":1613497845,"path_taken":["M","?","M","?","M","R","E"],"items_purchased_type":[],"build_version":"2020-12-22","purchased_purges":0,"victory":false,"max_hp_per_floor":[66,66,66,66,66,66,66,66],"card_choices":[{"not_picked":["HeroicMonk","Bloodbath"],"picked":"Freischutz","floor":1},{"not_picked":["animator:Assassin","animator:OrikoMikuni","animator:Archer"],"picked":"SKIP","floor":1},{"not_picked":["animator:KyokoSakura","animator:Illya"],"picked":"animator:YaoHaDucy","floor":3},{"not_picked":["Murderer","PunishingBird"],"picked":"ShyLook","floor":3},{"not_picked":["animator:Witch","animator:Caster"],"picked":"animator:MumenRider","floor":5}],"player_experience":287628,"relics_obtained":[],"event_choices":[{"damage_healed":0,"gold_gain":0,"player_choice":"Invest 2","damage_taken":0,"max_hp_gain":0,"max_hp_loss":0,"event_name":"conspire:Investor","floor":2,"gold_loss":0},{"damage_healed":0,"gold_gain":0,"player_choice":"Entered Light","damage_taken":13,"max_hp_gain":0,"max_hp_loss":0,"event_name":"Shining Light","floor":4,"gold_loss":0,"cards_upgraded":["animator:Defend","animator:Strike"]}],"is_beta":false,"boss_relics":[],"items_purged_floors":[],"is_endless":false,"potions_floor_spawned":[1],"killed_by":"Replay:BlueRogue","ascension_level":0}}