{"host":"6ulps5ednfgqn0to","time":1613476724,"event":{"mods":["AchievementEnabler","BaseMod","Colored Map","Highlight Path","Minty Spire (QoL Compilation)","Relic Sorter","Relic Stats","StSLib"],"gold_per_floor":[118,133,152,152,227,257,269,269,269,286,317,347,347,522,522,626,626,640,653,250,267,285,285,298,298,322,357,368,384,61,96,96,200,200,212,264,264,274,13,13,41,41,64,114,64,76,91,122,122,122],"floor_reached":51,"language":"ENG","playtime":3323,"items_purged":["Defend_P"],"score":762,"play_id":"25feff26-cdc2-4780-9467-f800619c4527","local_time":"20210216135844","is_ascension_mode":false,"campfire_choices":[{"data":"Eruption","floor":8,"key":"SMITH"},{"data":"TalkToTheHand","floor":13,"key":"SMITH"},{"data":"Halt","floor":15,"key":"SMITH"},{"data":"TalkToTheHand","floor":23,"key":"SMITH"},{"data":"Conclude","floor":25,"key":"SMITH"},{"floor":32,"key":"REST"},{"floor":40,"key":"REST"},{"floor":42,"key":"REST"},{"floor":49,"key":"REST"}],"circlet_count":0,"master_deck":["Strike_P","Strike_P","Defend_P","Defend_P","Eruption+1","Vigilance","Conclude+1","CutThroughFate","Nirvana","Halt+1","BowlingBash","TalkToTheHand+1","Judgement","Doubt","Brilliance","TalkToTheHand+1","ThirdEye+1","FearNoEvil","FlurryOfBlows+1","Consecrate","Indignation","Weave+1","FlyingSleeves+1","CrushJoints","Apotheosis","Scrawl","Evaluate+1","DeusExMachina","ClearTheMind+1","Halt+1","WreathOfFlame","ConjureBlade+1","CutThroughFate"],"relics":["Runic Pyramid","Question Card","InkBottle","Blue Candle","Bronze Scales","CaptainsWheel","Empty Cage","Bottled Flame","PreservedInsect","Red Mask","Dream Catcher","Fusion Hammer","Thread and Needle","HornCleat","Toxic Egg 2","Potion Belt","Ice Cream","Ornamental Fan"],"acts_visited":["Exordium","TheCity","TheBeyond"],"potions_floor_usage":[7,31,33,33,50,50,50,50,50],"damage_taken":[{"damage":2.0,"enemies":"Small Slimes","floor":1.0,"turns":4.0},{"damage":0.0,"enemies":"Jaw Worm","floor":2.0,"turns":3.0},{"damage":0.0,"enemies":"2 Louse","floor":3.0,"turns":2.0},{"damage":15.0,"enemies":"Lagavulin","floor":6.0,"turns":5.0},{"damage":4,"enemies":"Blue Slaver","floor":7,"turns":3},{"damage":2,"enemies":"Looter","floor":10,"turns":2},{"damage":20,"enemies":"3 Sentries","floor":11,"turns":4},{"damage":6,"enemies":"Hexaghost","floor":16,"turns":7},{"damage":1,"enemies":"3 Byrds","floor":18,"turns":3},{"damage":1,"enemies":"Spheric Guardian","floor":19,"turns":2},{"damage":6,"enemies":"Centurion and Healer","floor":21,"turns":4},{"damage":6,"enemies":"Chosen and Byrds","floor":22,"turns":3},{"damage":12,"enemies":"3 Cultists","floor":24,"turns":4},{"damage":13,"enemies":"Masked Bandits","floor":27,"turns":3},{"damage":4,"enemies":"Cultist and Chosen","floor":28,"turns":3},{"damage":8,"enemies":"Snecko","floor":29,"turns":3},{"damage":15,"enemies":"Slavers","floor":31,"turns":3},{"damage":5,"enemies":"Automaton","floor":33,"turns":8},{"damage":1,"enemies":"3 Shapes","floor":35,"turns":2},{"damage":16,"enemies":"2 Orb Walkers","floor":36,"turns":4},{"damage":6,"enemies":"3 Darklings","floor":38,"turns":3},{"damage":3,"enemies":"Reptomancer","floor":41,"turns":4},{"damage":1,"enemies":"Mind Bloom Boss Battle","floor":44,"turns":3},{"damage":10,"enemies":"4 Shapes","floor":46,"turns":5},{"damage":0,"enemies":"Sphere and 2 Shapes","floor":47,"turns":3},{"damage":1,"enemies":"Giant Head","floor":48,"turns":5},{"damage":53,"enemies":"Donu and Deca","floor":50,"turns":6}],"seed_played":"4934396844165037594","potions_obtained":[{"floor":1.0,"key":"Swift Potion"},{"floor":3.0,"key":"DistilledChaos"},{"floor":7,"key":"Fruit Juice"},{"floor":10,"key":"BottledMiracle"},{"floor":33,"key":"Strength Potion"},{"floor":41,"key":"Energy Potion"},{"floor":44,"key":"DistilledChaos"},{"floor":46,"key":"DuplicationPotion"},{"floor":47,"key":"SteroidPotion"}],"is_trial":false,"path_per_floor":["M","M","M","?","T","E","M","R","T","M","E","?","R","?","R","B",null,"M","M","$","M","M","R","M","R","T","?","M","M","$","E","R","B",null,"M","?","?","M","$","R","E","R","T","?","$","M","M","E","R","B",null],"character_chosen":"WATCHER","items_purchased":["FearNoEvil","Bottled Flame","Nirvana","CrushJoints","Apotheosis","HornCleat","CutThroughFate"],"campfire_rested":4,"item_purchase_floors":[20,20,20,30,30,39,45],"current_hp_per_floor":[70,70,70,63,63,48,49,49,49,47,27,27,27,27,27,21,77,76,75,75,69,63,63,51,51,51,38,34,26,26,11,34,29,77,76,60,60,54,54,77,74,77,77,76,76,66,66,65,77,24],"gold":122,"neow_bonus":"BOSS_RELIC","is_daily":false,"chose_seed":false,"campfire_upgraded":5,"win_rate":0.0,"timestamp":1613476724,"path_taken":["M","M","M","?","?","E","M","R","T","M","E","?","R","?","R","BOSS","M","M","$","M","M","R","M","R","T","?","M","M","$","E","R","BOSS","M","?","?","M","$","R","E","R","T","?","$","M","M","E","R","BOSS"],"items_purchased_type":["Card","Relic","Card","Card","Card","Relic","Card"],"build_version":"2020-12-22","purchased_purges":1,"victory":true,"max_hp_per_floor":[72,72,72,72,72,72,77,77,77,77,77,77,77,77,77,77,77,77,77,77,77,77,77,77,77,77,77,77,77,77,77,77,77,77,77,77,77,77,77,77,77,77,77,77,77,77,77,77,77,77],"relic_stats":{"Dream Catcher":4,"counters":[27,101],"Ornamental Fan":[20],"Blue Candle":[12],"Bronze Scales":[237],"PreservedInsect":221,"Question Card":28,"obtain_stats":[{"Potion Belt":43,"Ice Cream":44,"Blue Candle":9,"Thread and Needle":36,"PreservedInsect":26,"Question Card":5,"Empty Cage":17,"CaptainsWheel":12,"Bottled Flame":20,"Dream Catcher":31,"HornCleat":39,"Ornamental Fan":48,"Bronze Scales":11,"Fusion Hammer":34,"Red Mask":27,"PureWater":0,"Toxic Egg 2":41,"InkBottle":6,"Runic Pyramid":0},{"Potion Belt":22,"Ice Cream":23,"Blue Candle":5,"Thread and Needle":20,"PreservedInsect":13,"Question Card":3,"Empty Cage":8,"CaptainsWheel":7,"Bottled Flame":10,"Dream Catcher":17,"HornCleat":21,"Ornamental Fan":26,"Bronze Scales":7,"Fusion Hammer":18,"Red Mask":14,"PureWater":0,"Toxic Egg 2":22,"InkBottle":4,"Runic Pyramid":0},{"Potion Belt":79,"Ice Cream":82,"Blue Candle":17,"Thread and Needle":72,"PreservedInsect":46,"Question Card":9,"Empty Cage":30,"CaptainsWheel":23,"Bottled Flame":35,"Dream Catcher":58,"HornCleat":75,"Ornamental Fan":95,"Bronze Scales":23,"Fusion Hammer":66,"Red Mask":49,"PureWater":0,"Toxic Egg 2":79,"InkBottle":14,"Runic Pyramid":0}],"InkBottle":[38]},"card_choices":[{"not_picked":["Evaluate","LikeWater"],"picked":"Conclude","floor":1.0},{"not_picked":["FlyingSleeves","Halt"],"picked":"CutThroughFate","floor":2.0},{"not_picked":["LikeWater","BowlingBash"],"picked":"Nirvana","floor":3.0},{"not_picked":["DeceiveReality","Crescendo","Fasting2"],"picked":"Halt","floor":6},{"not_picked":["Sanctity","CutThroughFate","Scrawl"],"picked":"BowlingBash","floor":7},{"not_picked":["Worship","ThirdEye","EmptyFist"],"picked":"TalkToTheHand","floor":10},{"not_picked":["Swivel","FlyingSleeves","Collect"],"picked":"Judgement","floor":11},{"not_picked":["Vault","Judgement","Omniscience"],"picked":"Brilliance","floor":16},{"not_picked":["Crescendo","PathToVictory","ClearTheMind"],"picked":"TalkToTheHand","floor":18},{"not_picked":["ReachHeaven","Perseverance+1","FearNoEvil"],"picked":"ThirdEye+1","floor":19},{"not_picked":["PathToVictory","ReachHeaven","Perseverance+1"],"picked":"FlurryOfBlows+1","floor":21},{"not_picked":["Conclude","Halt+1","FlyingSleeves+1"],"picked":"Consecrate","floor":22},{"not_picked":["Nirvana+1","Protect+1","MasterReality"],"picked":"Indignation","floor":24},{"not_picked":["WreathOfFlame","WaveOfTheHand","Adaptation"],"picked":"Weave+1","floor":28},{"not_picked":["Nirvana","SandsOfTime","Indignation"],"picked":"FlyingSleeves+1","floor":29},{"not_picked":["FlurryOfBlows","WreathOfFlame","Study+1"],"picked":"Scrawl","floor":31},{"not_picked":["BowlingBash","CrushJoints","EmptyFist+1"],"picked":"Evaluate+1","floor":32},{"not_picked":["Ragnarok","Scrawl","Establishment"],"picked":"DeusExMachina","floor":33},{"not_picked":["FollowUp+1","Evaluate","FlyingSleeves+1","Crescendo+1"],"picked":"SKIP","floor":35},{"not_picked":["SignatureMove","Conclude","FlyingSleeves+1"],"picked":"ClearTheMind+1","floor":36},{"not_picked":["JustLucky+1","Vengeance+1","DeceiveReality+1"],"picked":"Halt+1","floor":38},{"not_picked":["SashWhip+1","FlurryOfBlows+1","FollowUp+1"],"picked":"WreathOfFlame","floor":40},{"not_picked":["Scrawl+1","Halt+1","CarveReality+1"],"picked":"ConjureBlade+1","floor":41},{"not_picked":["SashWhip","CarveReality+1","ThirdEye+1","JustLucky"],"picked":"SKIP","floor":46},{"not_picked":["Halt+1","FearNoEvil+1","Perseverance+1","SashWhip"],"picked":"SKIP","floor":47},{"not_picked":["PathToVictory+1","Protect+1","EmptyFist","Evaluate+1"],"picked":"SKIP","floor":48}],"player_experience":31363,"relics_obtained":[{"floor":5.0,"key":"Question Card"},{"floor":6,"key":"InkBottle"},{"floor":9,"key":"Blue Candle"},{"floor":11,"key":"Bronze Scales"},{"floor":26,"key":"PreservedInsect"},{"floor":27,"key":"Red Mask"},{"floor":31,"key":"Dream Catcher"},{"floor":36,"key":"Thread and Needle"},{"floor":41,"key":"Toxic Egg 2"},{"floor":43,"key":"Potion Belt"},{"floor":44,"key":"Ice Cream"},{"floor":48,"key":"Ornamental Fan"}],"event_choices":[{"cards_removed":["Strike_P"],"damage_healed":0.0,"max_hp_gain":0.0,"max_hp_loss":0.0,"gold_gain":0.0,"event_name":"Golden Wing","player_choice":"Card Removal","floor":4.0,"gold_loss":0.0,"damage_taken":7.0},{"damage_healed":0,"gold_gain":30,"player_choice":"Searched \u00272\u0027 times","damage_taken":0,"relics_obtained":["CaptainsWheel"],"max_hp_gain":0,"max_hp_loss":0,"event_name":"Dead Adventurer","floor":12,"gold_loss":0},{"damage_healed":0,"gold_gain":175,"player_choice":"AGREE","damage_taken":0,"max_hp_gain":0,"max_hp_loss":0,"event_name":"Liars Game","floor":14,"gold_loss":0,"cards_obtained":["Doubt"]},{"damage_healed":0,"gold_gain":0,"player_choice":"Fought Bandits","damage_taken":0,"max_hp_gain":0,"max_hp_loss":0,"event_name":"Masked Bandits","floor":27,"gold_loss":0},{"damage_healed":0,"gold_gain":0,"player_choice":"Fight","damage_taken":0,"max_hp_gain":0,"max_hp_loss":0,"event_name":"Mysterious Sphere","floor":36,"gold_loss":0},{"cards_removed":["Nirvana"],"damage_healed":0,"gold_gain":0,"player_choice":"Removed Power","damage_taken":0,"max_hp_gain":0,"max_hp_loss":0,"event_name":"Falling","floor":37,"gold_loss":0},{"damage_healed":0,"gold_gain":0,"player_choice":"Fight","damage_taken":0,"max_hp_gain":0,"max_hp_loss":0,"event_name":"MindBloom","floor":44,"gold_loss":0}],"is_beta":false,"boss_relics":[{"not_picked":["Coffee Dripper","Sozu"],"picked":"Empty Cage"},{"not_picked":["Astrolabe","Cursed Key"],"picked":"Fusion Hammer"}],"items_purged_floors":[30],"is_endless":false,"potions_floor_spawned":[1,3,7,10,11,18,21,29,33,41,44,46,47],"ascension_level":0}}