{"host":"e1dlxrn9xf91lno8","time":1613491198,"event":{"mods":["AchievementEnabler","Aspiration","Bard","BaseMod","Beaked The Cultist","Bestiary","Better Altar","Better Sensory Stone","Better Third Choice","BetterRewards","Bossed Relics","Colored Map","Colored Powertips","Energized Spire","Filter the Spire","GungeonMod","Hermit","Highlight Path","Hubris","Infinite Spire","Mimic Mod","Minty Spire (QoL Compilation)","Morshu Shopkeeper","Morshu Shopkeeper - ENHANCED","Quick Restart","Rare Cards Sparkle","Reliquary","Replay The Spire","Shop Mod","Smile Girya","Somnambulant","StSLib","The Blue Laboratory","The Cursed","The Disciple","The Runesmith","Together in Spire","Uncapped","everything is the same but u backflip on backflip","slay the spire mod where everything is the same but ironclad has a cowboy hat"],"gold_per_floor":[113,113,62,74,89,89,107,107,107,107,107,131,131,56,56,56,56],"floor_reached":16,"language":"ENG","playtime":406,"items_purged":["Defend_B"],"score":88,"play_id":"2a7c9f10-b34d-4b82-95b0-8fb40a697d50","local_time":"20210216105958","is_ascension_mode":false,"campfire_choices":[{"data":"PatternShift","floor":6,"key":"SMITH"},{"data":"hubris:SharpeningStone","floor":8,"key":"SMITH"},{"data":"Neutralize","floor":13,"key":"SMITH"},{"floor":15,"key":"REST"}],"circlet_count":0,"master_deck":["Strike_R","Strike_R","Strike_R","Strike_R","Strike_R","Defend_R","Defend_R","Defend_R","Defend_R","PatternShift+1","Flex","Pommel Strike","Cleave","Sword Boomerang","hubris:SharpeningStone+1","Survivor","Neutralize+1"],"relics":["Burning Blood","DemoMod:Antibody","FaceOfCleric","hubris:SphereOfDissonance","Golden Idol","DemoMod:WhiteGuonStone"],"acts_visited":["Exordium"],"potions_floor_usage":[],"damage_taken":[{"damage":0,"enemies":"Jaw Worm","floor":1,"turns":4},{"damage":0,"enemies":"Cultist","floor":4,"turns":3},{"damage":3,"enemies":"2 Louse","floor":5,"turns":2},{"damage":10,"enemies":"Large Slime","floor":7,"turns":6},{"damage":14,"enemies":"Fading Forest","floor":16,"turns":4}],"seed_played":"-1473202809162511360","potions_obtained":[{"floor":1,"key":"BloodPotion"},{"floor":5,"key":"AttackPotion"}],"is_trial":false,"path_per_floor":["M","?","$","M","M","R","M","R","T","?","?","T","R","$","R","B"],"character_chosen":"IRONCLAD","items_purchased":["Pommel Strike"],"campfire_rested":1,"item_purchase_floors":[3],"current_hp_per_floor":[80,80,80,81,82,82,79,79,79,59,59,59,59,59,83,69,69],"gold":56,"neow_bonus":"ONE_RARE_RELIC","is_daily":false,"chose_seed":false,"campfire_upgraded":3,"win_rate":0.0,"timestamp":1613491198,"path_taken":["M","?","$","?","?","R","M","R","T","?","?","?","R","$","R","BOSS"],"items_purchased_type":["Card"],"build_version":"2020-12-22","purchased_purges":1,"victory":false,"max_hp_per_floor":[80,80,80,81,82,82,83,83,83,83,83,83,83,83,83,83,83],"card_choices":[{"not_picked":["Twin Strike","Shrug It Off"],"picked":"Flex","floor":1},{"not_picked":["Body Slam","Clothesline"],"picked":"Cleave","floor":4},{"not_picked":["Run Through","Warcry"],"picked":"Sword Boomerang","floor":5},{"not_picked":["ReplayReversal","Immolate"],"picked":"hubris:SharpeningStone","floor":7}],"player_experience":19472,"relics_obtained":[{"floor":9,"key":"hubris:SphereOfDissonance"},{"floor":12,"key":"DemoMod:WhiteGuonStone"}],"event_choices":[{"damage_healed":0,"gold_gain":0,"player_choice":"Trade","damage_taken":0,"relics_obtained":["FaceOfCleric"],"max_hp_gain":0,"max_hp_loss":0,"event_name":"FaceTrader","floor":2,"gold_loss":0},{"damage_healed":0,"gold_gain":0,"player_choice":"Take Damage","damage_taken":20,"relics_obtained":["Golden Idol"],"max_hp_gain":0,"max_hp_loss":0,"event_name":"Golden Idol","floor":10,"gold_loss":0}],"is_beta":false,"boss_relics":[],"items_purged_floors":[14],"is_endless":false,"potions_floor_spawned":[1,5],"killed_by":"Fading Forest","ascension_level":0}}