{"host":"zsnmfqgcm92hlreo","time":1613459231,"event":{"mods":["AchievementEnabler","BaseMod","Bestiary","Block Reminder","Colored Map","Colored Powertips","Filter the Spire","Minty Spire (QoL Compilation)","Permanent Neow","Quick Restart","Relic Stats","StSLib","Weighted Paths"],"gold_per_floor":[111,111,126,141,155,181,181,216,240,240,165,165,206,206,206,292,292,318,318,55,80,91,91,112,146,170,205,234,234,274,314,314,314,314],"floor_reached":33,"language":"ENG","playtime":1680,"items_purged":[],"score":696,"play_id":"c14fae72-f0ab-487e-9d63-1068631f0946","local_time":"20210216010711","is_ascension_mode":true,"campfire_choices":[{"data":"Tempest","floor":7.0,"key":"SMITH"},{"floor":10.0,"key":"REST"},{"data":"Fusion","floor":12.0,"key":"SMITH"},{"data":"Recycle","floor":15.0,"key":"SMITH"},{"floor":23.0,"key":"REST"},{"floor":29.0,"key":"REST"},{"floor":32,"key":"REST"}],"circlet_count":0,"master_deck":["AscendersBane","Zap","Dualcast","Reboot","Electrodynamics","Tempest+1","Fusion+1","Hologram","Echo Form","Self Repair","Sweeping Beam+1","Cold Snap","Ball Lightning+1","Recycle+1","Doom and Gloom","Genetic Algorithm","Machine Learning","BootSequence","Rainbow","Coolheaded","Capacitor","Double Energy","Coolheaded","Leap","Auto Shields","Darkness","Glacier","Consume","Turbo"],"relics":["Pandora\u0027s Box","WarpedTongs","Potion Belt","Whetstone","CeramicFish","Bag of Preparation","Velvet Choker","Nilry\u0027s Codex","Bronze Scales","Bottled Lightning","PreservedInsect","Tiny Chest","Red Mask","Smiling Mask"],"acts_visited":["Exordium","TheCity"],"potions_floor_usage":[31,33],"damage_taken":[{"damage":10.0,"enemies":"Small Slimes","floor":1.0,"turns":3.0},{"damage":5.0,"enemies":"Cultist","floor":3.0,"turns":3.0},{"damage":5.0,"enemies":"Jaw Worm","floor":4.0,"turns":3.0},{"damage":13.0,"enemies":"2 Fungi Beasts","floor":5.0,"turns":2.0},{"damage":5.0,"enemies":"Lagavulin","floor":6.0,"turns":4.0},{"damage":22.0,"enemies":"3 Sentries","floor":8.0,"turns":3.0},{"damage":11.0,"enemies":"Lagavulin","floor":13.0,"turns":5.0},{"damage":38.0,"enemies":"The Guardian","floor":16.0,"turns":7.0},{"damage":22.0,"enemies":"Shell Parasite","floor":18.0,"turns":4.0},{"damage":19.0,"enemies":"3 Byrds","floor":21.0,"turns":3.0},{"damage":4.0,"enemies":"Centurion and Healer","floor":22.0,"turns":3.0},{"damage":13.0,"enemies":"Snake Plant","floor":24.0,"turns":4.0},{"damage":11.0,"enemies":"Gremlin Leader","floor":25.0,"turns":6.0},{"damage":17.0,"enemies":"Book of Stabbing","floor":27.0,"turns":3.0},{"damage":18.0,"enemies":"3 Cultists","floor":28.0,"turns":4.0},{"damage":20.0,"enemies":"Masked Bandits","floor":30.0,"turns":4.0},{"damage":3,"enemies":"Slavers","floor":31,"turns":4},{"damage":57,"enemies":"Automaton","floor":33,"turns":6}],"seed_played":"-7745325917187269015","potions_obtained":[{"floor":1.0,"key":"ColorlessPotion"},{"floor":4.0,"key":"Dexterity Potion"},{"floor":18.0,"key":"SpeedPotion"},{"floor":27.0,"key":"Block Potion"},{"floor":30.0,"key":"SneckoOil"}],"is_trial":false,"path_per_floor":["M","?","M","M","M","E","R","E","T","R","?","R","E","?","R","B",null,"M","?","$","M","M","R","M","E","T","E","M","R","?","E","R","B"],"character_chosen":"DEFECT","items_purchased":["Capacitor","Bronze Scales","Double Energy"],"campfire_rested":4,"item_purchase_floors":[20,20,20],"current_hp_per_floor":[61,61,56,51,38,40,40,25,25,46,46,46,42,47,47,9,59,44,23,23,18,14,36,30,33,33,23,12,34,21,18,40,0,0],"gold":314,"neow_bonus":"BOSS_RELIC","is_daily":false,"chose_seed":false,"campfire_upgraded":3,"win_rate":0.0,"timestamp":1613459231,"path_taken":["M","?","M","M","?","E","R","E","T","R","?","R","E","?","R","BOSS","M","?","$","M","M","R","M","E","T","E","M","R","?","E","R","BOSS"],"items_purchased_type":["Card","Relic","Card"],"build_version":"2020-12-22","purchased_purges":0,"victory":false,"max_hp_per_floor":[71,71,71,71,71,71,71,71,71,71,71,71,71,76,76,76,76,76,76,76,76,76,76,76,76,76,76,76,76,76,76,76,76,76],"relic_stats":{"counters":[18,71],"CeramicFish":108,"Bronze Scales":[209],"Pandora\u0027s Box":["Reboot","Electrodynamics","Tempest","Fusion","Hologram","Echo Form","Self Repair","Sweeping Beam"],"Tiny Chest":0,"PreservedInsect":84,"Bag of Preparation":[22],"Whetstone":["Sweeping Beam","Ball Lightning"],"Smiling Mask":0,"obtain_stats":[{"Potion Belt":6,"Nilry\u0027s Codex":19,"CeramicFish":9,"Velvet Choker":17,"PreservedInsect":26,"Bag of Preparation":13,"Whetstone":8,"Smiling Mask":31,"WarpedTongs":2,"Bronze Scales":20,"Pandora\u0027s Box":0,"Tiny Chest":27,"Red Mask":30,"Bottled Lightning":25,"Cracked Core":0},{"Potion Belt":5,"Nilry\u0027s Codex":9,"CeramicFish":6,"Velvet Choker":8,"PreservedInsect":13,"Bag of Preparation":7,"Whetstone":6,"Smiling Mask":17,"WarpedTongs":1,"Bronze Scales":9,"Pandora\u0027s Box":0,"Tiny Chest":14,"Red Mask":16,"Bottled Lightning":13,"Cracked Core":0},{"Potion Belt":15,"Nilry\u0027s Codex":34,"CeramicFish":18,"Velvet Choker":30,"PreservedInsect":50,"Bag of Preparation":23,"Whetstone":18,"Smiling Mask":65,"WarpedTongs":3,"Bronze Scales":34,"Pandora\u0027s Box":0,"Tiny Chest":53,"Red Mask":61,"Bottled Lightning":50,"Cracked Core":0}],"WarpedTongs":[68]},"card_choices":[{"not_picked":["White Noise","Blizzard"],"picked":"Cold Snap","floor":1.0},{"not_picked":["Turbo","Compile Driver"],"picked":"Ball Lightning","floor":3.0},{"not_picked":["Skim","Beam Cell"],"picked":"Recycle","floor":4.0},{"not_picked":["FTL","Barrage"],"picked":"Doom and Gloom","floor":5.0},{"not_picked":["Scrape","Steam"],"picked":"Genetic Algorithm","floor":6.0},{"not_picked":["Go for the Eyes","All For One"],"picked":"Machine Learning","floor":8.0},{"not_picked":["Sweeping Beam","Beam Cell"],"picked":"BootSequence","floor":13.0},{"not_picked":["Machine Learning","Fission"],"picked":"Rainbow","floor":16.0},{"not_picked":["Compile Driver","Steam"],"picked":"Coolheaded","floor":18.0},{"not_picked":["Steam","Sweeping Beam"],"picked":"Coolheaded","floor":21.0},{"not_picked":["Stack","Rebound","Barrage"],"picked":"SKIP","floor":22.0},{"not_picked":["Cold Snap","Lockon"],"picked":"Leap","floor":24.0},{"not_picked":["Chaos","Blizzard"],"picked":"Auto Shields","floor":25.0},{"not_picked":["Melter+1","Ball Lightning"],"picked":"Darkness","floor":27.0},{"not_picked":["Machine Learning","Sweeping Beam"],"picked":"Glacier","floor":28.0},{"not_picked":["Chaos","Steam Power"],"picked":"Consume","floor":30.0},{"not_picked":["Hologram","Gash"],"picked":"Turbo","floor":31}],"player_experience":1158476,"relics_obtained":[{"floor":6.0,"key":"Potion Belt"},{"floor":8.0,"key":"Whetstone"},{"floor":9.0,"key":"CeramicFish"},{"floor":13.0,"key":"Bag of Preparation"},{"floor":19.0,"key":"Nilry\u0027s Codex"},{"floor":25.0,"key":"Bottled Lightning"},{"floor":26.0,"key":"PreservedInsect"},{"floor":27.0,"key":"Tiny Chest"},{"floor":30.0,"key":"Red Mask"},{"floor":31,"key":"Smiling Mask"}],"event_choices":[{"damage_healed":0.0,"max_hp_gain":0.0,"max_hp_loss":0.0,"gold_gain":0.0,"event_name":"Accursed Blacksmith","player_choice":"Rummage","floor":2.0,"gold_loss":0.0,"damage_taken":0.0,"relics_obtained":["WarpedTongs"],"cards_obtained":["Pain"]},{"cards_removed":["Pain"],"damage_healed":0.0,"max_hp_gain":0.0,"max_hp_loss":0.0,"gold_gain":0.0,"event_name":"The Cleric","player_choice":"Card Removal","floor":11.0,"gold_loss":75.0,"damage_taken":0.0},{"damage_healed":0.0,"max_hp_gain":5.0,"max_hp_loss":0.0,"gold_gain":0.0,"event_name":"Big Fish","player_choice":"Donut","floor":14.0,"gold_loss":0.0,"damage_taken":0.0},{"damage_healed":0.0,"max_hp_gain":0.0,"max_hp_loss":0.0,"gold_gain":0.0,"event_name":"Cursed Tome","player_choice":"Obtained Book","floor":19.0,"gold_loss":0.0,"damage_taken":21.0},{"damage_healed":0.0,"max_hp_gain":0.0,"max_hp_loss":0.0,"gold_gain":0.0,"event_name":"Masked Bandits","player_choice":"Fought Bandits","floor":30.0,"gold_loss":0.0,"damage_taken":0.0}],"is_beta":false,"boss_relics":[{"not_picked":["Black Star","Astrolabe"],"picked":"Velvet Choker"}],"items_purged_floors":[],"is_endless":false,"potions_floor_spawned":[1,4,18,27,30],"killed_by":"Automaton","ascension_level":20}}