{"host":"373g0ui1bgeshz9m","time":1613441034,"event":{"mods":["Act Like it!","Aspiration","BaseMod","Beaked The Cultist","Better Third Choice","Colored Map","Conspire","Downfall","Halation","Hermit","Hubris","Infinite Spire","Jorbs\u0027s Wanderer Trilogy","Minty Spire (QoL Compilation)","Pale of the Ancients","Permanent Neow","Quick Restart","Replay The Spire","Shade Mod","Shop Mod","Spikes Relics","StSLib","The Animator","The Bladedancer","The Bug Knight","The Construct","The Cursed","The Florist","The Jungle","The Necromancer","The Sage","The Wild Card","Trackpad"],"gold_per_floor":[112,112,112,127,51,51,80,80,80,80,29,29,45,45,45,149,149,168,368,368,368],"floor_reached":20,"language":"ENG","playtime":717,"items_purged":[],"score":202,"play_id":"07bd762a-4c51-4196-a37d-85fc310b7a7a","local_time":"20210215210354","is_ascension_mode":true,"campfire_choices":[{"data":"Siphon_Strength","floor":6.0,"key":"SMITH"},{"data":"Negative_Energy_Arrows","floor":8.0,"key":"SMITH"},{"data":"Vampiric_Strike","floor":10.0,"key":"SMITH"},{"floor":15.0,"key":"REST"}],"circlet_count":0,"master_deck":["Strike_W","Strike_W","Strike_W","Defend_W","Defend_W","Defend_W","Defend_W","Negative_Energy_Arrows+1","Bone_Wall","Siphon_Strength+1","Spectral_Armor","Vampiric_Strike+1","Bone_Bullets+1","Thousand_Bone_Knives","Hellfire","stsjorbsmod:Procrastination","animator:Curse_Nutcracker","Spreading Infection"],"relics":["Vampire_Amulet","aspiration:Nostalgia","construct:Cogwheel","Dream Catcher","Smiling Mask","conspire:Dentures","Replay:Ancient Bell","Pantograph","halation:PenCase"],"acts_visited":["Exordium","TheCity"],"potions_floor_usage":[],"damage_taken":[{"damage":2.0,"enemies":"Jaw Worm","floor":1.0,"turns":4.0},{"damage":7.0,"enemies":"Small Slimes","floor":4.0,"turns":3.0},{"damage":17.0,"enemies":"Gremlin Nob","floor":7.0,"turns":6.0},{"damage":0.0,"enemies":"Cultist","floor":13.0,"turns":3.0},{"damage":30.0,"enemies":"The Guardian","floor":16.0,"turns":10.0},{"damage":33.0,"enemies":"Spheric Guardian","floor":18.0,"turns":4.0},{"damage":0,"enemies":"Shell Parasite","floor":20,"turns":1}],"seed_played":"-311927989582018300","potions_obtained":[{"floor":4.0,"key":"Reflective Coating"},{"floor":13.0,"key":"infinitespire:BlackPotion"},{"floor":14.0,"key":"SkillPotion"},{"floor":18.0,"key":"sagemod:Wine"}],"is_trial":false,"path_per_floor":["M","?","?","M","$","R","E","R","T","R","$","?","M","?","R","B",null,"M","?","M"],"character_chosen":"NECROMANCER","items_purchased":["Spectral_Armor","Bone_Bullets"],"campfire_rested":1,"item_purchase_floors":[5,11],"current_hp_per_floor":[75,72,65,62,62,62,47,47,47,47,47,47,52,52,74,47,75,44,44,44,44],"gold":368,"neow_bonus":"NOSTALGIA","is_daily":false,"chose_seed":false,"campfire_upgraded":3,"win_rate":0.0,"timestamp":1613441034,"path_taken":["M","?","?","M","$","R","E","R","T","R","$","?","?","?","R","BOSS","M","?","?"],"items_purchased_type":["Card","Card"],"build_version":"2020-12-22","purchased_purges":0,"victory":false,"max_hp_per_floor":[75,75,75,75,75,75,75,75,75,75,75,75,75,75,75,75,75,75,75,75,75],"card_choices":[{"not_picked":["Pandemic","Whirlwind_of_Bones"],"picked":"Siphon_Strength","floor":1.0},{"not_picked":["Shackles_Of_Pain","Whirlwind_of_Bones","Pandemic"],"picked":"SKIP","floor":4.0},{"not_picked":["Consume_Illness","Shackles_Of_Pain"],"picked":"Vampiric_Strike","floor":7.0},{"not_picked":["Death_Coil","Death_Knell","Blood_Whip"],"picked":"SKIP","floor":13.0},{"not_picked":["Blood_Whip","Toxic_Smoke_Screen"],"picked":"Thousand_Bone_Knives","floor":15.0},{"not_picked":["Summon_Death_Knight","Skeleton_Dragon"],"picked":"Hellfire","floor":16.0},{"not_picked":["animator:Curse_GriefSeed","Normality"],"picked":"stsjorbsmod:Procrastination","floor":17.0},{"not_picked":["Pain","hubris:Compulsion"],"picked":"animator:Curse_Nutcracker","floor":17.0},{"not_picked":["Looming Evil","downfall:Haunted"],"picked":"Spreading Infection","floor":17.0},{"not_picked":["Blood_Whip","Blood_Shield","Deaths_Shadow+1"],"picked":"SKIP","floor":18.0}],"player_experience":351042,"relics_obtained":[{"floor":7.0,"key":"Smiling Mask"},{"floor":9.0,"key":"conspire:Dentures"}],"event_choices":[{"damage_healed":0.0,"max_hp_gain":0.0,"max_hp_loss":0.0,"gold_gain":0.0,"event_name":"betterThird:BetterScrap","player_choice":"Relic ","floor":2.0,"gold_loss":0.0,"damage_taken":3.0,"cards_obtained":["Force Field"]},{"cards_removed":["Strike_W"],"damage_healed":0.0,"max_hp_gain":0.0,"max_hp_loss":0.0,"gold_gain":0.0,"event_name":"Golden Wing","player_choice":"Card Removal","floor":3.0,"gold_loss":0.0,"damage_taken":7.0},{"damage_healed":0.0,"max_hp_gain":0.0,"max_hp_loss":0.0,"gold_gain":0.0,"event_name":"Accursed Blacksmith","player_choice":"Forge","floor":12.0,"gold_loss":0.0,"damage_taken":0.0,"cards_upgraded":["Bone_Bullets"]},{"damage_healed":0.0,"max_hp_gain":0.0,"max_hp_loss":0.0,"gold_gain":0.0,"event_name":"Lab","player_choice":"Got Potions","floor":14.0,"gold_loss":0.0,"damage_taken":0.0}],"is_beta":false,"boss_relics":[{"not_picked":["conspire:RunicOctahedron","aspiration:RunicSpoon"],"picked":"Replay:Ancient Bell"},{"not_picked":["Replay:Bandana","trackpad:IceCube"],"picked":"Pet Ghost"},{"not_picked":["GiantMaggot","SpikesRelics:ToyHorsey"],"picked":"Pantograph"},{"not_picked":["Bird Faced Urn","halation:OrihimeAndHikoboshiSamaAndTears"],"picked":"halation:PenCase"}],"items_purged_floors":[],"is_endless":false,"potions_floor_spawned":[4,13,18],"killed_by":"Shell Parasite","ascension_level":4}}