{"host":"na09lpbrez4gbfiz","time":1613502785,"event":{"mods":["Act Like it!","BaseMod","BetterRewards","Colored Map","Colored Powertips","DeckTracker","Googly Eyes","Highlight Path","Minty Spire (QoL Compilation)","Quick Restart","Spicy Shops","StSLib","SuperFastMode","Synergy Search"],"gold_per_floor":[113,127,402,420,469,469,18,37,37,51,51,80,80,155,155,233,233,250,250,250,250],"floor_reached":20,"language":"ENG","playtime":464,"items_purged":["Regret"],"score":292,"play_id":"7bbe1425-d995-4024-a1c8-23ebe60ddabb","local_time":"20210216201305","is_ascension_mode":true,"campfire_choices":[{"data":"True Grit","floor":6,"key":"SMITH"},{"data":"Barricade","floor":11,"key":"SMITH"},{"data":"Carnage","floor":13,"key":"SMITH"},{"data":"Bash","floor":15,"key":"SMITH"}],"circlet_count":0,"master_deck":["AscendersBane","Strike_R","Strike_R","Strike_R","Strike_R","Strike_R","Defend_R","Defend_R","Defend_R","Defend_R","Bash+1","True Grit+1","Carnage+1","Barricade+1","Demon Form","Sword Boomerang+1"],"relics":["Burning Blood","NeowsBlessing","Pen Nib","Red Skull","Vajra","Bottled Lightning","Bronze Scales","SlaversCollar"],"acts_visited":["Exordium","TheCity"],"potions_floor_usage":[12,20],"damage_taken":[{"damage":0,"enemies":"Jaw Worm","floor":1,"turns":1},{"damage":0,"enemies":"Cultist","floor":2,"turns":1},{"damage":0,"enemies":"Small Slimes","floor":4,"turns":1},{"damage":20,"enemies":"Exordium Thugs","floor":8,"turns":5},{"damage":5,"enemies":"Red Slaver","floor":10,"turns":4},{"damage":27,"enemies":"3 Sentries","floor":12,"turns":11},{"damage":32,"enemies":"The Guardian","floor":16,"turns":11},{"damage":43,"enemies":"2 Thieves","floor":18,"turns":4},{"damage":30,"enemies":"Shell Parasite","floor":20,"turns":3}],"seed_played":"-6587716494409172955","potions_obtained":[{"floor":10,"key":"Energy Potion"},{"floor":12,"key":"Fruit Juice"}],"is_trial":false,"path_per_floor":["M","M","?","M","T","R","$","M","T","M","R","E","R","?","R","B",null,"M","?","M"],"character_chosen":"IRONCLAD","items_purchased":["Red Skull","Vajra","Carnage"],"campfire_rested":0,"item_purchase_floors":[7,7,7],"current_hp_per_floor":[74,75,75,75,75,75,75,61,61,62,62,46,46,35,35,9,62,25,25,0,0],"gold":250,"neow_bonus":"THREE_ENEMY_KILL","is_daily":false,"chose_seed":false,"campfire_upgraded":4,"win_rate":0.0,"timestamp":1613502785,"path_taken":["M","M","?","?","?","R","?","M","T","?","R","E","R","?","R","BOSS","M","?","M"],"items_purchased_type":["Relic","Relic","Card"],"build_version":"2020-12-22","purchased_purges":1,"victory":false,"max_hp_per_floor":[75,75,75,75,75,75,75,75,75,75,75,80,80,80,80,80,80,80,80,80,80],"card_choices":[{"not_picked":["Twin Strike","Battle Trance"],"picked":"True Grit","floor":1},{"not_picked":["Pommel Strike","Searing Blow","Power Through"],"picked":"SKIP","floor":2},{"not_picked":["Seeing Red","Anger","Spot Weakness"],"picked":"SKIP","floor":4},{"not_picked":["Cleave","Second Wind"],"picked":"Barricade","floor":8},{"not_picked":["Shockwave","Searing Blow","Headbutt"],"picked":"SKIP","floor":10},{"not_picked":["Infernal Blade","Perfected Strike","Anger"],"picked":"SKIP","floor":12},{"not_picked":["Barricade","Double Tap"],"picked":"Demon Form","floor":16},{"not_picked":["Warcry","Armaments","Sword Boomerang+1"],"picked":"SKIP","floor":18},{"not_picked":["Warcry","Armaments"],"picked":"Sword Boomerang+1","floor":18}],"player_experience":221068,"relics_obtained":[{"floor":5,"key":"Pen Nib"},{"floor":9,"key":"Bottled Lightning"},{"floor":12,"key":"Bronze Scales"}],"event_choices":[{"damage_healed":0,"gold_gain":275,"player_choice":"Desecrate","damage_taken":0,"max_hp_gain":0,"max_hp_loss":0,"event_name":"Golden Shrine","floor":3,"gold_loss":0,"cards_obtained":["Regret"]},{"damage_healed":0,"gold_gain":75,"player_choice":"Gather Gold","damage_taken":11,"max_hp_gain":0,"max_hp_loss":0,"event_name":"World of Goop","floor":14,"gold_loss":0},{"damage_healed":0,"gold_gain":0,"player_choice":"Ignored","damage_taken":0,"max_hp_gain":0,"max_hp_loss":0,"event_name":"Cursed Tome","floor":19,"gold_loss":0}],"is_beta":false,"boss_relics":[{"not_picked":["Black Blood","Astrolabe"],"picked":"SlaversCollar"}],"items_purged_floors":[7],"is_endless":false,"potions_floor_spawned":[10,12],"killed_by":"Shell Parasite","ascension_level":14}}