{"host":"x5w9zppki4gdwvc7","time":1613496308,"event":{"mods":["AchievementEnabler","BaseMod","Colored Powertips","DeckTracker","Minty Spire (QoL Compilation)","SuperFastMode"],"gold_per_floor":[111,111,126,146,165,165,179,207,207,207,287,307,3,30,30,129,129,148,148,159,159,170,170,198,198,224,236,253,253,288,388,388,489,489,506,178,197,251,333,665,665,273,300,341,341,366,386,395,395,395,395,395,98,123,123],"floor_reached":56,"language":"ENG","playtime":3895,"items_purged":["Defend_P+1","Study+1","LessonLearned+1"],"score":1355,"play_id":"aebb7bb5-1fe0-4fbd-a75e-f5248eef13d0","local_time":"20210216182508","is_ascension_mode":false,"campfire_choices":[{"data":"LessonLearned","floor":6.0,"key":"SMITH"},{"floor":10.0,"key":"REST"},{"floor":15.0,"key":"REST"},{"data":"LikeWater","floor":23.0,"key":"SMITH"},{"floor":25.0,"key":"REST"},{"floor":32.0,"key":"REST"},{"floor":41,"key":"REST"},{"floor":45,"key":"RECALL"},{"data":"Mind Blast","floor":49,"key":"SMITH"},{"data":"Swivel","floor":52,"key":"SMITH"}],"circlet_count":0,"master_deck":["Strike_P+1","Strike_P+1","Strike_P+1","Strike_P+1","Defend_P+1","Defend_P+1","Defend_P+1","Eruption+1","Vigilance+1","Consecrate+1","Panacea+1","LikeWater+1","WheelKick+1","Evaluate+1","Establishment+1","Crescendo+1","DeceiveReality+1","WindmillStrike+1","EmptyBody+1","Swivel+1","Judgement+1","SandsOfTime+1","Evaluate+1","FearNoEvil+1","WindmillStrike+1","BattleHymn+1","Evaluate","Mind Blast+1"],"relics":["PureWater","Centennial Puzzle","Tiny Chest","War Paint","Thread and Needle","Nunchaku","SlaversCollar","Anchor","Darkstone Periapt","Damaru","InkBottle","TungstenRod","StrikeDummy","Black Star","Membership Card","Peace Pipe","FossilizedHelix","HornCleat","Unceasing Top","Old Coin","Ginger","Lantern","Orrery","Shuriken","CeramicFish","Yang","ClockworkSouvenir","Bottled Flame","Gambling Chip"],"acts_visited":["Exordium","TheCity","TheBeyond","TheEnding"],"potions_floor_usage":[50,54,55,55,55,55,55,55],"damage_taken":[{"damage":0.0,"enemies":"Small Slimes","floor":1.0,"turns":5.0},{"damage":7.0,"enemies":"Cultist","floor":3.0,"turns":3.0},{"damage":0.0,"enemies":"Jaw Worm","floor":4.0,"turns":3.0},{"damage":7.0,"enemies":"2 Fungi Beasts","floor":5.0,"turns":6.0},{"damage":10.0,"enemies":"Gremlin Gang","floor":7.0,"turns":4.0},{"damage":36.0,"enemies":"Lagavulin","floor":8.0,"turns":4.0},{"damage":4.0,"enemies":"Blue Slaver","floor":12.0,"turns":3.0},{"damage":0.0,"enemies":"3 Sentries","floor":14.0,"turns":10.0},{"damage":2.0,"enemies":"Slime Boss","floor":16.0,"turns":6.0},{"damage":0.0,"enemies":"Chosen","floor":18.0,"turns":6.0},{"damage":1.0,"enemies":"Spheric Guardian","floor":20.0,"turns":7.0},{"damage":0.0,"enemies":"Centurion and Healer","floor":22.0,"turns":6.0},{"damage":28.0,"enemies":"Gremlin Leader","floor":24.0,"turns":8.0},{"damage":0.0,"enemies":"Shelled Parasite and Fungi","floor":27.0,"turns":7.0},{"damage":4.0,"enemies":"Sentry and Sphere","floor":28.0,"turns":7.0},{"damage":32.0,"enemies":"Book of Stabbing","floor":30.0,"turns":5.0},{"damage":21.0,"enemies":"Colosseum Slavers","floor":31.0,"turns":8.0},{"damage":2.0,"enemies":"Colosseum Nobs","floor":31.0,"turns":5.0},{"damage":0.0,"enemies":"Champ","floor":33.0,"turns":10.0},{"damage":0,"enemies":"3 Shapes","floor":35,"turns":6},{"damage":1,"enemies":"Orb Walker","floor":37,"turns":5},{"damage":48,"enemies":"2 Orb Walkers","floor":38,"turns":6},{"damage":57,"enemies":"Nemesis","floor":40,"turns":9},{"damage":0,"enemies":"Giant Head","floor":44,"turns":5},{"damage":0,"enemies":"Jaw Worm Horde","floor":46,"turns":6},{"damage":0,"enemies":"Sphere and 2 Shapes","floor":47,"turns":5},{"damage":21,"enemies":"Donu and Deca","floor":50,"turns":10},{"damage":8,"enemies":"Shield and Spear","floor":54,"turns":6},{"damage":32,"enemies":"The Heart","floor":55,"turns":8}],"seed_played":"-4726557396278784079","potions_obtained":[{"floor":3.0,"key":"SmokeBomb"},{"floor":5.0,"key":"ColorlessPotion"},{"floor":12.0,"key":"AttackPotion"},{"floor":14.0,"key":"BottledMiracle"},{"floor":22.0,"key":"AttackPotion"},{"floor":27.0,"key":"AttackPotion"},{"floor":28.0,"key":"FairyPotion"},{"floor":30.0,"key":"FearPotion"},{"floor":38,"key":"EntropicBrew"},{"floor":40,"key":"Fruit Juice"},{"floor":54,"key":"LiquidBronze"}],"is_trial":false,"path_per_floor":["M","?","M","M","M","R","M","E","T","R","?","M","$","E","R","B",null,"M","?","M","T","M","R","E","R","T","M","M","?","E","?","R","B",null,"M","$","M","?","T","E","R","$","T","E","R","M","M","?","R","B",null,"R","$","E","B",null],"character_chosen":"WATCHER","items_purchased":["Thread and Needle","Membership Card","Peace Pipe","Ginger","Lantern","FearNoEvil","Orrery","Yang","ClockworkSouvenir","Block Potion"],"campfire_rested":5,"item_purchase_floors":[13,36,36,42,42,42,42,53,53,53],"current_hp_per_floor":[72,72,65,65,58,58,48,12,12,33,33,29,29,29,50,48,72,72,72,71,71,71,71,43,64,64,64,60,60,28,5,26,26,72,72,72,71,23,23,21,42,42,42,42,42,42,42,42,42,26,77,77,77,69,37],"gold":123,"neow_bonus":"RANDOM_COMMON_RELIC","is_daily":false,"chose_seed":false,"campfire_upgraded":4,"win_rate":0.0,"timestamp":1613496308,"path_taken":["M","?","M","?","M","R","M","E","T","R","?","M","$","E","R","BOSS","M","?","?","?","M","R","E","R","T","M","M","?","E","?","R","BOSS","M","$","M","?","?","E","R","$","T","E","R","M","M","?","R","BOSS","R","$","E","BOSS"],"items_purchased_type":["Relic","Relic","Relic","Relic","Relic","Card","Relic","Relic","Relic","Potion"],"build_version":"2020-12-22","purchased_purges":3,"victory":true,"max_hp_per_floor":[72,72,72,72,72,72,72,72,72,72,72,72,72,72,72,72,72,72,72,72,72,72,72,72,72,72,72,72,72,72,72,72,72,72,72,72,72,72,72,72,72,72,72,72,72,72,72,72,72,77,77,77,77,77,77],"card_choices":[{"not_picked":["Prostrate","JustLucky"],"picked":"Consecrate","floor":1.0},{"not_picked":["FlyingSleeves","ReachHeaven"],"picked":"LikeWater","floor":3.0},{"not_picked":["WaveOfTheHand","Protect","Worship"],"picked":"SKIP","floor":4.0},{"not_picked":["Consecrate","SashWhip"],"picked":"WheelKick","floor":5.0},{"not_picked":["Evaluate","Pray","ThirdEye"],"picked":"SKIP","floor":7.0},{"not_picked":["Worship","Crescendo","Protect"],"picked":"SKIP","floor":8.0},{"not_picked":["Crescendo","Sanctity","ThirdEye"],"picked":"SKIP","floor":12.0},{"not_picked":["ThirdEye","Wish"],"picked":"Evaluate","floor":14.0},{"not_picked":["Wish","ConjureBlade"],"picked":"Establishment","floor":16.0},{"not_picked":["Consecrate+1","ThirdEye+1","ClearTheMind"],"picked":"SKIP","floor":18.0},{"not_picked":["FlurryOfBlows","Consecrate+1"],"picked":"Crescendo+1","floor":20.0},{"not_picked":["ThirdEye","Prostrate+1"],"picked":"Study+1","floor":22.0},{"not_picked":["Scrawl","Halt","FlyingSleeves"],"picked":"SKIP","floor":24.0},{"not_picked":["FlurryOfBlows","FlyingSleeves","CrushJoints+1"],"picked":"SKIP","floor":27.0},{"not_picked":["InnerPeace","SashWhip"],"picked":"DeceiveReality","floor":28.0},{"not_picked":["EmptyFist","Crescendo"],"picked":"EmptyBody+1","floor":30.0},{"not_picked":["Halt","Wallop"],"picked":"Swivel","floor":31.0},{"not_picked":["Brilliance","DeusExMachina"],"picked":"Judgement","floor":33.0},{"not_picked":["Prostrate","ThirdEye"],"picked":"SandsOfTime+1","floor":35},{"not_picked":["SandsOfTime+1","EmptyBody+1","FlurryOfBlows"],"picked":"SKIP","floor":37},{"not_picked":["BowlingBash+1","Worship+1"],"picked":"Evaluate+1","floor":38},{"not_picked":["FollowUp+1","FlyingSleeves+1","EmptyBody+1"],"picked":"SKIP","floor":40},{"not_picked":["Adaptation+1","BowlingBash+1"],"picked":"WindmillStrike+1","floor":42},{"not_picked":["JustLucky","DeceiveReality+1"],"picked":"BattleHymn","floor":44},{"not_picked":["SashWhip+1","Crescendo+1"],"picked":"Evaluate","floor":46},{"not_picked":["SignatureMove","ThirdEye","FollowUp+1"],"picked":"SKIP","floor":47},{"not_picked":["Purity","Forethought"],"picked":"Mind Blast","floor":48},{"not_picked":["ClearTheMind+1","Scrawl","Halt"],"picked":"SKIP","floor":54}],"player_experience":656610,"relics_obtained":[{"floor":8.0,"key":"Tiny Chest"},{"floor":9.0,"key":"War Paint"},{"floor":14.0,"key":"Nunchaku"},{"floor":21.0,"key":"Anchor"},{"floor":24.0,"key":"Darkstone Periapt"},{"floor":26.0,"key":"Damaru"},{"floor":30.0,"key":"InkBottle"},{"floor":31.0,"key":"TungstenRod"},{"floor":31.0,"key":"StrikeDummy"},{"floor":38,"key":"FossilizedHelix"},{"floor":39,"key":"HornCleat"},{"floor":40,"key":"Unceasing Top"},{"floor":40,"key":"Old Coin"},{"floor":44,"key":"Shuriken"},{"floor":44,"key":"CeramicFish"},{"floor":54,"key":"Bottled Flame"},{"floor":54,"key":"Gambling Chip"}],"event_choices":[{"damage_healed":0.0,"max_hp_gain":0.0,"max_hp_loss":0.0,"gold_gain":0.0,"event_name":"Match and Keep!","player_choice":"2 cards matched","floor":2.0,"gold_loss":0.0,"damage_taken":0.0,"cards_obtained":["LessonLearned","Panacea"]},{"damage_healed":0.0,"max_hp_gain":0.0,"max_hp_loss":0.0,"gold_gain":80.0,"event_name":"Golden Wing","player_choice":"Gained Gold","floor":11.0,"gold_loss":0.0,"damage_taken":0.0},{"damage_healed":0.0,"max_hp_gain":0.0,"max_hp_loss":0.0,"gold_gain":0.0,"event_name":"Accursed Blacksmith","player_choice":"Forge","floor":19.0,"gold_loss":0.0,"damage_taken":0.0,"cards_upgraded":["Establishment"]},{"damage_healed":0.0,"max_hp_gain":0.0,"max_hp_loss":0.0,"gold_gain":0.0,"event_name":"The Library","player_choice":"Read","floor":29.0,"gold_loss":0.0,"damage_taken":0.0,"cards_obtained":["WindmillStrike"]},{"damage_healed":0.0,"max_hp_gain":0.0,"max_hp_loss":0.0,"gold_gain":0.0,"event_name":"Colosseum","player_choice":"Fight","floor":31.0,"gold_loss":0.0,"damage_taken":0.0},{"damage_healed":0.0,"max_hp_gain":0.0,"max_hp_loss":0.0,"gold_gain":0.0,"event_name":"Colosseum","player_choice":"Fought Nobs","floor":31.0,"gold_loss":0.0,"damage_taken":0.0},{"damage_healed":0,"gold_gain":0,"player_choice":"Fight","damage_taken":0,"max_hp_gain":0,"max_hp_loss":0,"event_name":"Mysterious Sphere","floor":38,"gold_loss":0},{"damage_healed":0,"gold_gain":0,"player_choice":"Memory 1","damage_taken":0,"max_hp_gain":0,"max_hp_loss":0,"event_name":"SensoryStone","floor":48,"gold_loss":0}],"is_beta":false,"boss_relics":[{"not_picked":["Runic Dome","SacredBark"],"picked":"SlaversCollar"},{"not_picked":["Tiny House","Velvet Choker"],"picked":"Black Star"}],"items_purged_floors":[36,42,53],"is_endless":false,"potions_floor_spawned":[3,5,12,14,22,27,28,30,38,40,54],"ascension_level":0}}