{"host":"tf5skwcwe0vlu2md","time":1613478403,"event":{"mods":["BaseMod","Downfall","Highlight Path","Minty Spire (QoL Compilation)","Quick Restart","StSLib","The Hierophant"],"gold_per_floor":[109,126,139,155,170,196,47,47,47],"floor_reached":8,"playtime":383,"items_purged":[],"score":69,"play_id":"fe0d2a8a-debf-4c28-9c4e-03bdf546125d","local_time":"20210216232643","is_ascension_mode":true,"campfire_choices":[],"circlet_count":0,"master_deck":["Strike_B+1","Strike_B","Strike_B+1","Strike_B","Defend_B","Defend_B","Defend_B","Defend_B","Zap","Dualcast","Reprogram","Leap","Seek","Beam Cell","Rebound","Fusion"],"relics":["Cracked Core","Akabeko","Whetstone"],"acts_visited":["Exordium"],"potions_floor_usage":[8],"damage_taken":[{"damage":0,"enemies":"Cultist","floor":1,"turns":4},{"damage":5,"enemies":"2 Louse","floor":2,"turns":3},{"damage":6,"enemies":"Jaw Worm","floor":3,"turns":4},{"damage":2,"enemies":"2 Fungi Beasts","floor":4,"turns":3},{"damage":4,"enemies":"Blue Slaver","floor":5,"turns":4},{"damage":31,"enemies":"3 Sentries","floor":6,"turns":9},{"damage":50,"enemies":"Gremlin Nob","floor":8,"turns":4}],"seed_played":"-88522358325271644","potions_obtained":[{"floor":3,"key":"Strength Potion"},{"floor":4,"key":"BlessingOfTheForge"},{"floor":5,"key":"Swift Potion"}],"is_trial":false,"path_per_floor":["M","M","M","M","M","E","$","E"],"character_chosen":"DEFECT","items_purchased":["Whetstone"],"campfire_rested":0,"item_purchase_floors":[7],"current_hp_per_floor":[82,77,71,69,65,34,34,0,0],"gold":47,"neow_bonus":"TEN_PERCENT_HP_BONUS","is_daily":false,"chose_seed":false,"campfire_upgraded":0,"win_rate":0.0,"timestamp":1613478403,"path_taken":["M","?","M","M","M","E","?","E"],"items_purchased_type":["Relic"],"build_version":"2020-12-13","purchased_purges":0,"victory":false,"max_hp_per_floor":[82,82,82,82,82,82,82,82,82],"card_choices":[{"not_picked":["Turbo","Hologram"],"picked":"Reprogram","floor":1},{"not_picked":["Stack","Coolheaded"],"picked":"Leap","floor":2},{"not_picked":["Turbo","Static Discharge"],"picked":"Seek","floor":3},{"not_picked":["Chaos","Turbo"],"picked":"Beam Cell","floor":4},{"not_picked":["Beam Cell","Hologram"],"picked":"Rebound","floor":5},{"not_picked":["Cold Snap","Coolheaded"],"picked":"Fusion","floor":6}],"player_experience":259444,"relics_obtained":[{"floor":6,"key":"Akabeko"}],"event_choices":[],"is_beta":false,"boss_relics":[],"items_purged_floors":[],"is_endless":false,"potions_floor_spawned":[3,4,5],"killed_by":"Gremlin Nob","ascension_level":3}}