{"host":"egwexuw5uvnxf11j","time":1613438290,"event":{"mods":["2.2 Compatiblity","Aspiration","BaseMod","Better Note","Better Sensory Stone","Better Third Choice","Displayed Cursed Tome","Downfall","Hermit","Key Reminder","Koishi","Marisa????????","Minty Spire (QoL Compilation)","Quick Restart","Shade Mod","Spicy Shops","StSLib","The Construct","The Cursed","The Runesmith","The Senshi","The Servant 0.9.4","Transform Curses"],"gold_per_floor":[109,122,16,26,26,52,68,68,68,102,119,119,119,139,139,243,243,257,356,366,366,40,40,65,65,112,54,70,86,103,8,8,110,110,125,135,155,37,52,52,52,52,52,52,52,67,77,93,93,93,93],"floor_reached":50,"language":"ENG","playtime":2359,"items_purged":["Regret","Decay"],"score":601,"play_id":"eb3f1cf5-ab06-423e-a8a5-e9420410a32f","local_time":"20210215201810","is_ascension_mode":true,"campfire_choices":[{"floor":13,"key":"REST"},{"data":"Barrage","floor":15,"key":"SMITH"},{"floor":23,"key":"REST"},{"floor":25,"key":"REST"},{"floor":32,"key":"REST"},{"floor":40,"key":"REST"},{"floor":49,"key":"REST"}],"circlet_count":0,"master_deck":["Strike_B","Strike_B","Strike_B","Strike_B","Defend_B","Defend_B","Defend_B","Zap","Dualcast","Sunder","Cold Snap","Cold Snap","Ball Lightning","Melter","Barrage+1","Auto Shields","Stack","Self Repair+1","Redo","Ball Lightning","Machine Learning","Barrage+1","Defragment+1","Cold Snap","Lockon","Streamline","Compile Driver","Flash of Steel","Conserve Battery+1","Loop","Static Discharge","Static Discharge","Buffer","Rebound+1","Barrage+1","Streamline+1","Flash of Steel","Mind Blast","Wraith","Writhe","Heatsinks","Sweeping Beam","Sweeping Beam+1"],"relics":["Cracked Core","Nunchaku","Lantern","Orichalcum","aspiration:FrozenJewel","Symbiotic Virus","keyreminder:keyreminder","Black Star","Membership Card","InkBottle","DataDisk","Sundial","Anchor","PreservedInsect","aspiration:MobileForge","Pen Nib","Vajra"],"acts_visited":["Exordium","TheCity","TheBeyond"],"potions_floor_usage":[10,10,16,24,33,39,48],"damage_taken":[{"damage":2,"enemies":"Jaw Worm","floor":1,"turns":3},{"damage":1,"enemies":"2 Louse","floor":2,"turns":2},{"damage":0,"enemies":"Small Slimes","floor":4,"turns":2},{"damage":8,"enemies":"Gremlin Nob","floor":6,"turns":3},{"damage":0,"enemies":"2 Fungi Beasts","floor":7,"turns":2},{"damage":6,"enemies":"Lagavulin","floor":10,"turns":5},{"damage":0,"enemies":"Blue Slaver","floor":11,"turns":2},{"damage":7,"enemies":"Red Slaver","floor":14,"turns":2},{"damage":19,"enemies":"The Guardian","floor":16,"turns":8},{"damage":11,"enemies":"Shell Parasite","floor":18,"turns":3},{"damage":23,"enemies":"3 Byrds","floor":20,"turns":4},{"damage":46,"enemies":"Slavers","floor":24,"turns":6},{"damage":14,"enemies":"Shelled Parasite and Fungi","floor":28,"turns":3},{"damage":12,"enemies":"Snake Plant","floor":29,"turns":3},{"damage":0,"enemies":"Centurion and Healer","floor":30,"turns":4},{"damage":47,"enemies":"Collector","floor":33,"turns":8},{"damage":0,"enemies":"Orb Walker","floor":35,"turns":3},{"damage":6,"enemies":"3 Shapes","floor":36,"turns":5},{"damage":44,"enemies":"Maw","floor":37,"turns":6},{"damage":27,"enemies":"Spire Growth","floor":39,"turns":4},{"damage":21,"enemies":"Sphere and 2 Shapes","floor":46,"turns":4},{"damage":40,"enemies":"Writhing Mass","floor":47,"turns":4},{"damage":13,"enemies":"Spire Growth","floor":48,"turns":3},{"damage":52,"enemies":"Time Eater","floor":50,"turns":7}],"seed_played":"8431750104717671724","potions_obtained":[{"floor":1,"key":"Swift Potion"},{"floor":4,"key":"SpeedPotion"},{"floor":6,"key":"AttackPotion"},{"floor":14,"key":"FocusPotion"},{"floor":16,"key":"Dexterity Potion"},{"floor":20,"key":"CultistPotion"},{"floor":24,"key":"FairyPotion"},{"floor":35,"key":"DistilledChaos"},{"floor":46,"key":"Fire Potion"}],"is_trial":false,"path_per_floor":["M","M","$","M","?","E","M","?","T","E","M","?","R","M","R","B",null,"M","?","M","?","$","R","E","R","T","$","M","M","M","$","R","B",null,"M","M","M","$","M","R","?","?","T","?","?","M","M","M","R","B"],"character_chosen":"DEFECT","items_purchased":["Ball Lightning","Melter","Membership Card","InkBottle","Cold Snap","Lockon","Compile Driver","Flash of Steel","Static Discharge","PreservedInsect","Pen Nib","Vajra"],"campfire_rested":6,"item_purchase_floors":[3,3,22,22,22,22,27,27,31,31,38,38],"current_hp_per_floor":[73,72,72,72,72,64,64,57,57,51,58,58,75,68,68,59,75,64,64,51,51,51,73,37,59,59,59,45,43,43,43,65,18,75,75,75,41,41,24,46,46,46,46,46,65,54,14,1,23,0,0],"gold":93,"neow_bonus":"TRANSFORM_CARD","is_daily":false,"chose_seed":false,"campfire_upgraded":1,"win_rate":0.0,"timestamp":1613438290,"path_taken":["M","M","$","M","?","E","M","?","T","E","M","?","R","M","R","BOSS","M","?","M","?","?","R","E","R","T","$","M","?","M","$","R","BOSS","M","M","M","$","M","R","?","?","T","?","?","M","M","M","R","BOSS"],"items_purchased_type":["Card","Card","Relic","Relic","Card","Card","Card","Card","Card","Relic","Relic","Relic"],"build_version":"2020-12-22","purchased_purges":2,"victory":false,"max_hp_per_floor":[75,75,75,75,75,75,75,75,75,75,75,75,75,75,75,75,75,75,75,75,75,75,75,75,75,75,75,75,75,75,75,75,75,75,75,75,75,75,75,75,75,75,75,75,75,75,75,75,75,75,75],"card_choices":[{"not_picked":["Storm","Genetic Algorithm"],"picked":"Cold Snap","floor":1},{"not_picked":["Skim","Hologram"],"picked":"Cold Snap","floor":2},{"not_picked":["Turbo","Conserve Battery"],"picked":"Barrage","floor":4},{"not_picked":["FTL","Aggregate"],"picked":"Auto Shields","floor":6},{"not_picked":["Steam","Buffer"],"picked":"Stack","floor":7},{"not_picked":["Rip and Tear","BootSequence"],"picked":"Self Repair","floor":10},{"not_picked":["Coolheaded","Gash"],"picked":"Redo","floor":11},{"not_picked":["Go for the Eyes","Chaos"],"picked":"Ball Lightning","floor":14},{"not_picked":["Fission","Amplify"],"picked":"Machine Learning","floor":16},{"not_picked":["Force Field","Turbo"],"picked":"Barrage+1","floor":18},{"not_picked":["Self Repair","Skim"],"picked":"Defragment+1","floor":20},{"not_picked":["Hyperbeam","White Noise+1"],"picked":"Streamline","floor":24},{"not_picked":["Melter","Hello World"],"picked":"Conserve Battery+1","floor":28},{"not_picked":["Static Discharge","Sunder"],"picked":"Loop","floor":29},{"not_picked":["Leap","Turbo"],"picked":"Static Discharge","floor":30},{"not_picked":["Meteor Strike","Creative AI"],"picked":"Buffer","floor":33},{"not_picked":["Cold Snap+1","Double Energy+1"],"picked":"Rebound+1","floor":35},{"not_picked":["Auto Shields","Beam Cell+1"],"picked":"Barrage+1","floor":36},{"not_picked":["Beam Cell+1","Coolheaded+1"],"picked":"Streamline+1","floor":37},{"not_picked":["Barrage","Compile Driver+1"],"picked":"Hologram+1","floor":39},{"not_picked":["Transmutation","PanicButton"],"picked":"Flash of Steel","floor":42},{"not_picked":["Bandage Up","Deep Breath"],"picked":"Mind Blast","floor":42},{"not_picked":["Rebound","aspiration:Polymerization"],"picked":"Heatsinks","floor":46},{"not_picked":["aspiration:Polymerization","Gash"],"picked":"Sweeping Beam","floor":47},{"not_picked":["Scrape","Beam Cell+1"],"picked":"Sweeping Beam+1","floor":48}],"player_experience":2083960,"relics_obtained":[{"floor":6,"key":"Lantern"},{"floor":9,"key":"aspiration:FrozenJewel"},{"floor":10,"key":"Symbiotic Virus"},{"floor":24,"key":"DataDisk"},{"floor":24,"key":"Sundial"},{"floor":26,"key":"Anchor"}],"event_choices":[{"damage_healed":0,"gold_gain":0,"player_choice":"Box","damage_taken":0,"relics_obtained":["Nunchaku"],"max_hp_gain":0,"max_hp_loss":0,"event_name":"Big Fish","floor":5,"gold_loss":0,"cards_obtained":["Regret"]},{"damage_healed":0,"gold_gain":1,"player_choice":"Relic ","damage_taken":7,"max_hp_gain":0,"max_hp_loss":0,"event_name":"betterThird:BetterScrap","floor":8,"gold_loss":0,"cards_obtained":["Meditate"]},{"damage_healed":0,"gold_gain":0,"player_choice":"Grow","damage_taken":0,"max_hp_gain":0,"max_hp_loss":0,"event_name":"Living Wall","floor":12,"gold_loss":0,"cards_upgraded":["Self Repair"]},{"damage_healed":0,"gold_gain":99,"player_choice":"Steal","damage_taken":0,"max_hp_gain":0,"max_hp_loss":0,"event_name":"betterThird:BetterNest","floor":19,"gold_loss":0},{"cards_removed":["Hologram"],"damage_healed":0,"gold_gain":0,"player_choice":"Removed Skill","damage_taken":0,"max_hp_gain":0,"max_hp_loss":0,"event_name":"Falling","floor":41,"gold_loss":0},{"damage_healed":0,"gold_gain":3,"player_choice":"1","damage_taken":0,"max_hp_gain":0,"max_hp_loss":0,"event_name":"betterStone:BetterStone","floor":42,"gold_loss":0},{"damage_healed":0,"gold_gain":0,"player_choice":"Ignored","damage_taken":0,"max_hp_gain":0,"max_hp_loss":0,"event_name":"OrinTheCat","floor":44,"gold_loss":0},{"damage_healed":19,"gold_gain":0,"player_choice":"Writhe","damage_taken":0,"max_hp_gain":0,"max_hp_loss":0,"event_name":"Winding Halls","floor":45,"gold_loss":0,"cards_obtained":["Writhe"]}],"is_beta":false,"boss_relics":[{"not_picked":["Runesmith:UraniumAnvil","aspiration:RunicSpoon"],"picked":"Black Star"},{"not_picked":["Pandora\u0027s Box","Runic Pyramid"],"picked":"aspiration:MobileForge"}],"items_purged_floors":[22,38],"is_endless":false,"potions_floor_spawned":[1,4,6,14,16,20,24,29,30,35,37,46],"killed_by":"Time Eater","ascension_level":3}}