{"host":"r5cycnjhcbwgkpkf","time":1613460406,"event":{"mods":["2.2 Compatiblity","AchievementEnabler","BaseMod","Bestiary","Better Altar","Better Match","Better Note","Better Skull","Better Third Choice","BetterRewards","Colored Map","Colored Powertips","Infinite Spire","Minty Spire (QoL Compilation)","Reliquary","Replay The Spire","Spicy Shops","StSLib"],"gold_per_floor":[117,131,148,23,38,38,69,69,69,69,89,99,117,135,135,207,207,219,219,219,236,87,87,100,100,100,113,143,157,157,167,167,244,244,256,7,17,17,32,32,43,43,43,43,43,58,58,73,73,73],"floor_reached":51,"language":"ENG","playtime":3064,"items_purged":["Strike_B","Strike_B"],"score":1469,"play_id":"c7b84a76-8746-41b9-8ae4-8e36c10ebaa7","local_time":"20210215232646","is_ascension_mode":true,"campfire_choices":[{"floor":6.0,"key":"REST"},{"data":"Zap","floor":6.0,"key":"SMITH"},{"floor":10.0,"key":"REST"},{"data":"Beam Cell","floor":10.0,"key":"SMITH"},{"data":"Strike_B","floor":15.0,"key":"PURGE"},{"floor":23.0,"key":"REST"},{"data":"Scrape","floor":23.0,"key":"SMITH"},{"data":"Seek","floor":25.0,"key":"SMITH"},{"floor":32.0,"key":"REST"},{"data":"Go for the Eyes","floor":32.0,"key":"SMITH"},{"floor":40.0,"key":"REST"},{"floor":42,"key":"REST"},{"data":"Strike_B","floor":42,"key":"PURGE"},{"data":"Dualcast","floor":44,"key":"SMITH"},{"floor":49,"key":"REST"},{"data":"FTL","floor":49,"key":"SMITH"}],"circlet_count":0,"master_deck":["AscendersBane","Defend_B","Defend_B","Defend_B","Zap+1","Dualcast+1","Sweeping Beam","Beam Cell+1","Gash+1","Panic Button+1","Coolheaded+1","Scrape+1","Seek+1","Rebound","Gash","Gash","Go for the Eyes+1","FTL+1","Reprogram+1"],"relics":["Cracked Core","infinitespire:Magic Flask","Anchor","Kunai","Peace Pipe","Ice Cream","Counterbalance","Orrery","Vajra","reliquary:Aerogel","Snack Pack","Iron Hammer","FossilizedHelix"],"acts_visited":["Exordium","TheCity","TheBeyond"],"potions_floor_usage":[],"damage_taken":[{"damage":2.0,"enemies":"Jaw Worm","floor":1.0,"turns":3.0},{"damage":0.0,"enemies":"Cultist","floor":2.0,"turns":4.0},{"damage":0.0,"enemies":"2 Louse","floor":3.0,"turns":2.0},{"damage":4.0,"enemies":"Lots of Slimes","floor":5.0,"turns":2.0},{"damage":8.0,"enemies":"Replay:BlueRogue","floor":7.0,"turns":5.0},{"damage":4.0,"enemies":"Looter","floor":11.0,"turns":3.0},{"damage":0.0,"enemies":"Large Slime","floor":12.0,"turns":4.0},{"damage":5.0,"enemies":"Exordium Thugs","floor":13.0,"turns":4.0},{"damage":0.0,"enemies":"Looter","floor":14.0,"turns":1.0},{"damage":8.0,"enemies":"Slime Boss","floor":16.0,"turns":7.0},{"damage":20.0,"enemies":"Shell Parasite","floor":18.0,"turns":5.0},{"damage":0.0,"enemies":"Spheric Guardian","floor":21.0,"turns":3.0},{"damage":0.0,"enemies":"Cultist and Chosen","floor":24.0,"turns":3.0},{"damage":23.0,"enemies":"Snake Plant","floor":27.0,"turns":4.0},{"damage":5.0,"enemies":"Book of Stabbing","floor":28.0,"turns":3.0},{"damage":2.0,"enemies":"3 Cultists","floor":29.0,"turns":3.0},{"damage":0.0,"enemies":"Snecko","floor":31.0,"turns":2.0},{"damage":49.0,"enemies":"Automaton","floor":33.0,"turns":7.0},{"damage":6.0,"enemies":"3 Shapes","floor":35.0,"turns":3.0},{"damage":29.0,"enemies":"3 Darklings","floor":37.0,"turns":3.0},{"damage":20.0,"enemies":"Maw","floor":39.0,"turns":5.0},{"damage":19.0,"enemies":"Writhing Mass","floor":41.0,"turns":5.0},{"damage":16,"enemies":"4 Shapes","floor":46,"turns":4},{"damage":0,"enemies":"Maw","floor":48,"turns":4},{"damage":75,"enemies":"Time Eater","floor":50,"turns":7}],"seed_played":"5244078115694441334","potions_obtained":[{"floor":2.0,"key":"PotionOfCapacity"},{"floor":11.0,"key":"LiquidBronze"},{"floor":16.0,"key":"Doom Potion"},{"floor":28.0,"key":"DistilledChaos"},{"floor":41.0,"key":"GamblersBrew"}],"is_trial":false,"path_per_floor":["M","M","M","?","M","R","E","$","T","R","M","M","M","M","R","B",null,"M","AVR","?","M","$","R","M","R","T","M","E","M","?","M","R","B",null,"M","$","M","$","M","R","M","R","T","R","?","M","AVR","M","R","B",null],"character_chosen":"DEFECT","items_purchased":["infinitespire:Magic Flask","Sweeping Beam","Anchor","Kunai","Fruit Juice","Orrery","Snack Pack"],"campfire_rested":7,"item_purchase_floors":[0,0,0,0,0,22,36],"current_hp_per_floor":[44,44,44,44,40,62,54,54,54,76,72,72,67,67,67,59,72,52,52,52,52,52,74,74,74,74,51,46,44,44,44,66,17,61,55,55,36,36,30,52,47,69,69,69,69,61,61,73,76,13],"gold":73,"neow_bonus":"","is_daily":false,"chose_seed":false,"campfire_upgraded":7,"win_rate":0.0,"timestamp":1613460406,"path_taken":["M","M","M","?","M","R","E","$","T","R","?","M","M","M","R","BOSS","M","AVR","?","M","?","R","M","R","T","M","E","M","?","?","R","BOSS","M","?","M","$","?","R","M","R","T","R","?","M","AVR","?","R","BOSS"],"items_purchased_type":["Relic","Card","Relic","Relic","Potion","Relic","Relic"],"build_version":"2020-12-22","purchased_purges":2,"victory":true,"max_hp_per_floor":[76,76,76,76,76,76,76,76,76,76,76,76,76,76,76,76,76,76,76,76,76,76,76,76,76,76,76,76,76,76,76,76,76,76,76,76,76,76,76,76,76,76,76,76,76,76,76,76,76,76],"card_choices":[{"not_picked":["Blizzard","Barrage","Stack"],"picked":"SKIP","floor":1.0},{"not_picked":["Sweeping Beam","Compile Driver"],"picked":"Beam Cell","floor":2.0},{"not_picked":["Cold Snap","BootSequence","Loop"],"picked":"SKIP","floor":3.0},{"not_picked":["Streamline+1","Stack+1"],"picked":"Gash+1","floor":4.0},{"not_picked":["Hologram+1","Steam+1"],"picked":"Panic Button+1","floor":4.0},{"not_picked":["Conserve Battery+1","Leap+1"],"picked":"Coolheaded+1","floor":4.0},{"not_picked":["Loop","Coolheaded","Turbo"],"picked":"SKIP","floor":5.0},{"not_picked":["Force Field","Coolheaded","Ball Lightning"],"picked":"SKIP","floor":7.0},{"not_picked":["Blizzard","Conserve Battery"],"picked":"Scrape","floor":11.0},{"not_picked":["Force Field","Defragment","BasicCrystalCard"],"picked":"SKIP","floor":12.0},{"not_picked":["Sunder","BasicCrystalCard"],"picked":"Seek","floor":13.0},{"not_picked":["Conserve Battery","Fusion","Cold Snap"],"picked":"SKIP","floor":14.0},{"not_picked":["Redo","Tempest"],"picked":"Rebound","floor":18.0},{"not_picked":["Stack","Rebound"],"picked":"Gash","floor":21.0},{"not_picked":["Ball Lightning","Meteor Strike"],"picked":"Gash","floor":22.0},{"not_picked":["Stack","Glacier"],"picked":"Go for the Eyes","floor":22.0},{"not_picked":["Steam Power","Capacitor","Streamline"],"picked":"SKIP","floor":24.0},{"not_picked":["Doom and Gloom","Streamline+1"],"picked":"FTL","floor":27.0},{"not_picked":["Electrodynamics","Undo","Double Energy"],"picked":"SKIP","floor":28.0},{"not_picked":["Fusion","Redo","BasicCrystalCard+1"],"picked":"SKIP","floor":29.0},{"not_picked":["Consume+1","Compile Driver","Stack"],"picked":"SKIP","floor":31.0},{"not_picked":["Barrage+1","Panic Button","Go for the Eyes"],"picked":"SKIP","floor":35.0},{"not_picked":["Coolheaded+1","Steam+1","Turbo"],"picked":"SKIP","floor":37.0},{"not_picked":["Sweeping Beam","Steam Power","Echo Form"],"picked":"SKIP","floor":39.0},{"not_picked":["Compile Driver","Coolheaded","Glacier"],"picked":"SKIP","floor":41.0},{"not_picked":["Rebound","Undo","Capacitor"],"picked":"SKIP","floor":46},{"not_picked":["Rebound","Compile Driver"],"picked":"Reprogram+1","floor":48}],"player_experience":422758,"relics_obtained":[{"floor":7.0,"key":"Peace Pipe"},{"floor":9.0,"key":"Ice Cream"},{"floor":26.0,"key":"Vajra"},{"floor":28.0,"key":"reliquary:Aerogel"},{"floor":43,"key":"Iron Hammer"}],"event_choices":[{"damage_healed":0.0,"max_hp_gain":0.0,"max_hp_loss":0.0,"gold_gain":0.0,"event_name":"betterMatch:BetterMatch","player_choice":"3","floor":4.0,"gold_loss":0.0,"damage_taken":0.0,"cards_obtained":["betterMatch:CommonCard"]},{"cards_removed":["Defend_B"],"damage_healed":0.0,"max_hp_gain":0.0,"max_hp_loss":0.0,"gold_gain":0.0,"event_name":"Purifier","player_choice":"Purged","floor":20.0,"gold_loss":0.0,"damage_taken":0.0},{"damage_healed":0.0,"max_hp_gain":0.0,"max_hp_loss":0.0,"gold_gain":0.0,"event_name":"Cursed Tome","player_choice":"Ignored","floor":30.0,"gold_loss":0.0,"damage_taken":0.0},{"damage_healed":0,"gold_gain":0,"player_choice":"Ignored","damage_taken":0,"max_hp_gain":0,"max_hp_loss":0,"event_name":"betterThird:BetterPortal","floor":45,"gold_loss":0}],"is_beta":false,"boss_relics":[{"not_picked":["Coffee Dripper","Replay:Bronze Core","Snecko Eye"]},{"not_picked":["Replay:Drink Me","ChewingGum","ReplayTheSpireMod:SealedPack"]}],"items_purged_floors":[19,47],"is_endless":false,"potions_floor_spawned":[2,11,12,16,24,28,33,41,48],"ascension_level":15}}