{"host":"9rqxlbwknj581inl","time":1613450506,"event":{"mods":["BaseMod","Colored Map","Colored Powertips","Minty Spire (QoL Compilation)","Quick Restart","Random Character Mod"],"gold_per_floor":[117,117,117,134,134,159,173,173,199,199,215,231,248,266,266,371,371,382,382,397,397,397],"floor_reached":21,"language":"ENG","playtime":1530,"items_purged":[],"score":208,"play_id":"548087b4-e56d-4974-b0ae-4f7600657738","local_time":"20210215214146","is_ascension_mode":false,"campfire_choices":[{"data":"Bash","floor":10,"key":"SMITH"},{"data":"Disarm","floor":15,"key":"SMITH"}],"circlet_count":0,"master_deck":["Strike_R","Strike_R","Strike_R","Strike_R","Strike_R","Defend_R","Defend_R+1","Defend_R","Defend_R","Bash+1","Defend_B","Uppercut","Pommel Strike","Heavy Blade+1","Second Wind","Disarm+1","Sword Boomerang","Headbutt","Feed","CurseOfTheBell","RitualDagger","Flex"],"relics":["Burning Blood","NeowsBlessing","Lantern","Question Card","Shuriken","Potion Belt","Calling Bell","Ancient Tea Set","Kunai","Charon\u0027s Ashes"],"acts_visited":["Exordium","TheCity"],"potions_floor_usage":[21,21],"damage_taken":[{"damage":0,"enemies":"2 Louse","floor":1,"turns":1},{"damage":0,"enemies":"Jaw Worm","floor":4,"turns":1},{"damage":0,"enemies":"Gremlin Nob","floor":6,"turns":1},{"damage":1,"enemies":"Cultist","floor":7,"turns":3},{"damage":10,"enemies":"Looter","floor":11,"turns":3},{"damage":21,"enemies":"Lots of Slimes","floor":12,"turns":4},{"damage":9,"enemies":"3 Louse","floor":13,"turns":3},{"damage":7,"enemies":"Looter","floor":14,"turns":4},{"damage":35,"enemies":"Hexaghost","floor":16,"turns":10},{"damage":31,"enemies":"3 Byrds","floor":18,"turns":7},{"damage":33,"enemies":"Shell Parasite","floor":20,"turns":7},{"damage":40,"enemies":"Masked Bandits","floor":21,"turns":3}],"seed_played":"-2767160231630866877","potions_obtained":[{"floor":4,"key":"Dexterity Potion"},{"floor":7,"key":"Regen Potion"},{"floor":16,"key":"ElixirPotion"}],"is_trial":false,"path_per_floor":["M","?","?","M","?","E","M","?","T","R","M","M","M","M","R","B",null,"M","?","M","?"],"character_chosen":"IRONCLAD","items_purchased":[],"campfire_rested":0,"item_purchase_floors":[],"current_hp_per_floor":[80,73,73,79,79,80,80,64,64,64,60,45,42,41,41,12,80,58,52,25,0,0],"gold":397,"neow_bonus":"THREE_ENEMY_KILL","is_daily":false,"chose_seed":false,"campfire_upgraded":2,"win_rate":0.0,"timestamp":1613450506,"path_taken":["M","?","?","?","?","E","?","?","T","R","M","M","M","M","R","BOSS","M","?","M","?"],"items_purchased_type":[],"build_version":"2020-12-22","purchased_purges":0,"victory":false,"max_hp_per_floor":[80,80,80,80,80,80,80,80,80,80,80,80,80,80,80,80,80,83,83,83,83,83],"card_choices":[{"not_picked":["Armaments","True Grit"],"picked":"Inflame","floor":1},{"not_picked":["Twin Strike","Perfected Strike"],"picked":"Uppercut","floor":4},{"not_picked":["Twin Strike","Cleave","Rage"],"picked":"Pommel Strike","floor":6},{"not_picked":["Feel No Pain","Havoc","Body Slam"],"picked":"Heavy Blade","floor":7},{"not_picked":["Exhume","Power Through","Seeing Red"],"picked":"Second Wind","floor":11},{"not_picked":["Flex","Reckless Charge","Burning Pact"],"picked":"Disarm","floor":12},{"not_picked":["Sentinel","Pommel Strike","Warcry"],"picked":"Sword Boomerang","floor":13},{"not_picked":["Sword Boomerang","Heavy Blade","Flex"],"picked":"Headbutt","floor":14},{"not_picked":["Brutality","Impervious","Corruption"],"picked":"Feed","floor":16},{"not_picked":["Combust","Rage","Second Wind","Flex"],"picked":"SKIP","floor":18},{"not_picked":["Wild Strike","Perfected Strike+1","Havoc"],"picked":"Flex","floor":20}],"player_experience":279875,"relics_obtained":[{"floor":6,"key":"Shuriken"},{"floor":9,"key":"Potion Belt"},{"floor":17,"key":"Ancient Tea Set"},{"floor":17,"key":"Kunai"},{"floor":17,"key":"Charon\u0027s Ashes"}],"event_choices":[{"damage_healed":0,"gold_gain":0,"player_choice":"Success","damage_taken":7,"relics_obtained":["Lantern"],"max_hp_gain":0,"max_hp_loss":0,"event_name":"Scrap Ooze","floor":2,"gold_loss":0},{"cards_removed":["Inflame"],"damage_healed":0,"gold_gain":0,"player_choice":"Took Card","damage_taken":0,"max_hp_gain":0,"max_hp_loss":0,"event_name":"NoteForYourself","floor":3,"gold_loss":0,"cards_obtained":["Defend_B"]},{"damage_healed":0,"gold_gain":0,"player_choice":"Gave Potion","damage_taken":0,"relics_obtained":["Question Card"],"max_hp_gain":0,"max_hp_loss":0,"event_name":"WeMeetAgain","floor":5,"gold_loss":0},{"damage_healed":0,"gold_gain":0,"player_choice":"Entered Light","damage_taken":16,"max_hp_gain":0,"max_hp_loss":0,"event_name":"Shining Light","floor":8,"gold_loss":0,"cards_upgraded":["Heavy Blade","Defend_R"]},{"damage_healed":0,"gold_gain":0,"player_choice":"Joined the Cult","damage_taken":6,"max_hp_gain":0,"max_hp_loss":0,"event_name":"Nest","floor":19,"gold_loss":0,"cards_obtained":["RitualDagger"]},{"damage_healed":0,"gold_gain":0,"player_choice":"Fought Bandits","damage_taken":0,"max_hp_gain":0,"max_hp_loss":0,"event_name":"Masked Bandits","floor":21,"gold_loss":0}],"is_beta":false,"boss_relics":[{"not_picked":["Coffee Dripper","Ectoplasm"],"picked":"Calling Bell"}],"items_purged_floors":[],"is_endless":false,"potions_floor_spawned":[4,7,16],"killed_by":"Masked Bandits","ascension_level":0}}