{"host":"ue7jlgf7uv134an9","time":1613518675,"event":{"mods":["BaseMod","Better Third Choice","Colored Map","Defuse TimeMaze Blight","Minty Spire (QoL Compilation)","Quick Restart","Rare Cards Sparkle","Relic Stats","StSLib","UnlockEverythingMod"],"gold_per_floor":[112,123,140,8,26,52,67,67,67,80,5,23,23,43,43,146,146,156,173,88,88,88,88,105,120,120,120,130,155,81,96,96,193,193,203,214,268,283,42,42,74,74,74,87,87,99,99,110,110,110],"floor_reached":51,"language":"ENG","playtime":2233,"items_purged":["Strike_G"],"score":805,"play_id":"a1d82328-86e3-47f6-b3ea-cc9d341deadf","local_time":"20210216183755","is_ascension_mode":false,"campfire_choices":[{"data":"Dagger Spray","floor":13.0,"key":"SMITH"},{"data":"Cloak And Dagger","floor":15.0,"key":"SMITH"},{"data":"RitualDagger","floor":23.0,"key":"SMITH"},{"data":"Footwork","floor":27.0,"key":"SMITH"},{"data":"Footwork","floor":32.0,"key":"SMITH"},{"floor":40,"key":"REST"},{"data":"Adrenaline","floor":47,"key":"SMITH"},{"floor":49,"key":"REST"}],"circlet_count":0,"master_deck":["Strike_G","Defend_G","Defend_G","Defend_G","Defend_G","Survivor","Neutralize","Slice","Quick Slash","Backstab","Footwork+1","Cloak And Dagger+1","Corpse Explosion","Dagger Spray+1","Endless Agony","Leg Sweep","Blur","Adrenaline+1","Sucker Punch","RitualDagger+1","Backflip","Terror","Footwork+1","Backstab+1","Malaise","PiercingWail","Dash+1","Blade Dance","PiercingWail+1","Escape Plan","PiercingWail"],"relics":["Sozu","StoneCalendar","Sundial","Runic Pyramid","Letter Opener","Torii","Paper Crane","Empty Cage","Pocketwatch","Kunai","Blood Vial","InkBottle"],"acts_visited":["Exordium","TheCity","TheBeyond"],"potions_floor_usage":[],"damage_taken":[{"damage":0.0,"enemies":"2 Louse","floor":1.0,"turns":3.0},{"damage":2.0,"enemies":"Small Slimes","floor":2.0,"turns":4.0},{"damage":0.0,"enemies":"Jaw Worm","floor":3.0,"turns":3.0},{"damage":0.0,"enemies":"Large Slime","floor":5.0,"turns":5.0},{"damage":15.0,"enemies":"Lagavulin","floor":6.0,"turns":8.0},{"damage":7.0,"enemies":"3 Louse","floor":7.0,"turns":2.0},{"damage":0.0,"enemies":"2 Fungi Beasts","floor":10.0,"turns":1.0},{"damage":0.0,"enemies":"Large Slime","floor":12.0,"turns":5.0},{"damage":0.0,"enemies":"3 Louse","floor":14.0,"turns":3.0},{"damage":0.0,"enemies":"The Guardian","floor":16.0,"turns":14.0},{"damage":2.0,"enemies":"3 Byrds","floor":18.0,"turns":3.0},{"damage":1.0,"enemies":"Shell Parasite","floor":19.0,"turns":5.0},{"damage":3.0,"enemies":"Shelled Parasite and Fungi","floor":24.0,"turns":7.0},{"damage":0.0,"enemies":"Snake Plant","floor":25.0,"turns":5.0},{"damage":0.0,"enemies":"Snecko","floor":28.0,"turns":5.0},{"damage":14.0,"enemies":"Slavers","floor":29.0,"turns":3.0},{"damage":0.0,"enemies":"Centurion and Healer","floor":31.0,"turns":6.0},{"damage":11.0,"enemies":"Collector","floor":33.0,"turns":8.0},{"damage":10,"enemies":"Orb Walker","floor":35,"turns":3},{"damage":2,"enemies":"3 Darklings","floor":36,"turns":3},{"damage":30,"enemies":"2 Orb Walkers","floor":37,"turns":3},{"damage":0,"enemies":"Spire Growth","floor":38,"turns":5},{"damage":0,"enemies":"Reptomancer","floor":41,"turns":7},{"damage":0,"enemies":"Maw","floor":44,"turns":8},{"damage":0,"enemies":"Writhing Mass","floor":46,"turns":8},{"damage":0,"enemies":"Transient","floor":48,"turns":5},{"damage":32,"enemies":"Donu and Deca","floor":50,"turns":7}],"seed_played":"-1411727334554242281","potions_obtained":[],"is_trial":false,"path_per_floor":["M","M","M","$","M","E","M","?","T","M","$","M","R","M","R","B",null,"M","M","?","?","?","R","M","M","T","R","M","E","$","M","R","B",null,"M","M","?","M","$","R","E","?","T","M","?","M","R","M","R","B",null],"character_chosen":"THE_SILENT","items_purchased":["Footwork","Cloak And Dagger","Footwork","Kunai"],"campfire_rested":2,"item_purchase_floors":[4,4,30,39],"current_hp_per_floor":[70,68,68,68,68,53,46,46,46,46,46,46,46,46,46,46,70,68,67,67,67,61,61,58,58,58,58,58,44,44,44,44,33,70,60,58,28,28,28,49,49,49,49,51,51,53,53,55,70,38],"gold":110,"neow_bonus":"BOSS_RELIC","is_daily":false,"chose_seed":false,"campfire_upgraded":6,"win_rate":0.0,"timestamp":1613518675,"path_taken":["M","M","M","$","M","E","M","?","T","M","$","M","R","M","R","BOSS","M","M","?","?","?","R","M","M","T","R","M","E","$","M","R","BOSS","M","M","?","M","$","R","E","?","T","M","?","M","R","M","R","BOSS"],"items_purchased_type":["Card","Card","Card","Relic"],"build_version":"2020-12-22","purchased_purges":1,"victory":true,"max_hp_per_floor":[70,70,70,70,70,70,70,70,70,70,70,70,70,70,70,70,70,70,70,70,70,70,70,70,70,70,70,70,70,70,70,70,70,70,70,70,70,70,70,70,70,70,70,70,70,70,70,70,70,70],"relic_stats":{"Sozu":11,"Blood Vial":6,"Torii":16,"counters":[27,139],"Sundial":[10],"StoneCalendar":[268],"Letter Opener":[125],"Kunai":[22],"obtain_stats":[{"Torii":26,"StoneCalendar":6,"Letter Opener":20,"Paper Crane":29,"Empty Cage":34,"Sozu":0,"Blood Vial":41,"Sundial":9,"Kunai":39,"InkBottle":43,"Ring of the Snake":0,"Runic Pyramid":17,"Pocketwatch":37},{"Torii":14,"StoneCalendar":5,"Letter Opener":12,"Paper Crane":16,"Empty Cage":18,"Sozu":0,"Blood Vial":23,"Sundial":6,"Kunai":22,"InkBottle":23,"Ring of the Snake":0,"Runic Pyramid":10,"Pocketwatch":21},{"Torii":68,"StoneCalendar":23,"Letter Opener":56,"Paper Crane":76,"Empty Cage":90,"Sozu":0,"Blood Vial":111,"Sundial":25,"Kunai":104,"InkBottle":111,"Ring of the Snake":0,"Runic Pyramid":48,"Pocketwatch":99}],"InkBottle":[16],"Pocketwatch":[10]},"card_choices":[{"not_picked":["Bane","Outmaneuver"],"picked":"Slice","floor":1.0},{"not_picked":["Acrobatics","Poisoned Stab"],"picked":"Quick Slash","floor":2.0},{"not_picked":["Terror","Bane"],"picked":"Backstab","floor":3.0},{"not_picked":["Expertise","Prepared","Slice"],"picked":"SKIP","floor":5.0},{"not_picked":["Backflip","Blur"],"picked":"Corpse Explosion","floor":6.0},{"not_picked":["Masterful Stab","Sucker Punch"],"picked":"Dagger Spray","floor":7.0},{"not_picked":["Backstab","Deadly Poison"],"picked":"Leg Sweep","floor":10.0},{"not_picked":["Dagger Spray","Prepared","Flying Knee"],"picked":"SKIP","floor":12.0},{"not_picked":["Infinite Blades","Predator"],"picked":"Blur","floor":14.0},{"not_picked":["Malaise","Doppelganger"],"picked":"Adrenaline","floor":16.0},{"not_picked":["Acrobatics","Bane","Setup+1"],"picked":"SKIP","floor":18.0},{"not_picked":["Underhanded Strike","Dodge and Roll+1"],"picked":"Sucker Punch","floor":19.0},{"not_picked":["Prepared","Dagger Throw","Noxious Fumes"],"picked":"SKIP","floor":24.0},{"not_picked":["Quick Slash+1","Venomology"],"picked":"Backflip","floor":25.0},{"not_picked":["Flechettes","Setup+1","Sucker Punch"],"picked":"SKIP","floor":28.0},{"not_picked":["Acrobatics","Underhanded Strike+1"],"picked":"Terror","floor":29.0},{"not_picked":["Footwork+1","Accuracy"],"picked":"Backstab+1","floor":31.0},{"not_picked":["Phantasmal Killer","Doppelganger"],"picked":"Malaise","floor":33.0},{"not_picked":["Infinite Blades","Well Laid Plans"],"picked":"PiercingWail","floor":35},{"not_picked":["Choke+1","Dodge and Roll"],"picked":"Dash+1","floor":36},{"not_picked":["Dodge and Roll","Quick Slash"],"picked":"Blade Dance","floor":37},{"not_picked":["Underhanded Strike","Backstab","Noxious Fumes+1"],"picked":"SKIP","floor":38},{"not_picked":["Flying Knee","Bullet Time"],"picked":"PiercingWail+1","floor":41},{"not_picked":["Distraction+1","Poisoned Stab","Slice+1"],"picked":"SKIP","floor":44},{"not_picked":["Sucker Punch","Predator"],"picked":"Escape Plan","floor":46},{"not_picked":["Outmaneuver+1","Dodge and Roll+1"],"picked":"PiercingWail","floor":48}],"player_experience":73470,"relics_obtained":[{"floor":6.0,"key":"StoneCalendar"},{"floor":9.0,"key":"Sundial"},{"floor":26.0,"key":"Torii"},{"floor":29.0,"key":"Paper Crane"},{"floor":37,"key":"Pocketwatch"},{"floor":41,"key":"Blood Vial"},{"floor":43,"key":"InkBottle"}],"event_choices":[{"damage_healed":0.0,"max_hp_gain":0.0,"max_hp_loss":0.0,"gold_gain":0.0,"cards_transformed":["Strike_G"],"event_name":"Living Wall","player_choice":"Change","floor":8.0,"gold_loss":0.0,"damage_taken":0.0,"cards_obtained":["Endless Agony"]},{"damage_healed":0.0,"max_hp_gain":0.0,"max_hp_loss":0.0,"gold_gain":0.0,"event_name":"Addict","player_choice":"Obtained Relic","floor":20.0,"gold_loss":85.0,"damage_taken":0.0,"relics_obtained":["Letter Opener"]},{"damage_healed":0.0,"max_hp_gain":0.0,"max_hp_loss":0.0,"gold_gain":0.0,"event_name":"Beggar","player_choice":"Ignored","floor":21.0,"gold_loss":0.0,"damage_taken":0.0},{"damage_healed":0.0,"max_hp_gain":0.0,"max_hp_loss":0.0,"gold_gain":0.0,"event_name":"betterThird:BetterNest","player_choice":"Dagger","floor":22.0,"gold_loss":0.0,"damage_taken":6.0,"cards_obtained":["RitualDagger"]},{"damage_healed":0,"gold_gain":0,"player_choice":"Fight","damage_taken":0,"max_hp_gain":0,"max_hp_loss":0,"event_name":"Mysterious Sphere","floor":37,"gold_loss":0},{"damage_healed":0,"gold_gain":0,"player_choice":"Memory 1","damage_taken":0,"max_hp_gain":0,"max_hp_loss":0,"event_name":"SensoryStone","floor":42,"gold_loss":0},{"cards_removed":["Strike_G"],"damage_healed":0,"gold_gain":0,"player_choice":"Removed Attack","damage_taken":0,"max_hp_gain":0,"max_hp_loss":0,"event_name":"Falling","floor":45,"gold_loss":0}],"is_beta":false,"boss_relics":[{"not_picked":["Coffee Dripper","Runic Dome"],"picked":"Runic Pyramid"},{"not_picked":["Calling Bell","Black Star"],"picked":"Empty Cage"}],"items_purged_floors":[11],"is_endless":false,"potions_floor_spawned":[2,7,10,16,25,31,33,35,36,41,48],"ascension_level":0}}