{"host":"lg1piimdyocafd6j","time":1613505662,"event":{"mods":["AchievementEnabler","BaseMod","Better Third Choice","BetterRewards","Colored Map","Colored Powertips","Downfall","Minty Spire (QoL Compilation)","Quick Restart","Rare Cards Sparkle","Remove Card Discount Mod","Shop Mod","StSLib","SuperFastMode"],"gold_per_floor":[114,114,133,146,216,241,258,268,292,133,147,3,17,75,75,175,175,193,193,205,221,38,38,54,54,105,119,44,44,44,44,44,149,149,165,163,163,178,178,198,198,198,198],"floor_reached":42,"language":"ENG","playtime":1640,"items_purged":["Dualcast","Strike_B","Strike_B","Zap","Defend_B","Strike_B","Strike_B","Rainbow","Defend_B","Doom and Gloom+1","Redo","Defend_B","Doom and Gloom+1"],"score":475,"play_id":"64aff740-a984-48bb-b7d0-150a536d4993","local_time":"20210216210102","is_ascension_mode":false,"campfire_choices":[{"floor":15,"key":"REST"},{"floor":23,"key":"RECALL"},{"floor":25,"key":"REST"},{"data":"Redo","floor":29,"key":"SMITH"},{"data":"Redo","floor":32,"key":"SMITH"},{"data":"Darkness","floor":41,"key":"SMITH"}],"circlet_count":0,"master_deck":["Defend_B","Redo+1","Doom and Gloom+1","Doom and Gloom+1","Conserve Battery","Redo+1","Redo","Leap","Echo Form","Conserve Battery+1","Darkness+1","Redo+1"],"relics":["Cracked Core","Molten Egg 2","Bag of Marbles","Lee\u0027s Waffle","DollysMirror","Velvet Choker","Lantern","Bronze Scales","Nilry\u0027s Codex","Inserter"],"acts_visited":["Exordium","TheCity","TheBeyond"],"potions_floor_usage":[6,6,40],"damage_taken":[{"damage":4,"enemies":"Jaw Worm","floor":1,"turns":5},{"damage":0,"enemies":"Cultist","floor":3,"turns":3},{"damage":0,"enemies":"Small Slimes","floor":4,"turns":2},{"damage":18,"enemies":"Lagavulin","floor":6,"turns":5},{"damage":5,"enemies":"2 Fungi Beasts","floor":7,"turns":3},{"damage":1,"enemies":"Looter","floor":8,"turns":2},{"damage":0,"enemies":"Gremlin Gang","floor":11,"turns":1},{"damage":5,"enemies":"Exordium Wildlife","floor":13,"turns":3},{"damage":24,"enemies":"Gremlin Nob","floor":14,"turns":4},{"damage":0,"enemies":"Slime Boss","floor":16,"turns":5},{"damage":0,"enemies":"Chosen","floor":18,"turns":4},{"damage":6,"enemies":"Shell Parasite","floor":20,"turns":4},{"damage":3,"enemies":"Chosen and Byrds","floor":21,"turns":4},{"damage":21,"enemies":"Snake Plant","floor":24,"turns":3},{"damage":4,"enemies":"3 Cultists","floor":27,"turns":3},{"damage":10,"enemies":"Automaton","floor":33,"turns":6},{"damage":24,"enemies":"3 Darklings","floor":35,"turns":3},{"damage":4,"enemies":"3 Shapes","floor":38,"turns":4},{"damage":31,"enemies":"Writhing Mass","floor":40,"turns":5},{"damage":23,"enemies":"Spire Growth","floor":42,"turns":2}],"seed_played":"6040450175357490860","potions_obtained":[{"floor":2,"key":"hexamod:SoulburnPotion"},{"floor":2,"key":"Strength Potion"},{"floor":16,"key":"BlessingOfTheForge"},{"floor":18,"key":"Swift Potion"}],"is_trial":false,"path_per_floor":["M","?","M","M","?","E","M","M","T","$","M","$","M","?","R","B",null,"M","?","M","M","$","R","M","R","T","M","$","R","?","?","R","B",null,"M","$","?","M","$","M","R","M"],"character_chosen":"DEFECT","items_purchased":["Redo","Molten Egg 2","Doom and Gloom+1","Doom and Gloom+1","Fire Potion","Lee\u0027s Waffle","DollysMirror","Lantern","Redo","Doom and Gloom+1"],"campfire_rested":2,"item_purchase_floors":[0,0,0,0,0,10,12,22,22,28],"current_hp_per_floor":[71,71,71,71,71,53,48,47,47,82,82,82,77,53,77,77,82,82,82,76,73,73,73,52,76,76,72,72,72,56,56,56,46,82,58,58,58,54,54,23,23,0,0],"gold":198,"neow_bonus":"","is_daily":false,"chose_seed":false,"campfire_upgraded":3,"win_rate":0.0,"timestamp":1613505662,"path_taken":["M","?","?","M","?","E","M","M","T","$","M","$","M","?","R","BOSS","M","?","?","M","$","R","M","R","T","M","$","R","?","?","R","BOSS","M","$","?","M","$","M","R","?"],"items_purchased_type":["Card","Relic","Card","Card","Potion","Relic","Relic","Relic","Card","Card"],"build_version":"2020-12-22","purchased_purges":13,"victory":false,"max_hp_per_floor":[75,75,75,75,75,75,75,75,75,82,82,82,82,82,82,82,82,82,82,82,82,82,82,82,82,82,82,82,82,82,82,82,82,82,82,82,82,82,82,82,82,82,82],"card_choices":[{"not_picked":["Blizzard+1","Beam Cell+1"],"picked":"Conserve Battery","floor":1},{"not_picked":["Glacier","Genetic Algorithm"],"picked":"Redo","floor":3},{"not_picked":["Coolheaded","Glacier"],"picked":"Redo","floor":4},{"not_picked":["Stack","Aggregate"],"picked":"Leap","floor":6},{"not_picked":["Rebound+1","BootSequence","Compile Driver+1"],"picked":"SKIP","floor":7},{"not_picked":["Coolheaded","Steam","Genetic Algorithm"],"picked":"SKIP","floor":8},{"not_picked":["Compile Driver+1","Ball Lightning+1","Heatsinks"],"picked":"SKIP","floor":11},{"not_picked":["Hologram","Defragment","Meteor Strike+1"],"picked":"SKIP","floor":13},{"not_picked":["Hyperbeam+1","Machine Learning"],"picked":"Rainbow","floor":16},{"not_picked":["Coolheaded","Beam Cell+1","Stack"],"picked":"SKIP","floor":18},{"not_picked":["Go for the Eyes+1","Blizzard+1","Ball Lightning+1"],"picked":"SKIP","floor":20},{"not_picked":["Steam","Defragment+1"],"picked":"Echo Form","floor":21},{"not_picked":["Loop","Cold Snap+1"],"picked":"Conserve Battery+1","floor":24},{"not_picked":["Coolheaded","Hologram","Barrage+1"],"picked":"SKIP","floor":27},{"not_picked":["Steam Power","Beam Cell+1"],"picked":"Darkness","floor":35},{"not_picked":["Go for the Eyes+1","Coolheaded+1","Melter+1"],"picked":"SKIP","floor":38},{"not_picked":["Cold Snap+1","Ball Lightning+1"],"picked":"Redo+1","floor":40}],"player_experience":162087,"relics_obtained":[{"floor":6,"key":"Bag of Marbles"},{"floor":26,"key":"Bronze Scales"},{"floor":30,"key":"Nilry\u0027s Codex"}],"event_choices":[{"damage_healed":0,"gold_gain":0,"player_choice":"Got Potions","damage_taken":0,"max_hp_gain":0,"max_hp_loss":0,"event_name":"Lab","floor":2,"gold_loss":0},{"damage_healed":0,"gold_gain":70,"player_choice":"Gained Gold","damage_taken":0,"max_hp_gain":0,"max_hp_loss":0,"event_name":"Golden Wing","floor":5,"gold_loss":0},{"damage_healed":0,"gold_gain":30,"player_choice":"Searched \u00272\u0027 times","damage_taken":0,"max_hp_gain":0,"max_hp_loss":0,"event_name":"Dead Adventurer","floor":14,"gold_loss":0},{"damage_healed":0,"gold_gain":0,"player_choice":"Ignored","damage_taken":0,"max_hp_gain":0,"max_hp_loss":0,"event_name":"WeMeetAgain","floor":19,"gold_loss":0},{"damage_healed":0,"gold_gain":0,"player_choice":"Obtained Book","damage_taken":16,"max_hp_gain":0,"max_hp_loss":0,"event_name":"Cursed Tome","floor":30,"gold_loss":0},{"damage_healed":0,"gold_gain":0,"player_choice":"Ignored","damage_taken":0,"max_hp_gain":0,"max_hp_loss":0,"event_name":"Purifier","floor":31,"gold_loss":0},{"damage_healed":0,"gold_gain":0,"player_choice":"Bought 0 Potions","damage_taken":0,"max_hp_gain":0,"max_hp_loss":0,"event_name":"The Woman in Blue","floor":37,"gold_loss":0}],"is_beta":false,"boss_relics":[{"not_picked":["Busted Crown","Cursed Key"],"picked":"Velvet Choker"},{"not_picked":["Tiny House","Runic Dome"],"picked":"Inserter"}],"items_purged_floors":[0,0,0,0,0,10,10,22,22,28,28,28,36],"is_endless":false,"potions_floor_spawned":[4,14,16,18,20,27,38],"killed_by":"Spire Growth","ascension_level":0}}