{"host":"tzwikg9s6mkzv6w0","time":1613489160,"event":{"mods":["BaseMod","Good Game Mod","Minty Spire (QoL Compilation)","Spicy Shops","StSLib"],"gold_per_floor":[113,113,113,127,52,78,95,95,95,95,95,121,121,140,140,238,238,250,263,38,38,53,53,66,66,112,125,141,141,141,141,141,246,246,261,39,54,54,54],"floor_reached":38,"language":"ZHS","playtime":1460,"items_purged":["Strike_G","Strike_G","Defend_G","Strike_G"],"score":573,"play_id":"8191e7a8-d4c2-40e8-98d7-e83572247c1b","local_time":"20210216232600","is_ascension_mode":true,"campfire_choices":[{"data":"Sadistic Nature","floor":8.0,"key":"SMITH"},{"data":"Accuracy","floor":10.0,"key":"SMITH"},{"data":"Terror","floor":13.0,"key":"SMITH"},{"data":"Neutralize","floor":15.0,"key":"SMITH"},{"data":"Acrobatics","floor":25.0,"key":"SMITH"},{"data":"Acrobatics","floor":30.0,"key":"SMITH"},{"data":"Underhanded Strike","floor":32,"key":"SMITH"}],"circlet_count":0,"master_deck":["Strike_G","Defend_G","Defend_G","Defend_G","Defend_G","Survivor","Neutralize+1","Sadistic Nature+1","Accuracy+1","Terror+1","Dash","Backstab","Acrobatics+1","Backflip+1","Accuracy+1","Escape Plan","Acrobatics+1","Underhanded Strike+1","After Image","CurseOfTheBell","Venomology"],"relics":["Ring of the Snake","REME:ComplimentaryCards","Question Card","Pantograph","Paper Crane","Runic Dome","Nloth\u0027s Gift","Potion Belt","PreservedInsect","MutagenicStrength","Calling Bell","Orichalcum","Sundial","Peace Pipe","Nunchaku"],"acts_visited":["Exordium","TheCity","TheBeyond"],"potions_floor_usage":[33,33,38],"damage_taken":[{"damage":0.0,"enemies":"Small Slimes","floor":1.0,"turns":1.0},{"damage":0.0,"enemies":"2 Louse","floor":4.0,"turns":1.0},{"damage":0.0,"enemies":"Lagavulin","floor":6.0,"turns":1.0},{"damage":0.0,"enemies":"Cultist","floor":7.0,"turns":4.0},{"damage":25.0,"enemies":"Gremlin Nob","floor":12.0,"turns":5.0},{"damage":0.0,"enemies":"Red Slaver","floor":14.0,"turns":5.0},{"damage":61.0,"enemies":"Slime Boss","floor":16.0,"turns":17.0},{"damage":6.0,"enemies":"3 Byrds","floor":18.0,"turns":8.0},{"damage":23.0,"enemies":"Spheric Guardian","floor":19.0,"turns":8.0},{"damage":0.0,"enemies":"Snecko","floor":22.0,"turns":7.0},{"damage":6.0,"enemies":"Chosen and Byrds","floor":24.0,"turns":8.0},{"damage":4.0,"enemies":"3 Cultists","floor":27.0,"turns":7.0},{"damage":2.0,"enemies":"Centurion and Healer","floor":28.0,"turns":7.0},{"damage":23,"enemies":"Champ","floor":33,"turns":9},{"damage":5,"enemies":"3 Darklings","floor":35,"turns":12},{"damage":0,"enemies":"Orb Walker","floor":37,"turns":5},{"damage":68,"enemies":"2 Orb Walkers","floor":38,"turns":5}],"seed_played":"2166733080995830054","potions_obtained":[{"floor":4.0,"key":"EssenceOfSteel"},{"floor":6.0,"key":"GhostInAJar"},{"floor":7.0,"key":"LiquidBronze"},{"floor":14.0,"key":"EssenceOfSteel"},{"floor":16.0,"key":"EntropicBrew"},{"floor":18.0,"key":"Weak Potion"},{"floor":27.0,"key":"SkillPotion"},{"floor":28.0,"key":"CunningPotion"},{"floor":35,"key":"SteroidPotion"}],"is_trial":false,"path_per_floor":["M","?","?","M","$","E","M","R","T","R","?","E","R","M","R","B",null,"M","M","$","?","M","?","M","R","T","M","M","T","R","?","R","B",null,"M","$","M","?"],"character_chosen":"THE_SILENT","items_purchased":["Nunchaku"],"campfire_rested":0,"item_purchase_floors":[36],"current_hp_per_floor":[63,63,63,63,63,63,63,63,63,63,63,38,38,38,38,2,53,47,24,24,24,24,24,18,18,18,14,12,12,12,12,12,14,56,51,51,51,0,0],"gold":54,"neow_bonus":"THREE_ENEMY_KILL","is_daily":false,"chose_seed":false,"campfire_upgraded":7,"win_rate":0.0,"timestamp":1613489160,"path_taken":["M","?","?","M","$","E","M","R","T","R","?","E","R","M","R","BOSS","M","?","$","?","?","?","M","R","T","M","?","?","R","?","R","BOSS","M","$","M","?"],"items_purchased_type":["Relic"],"build_version":"2020-12-22","purchased_purges":4,"victory":false,"max_hp_per_floor":[70,70,70,70,70,70,70,70,70,70,70,70,70,70,70,70,70,70,70,70,70,70,70,70,70,70,70,70,70,70,70,70,70,70,70,70,70,70,70],"card_choices":[{"not_picked":["Poisoned Stab","Dodge and Roll","Backflip"],"picked":"SKIP","floor":1.0},{"not_picked":["Outmaneuver","Dagger Throw"],"picked":"Terror","floor":4.0},{"not_picked":["Deflect","Footwork"],"picked":"Dash","floor":6.0},{"not_picked":["Footwork","Distraction","Setup","Caltrops"],"picked":"SKIP","floor":7.0},{"not_picked":["Unload","Predator","Slice","Riddle With Holes"],"picked":"SKIP","floor":12.0},{"not_picked":["Deflect","Sucker Punch","Outmaneuver"],"picked":"Backstab","floor":14.0},{"not_picked":["Flying Knee+1","Quick Slash","Bane"],"picked":"Acrobatics","floor":18.0},{"not_picked":["Dagger Throw","Sucker Punch","Flying Knee"],"picked":"Backflip+1","floor":19.0},{"not_picked":["Expertise","Doppelganger","Bouncing Flask+1"],"picked":"Escape Plan","floor":22.0},{"not_picked":["Deadly Poison","Flying Knee","Riddle With Holes"],"picked":"Acrobatics","floor":24.0},{"not_picked":["Terror","Dodge and Roll+1","Quick Slash+1","Backstab"],"picked":"SKIP","floor":27.0},{"not_picked":["Distraction+1","Dagger Throw+1","Expertise+1"],"picked":"Underhanded Strike","floor":28.0},{"not_picked":["Wraith Form v2","Burst","A Thousand Cuts"],"picked":"After Image","floor":33},{"not_picked":["Night Terror","Flying Knee+1","Escape Plan+1"],"picked":"Venomology","floor":35},{"not_picked":["Caltrops+1","Quick Slash+1","Backflip","Choke+1"],"picked":"SKIP","floor":37}],"player_experience":105320,"relics_obtained":[{"floor":6.0,"key":"Question Card"},{"floor":9.0,"key":"Pantograph"},{"floor":12.0,"key":"Paper Crane"},{"floor":26.0,"key":"Potion Belt"},{"floor":29.0,"key":"PreservedInsect"},{"floor":34,"key":"Orichalcum"},{"floor":34,"key":"Sundial"},{"floor":34,"key":"Peace Pipe"}],"event_choices":[{"damage_healed":0.0,"max_hp_gain":0.0,"max_hp_loss":0.0,"gold_gain":0.0,"event_name":"Liars Game","player_choice":"Ignored","floor":2.0,"gold_loss":0.0,"damage_taken":0.0},{"damage_healed":0.0,"max_hp_gain":0.0,"max_hp_loss":0.0,"gold_gain":0.0,"cards_transformed":["Strike_G"],"event_name":"Living Wall","player_choice":"Change","floor":3.0,"gold_loss":0.0,"damage_taken":0.0,"cards_obtained":["Accuracy"]},{"damage_healed":0.0,"max_hp_gain":0.0,"max_hp_loss":0.0,"gold_gain":0.0,"event_name":"The Woman in Blue","player_choice":"Bought 0 Potions","floor":11.0,"gold_loss":0.0,"damage_taken":0.0},{"damage_healed":0.0,"max_hp_gain":0.0,"max_hp_loss":0.0,"gold_gain":0.0,"event_name":"Duplicator","player_choice":"Copied","floor":21.0,"gold_loss":0.0,"damage_taken":0.0,"cards_obtained":["Accuracy"]},{"damage_healed":0.0,"max_hp_gain":0.0,"max_hp_loss":0.0,"gold_gain":0.0,"event_name":"N\u0027loth","player_choice":"Traded Relic","floor":23.0,"relics_lost":["NeowsBlessing"],"gold_loss":0.0,"damage_taken":0.0,"relics_obtained":["Nloth\u0027s Gift"]},{"damage_healed":0.0,"max_hp_gain":0.0,"max_hp_loss":0.0,"gold_gain":0.0,"event_name":"Drug Dealer","player_choice":"Inject Mutagens","floor":31.0,"gold_loss":0.0,"damage_taken":0.0,"relics_obtained":["MutagenicStrength"]},{"damage_healed":0,"gold_gain":0,"player_choice":"Fight","damage_taken":0,"max_hp_gain":0,"max_hp_loss":0,"event_name":"Mysterious Sphere","floor":38,"gold_loss":0}],"is_beta":false,"boss_relics":[{"not_picked":["Coffee Dripper","Tiny House"],"picked":"Runic Dome"},{"not_picked":["Cursed Key","Snecko Eye"],"picked":"Calling Bell"}],"items_purged_floors":[5,20,20,36],"is_endless":false,"potions_floor_spawned":[4,6,7,14,16,18,27,28,35],"killed_by":"2 Orb Walkers","ascension_level":8}}