{"host":"0bl8lf938r434xzd","time":1613484096,"event":{"mods":["AchievementEnabler","BaseMod","Downfall","GifTheSpireLib","Googly Eyes","Minty Spire (QoL Compilation)","Shop Mod","StSLib","The Cursed","The IronCluck","Waifu the Spire"],"gold_per_floor":[99,119,184,184,204,9,9,9,0,25,25,125,125,142,161,263,263,263,279,10,24,24,24,24,24,37,69,69,69,69,89,103,203,203,203,214,112,112,162,162,162,181,36,55,55,55,55,55,72,72],"floor_reached":51,"language":"ENG","playtime":2667,"items_purged":[],"score":736,"play_id":"c3bed9db-8caa-4a89-8733-d42944c15256","local_time":"20210217000136","is_ascension_mode":false,"campfire_choices":[{"data":"champ:Taunt","floor":1,"key":"SMITH"},{"floor":8,"key":"REST"},{"floor":13,"key":"REST"},{"data":"champ:Devastate","floor":18,"key":"SMITH"},{"data":"champ:StrikeOfGenius","floor":23,"key":"SMITH"},{"data":"champ:PerfectedStrike","floor":25,"key":"SMITH"},{"floor":28,"key":"REST"},{"data":"champ:PerfectedStrike","floor":30,"key":"SMITH"},{"data":"champ:Devastate","floor":35,"key":"SMITH"},{"data":"expansioncontent:AwakenDeath","floor":40,"key":"SMITH"},{"data":"expansioncontent:Chronoboost","floor":46,"key":"SMITH"},{"floor":47,"key":"REST"}],"circlet_count":0,"master_deck":["champ:Strike","champ:Strike","champ:Strike","champ:Strike","champ:Defend","champ:Defend","champ:Defend","champ:Execute","champ:Taunt+1","champ:AdrenalArmor","champ:StanceDance+1","champ:FanOfKnives","champ:Haymaker","champ:PerfectedStrike+1","champ:BladeFlurry","champ:BladeFlurry","champ:Devastate+1","champ:PerfectedStrike+1","champ:StrikeOfGenius+1","champ:Shatter+1","champ:AdrenalArmor","champ:RisingSlash","champ:PerfectedStrike+1","champ:Devastate+1","champ:PreemptiveStrike+1","champ:FlashCut","expansioncontent:Chronoboost+1","expansioncontent:AwakenDeath+1","champ:BladeFlurry","champ:FlashCut+1","champ:Haymaker+1"],"relics":["champ:ChampionCrownUpgraded","Ginger","Blood Vial","Sundial","CaptainsWheel","Pen Nib","Velvet Choker","Bottled Tornado","Mummified Hand","White Beast Statue","Bag of Marbles","Omamori","Orrery","Mango","Frozen Egg 2","Nunchaku"],"acts_visited":["Exordium","TheCity","TheBeyond"],"potions_floor_usage":[10,27,27,33,33,33,44,50],"damage_taken":[{"damage":10,"enemies":"2 Louse","floor":2,"turns":2},{"damage":84,"enemies":"Lagavulin Event","floor":3,"turns":8},{"damage":20,"enemies":"Small Slimes","floor":5,"turns":3},{"damage":25,"enemies":"downfall:FleeingMerchant","floor":6,"turns":4},{"damage":30,"enemies":"downfall:FleeingMerchant","floor":9,"turns":4},{"damage":22,"enemies":"3 Sentries","floor":10,"turns":5},{"damage":10,"enemies":"Cultist","floor":14,"turns":3},{"damage":10,"enemies":"downfall:LooterAlt","floor":15,"turns":2},{"damage":48,"enemies":"IC_STATUS_ARCHETYPE","floor":16,"turns":5},{"damage":1,"enemies":"Chosen","floor":19,"turns":3},{"damage":19,"enemies":"downfall:FleeingMerchant","floor":20,"turns":4},{"damage":15,"enemies":"Shell Parasite","floor":21,"turns":2},{"damage":11,"enemies":"Cultist and Chosen","floor":26,"turns":4},{"damage":23,"enemies":"Slavers","floor":27,"turns":4},{"damage":6,"enemies":"Snake Plant","floor":31,"turns":3},{"damage":35,"enemies":"Snecko","floor":32,"turns":3},{"damage":15,"enemies":"SI_MIRROR_ARCHETYPE","floor":33,"turns":3},{"damage":0,"enemies":"Orb Walker","floor":36,"turns":2},{"damage":0,"enemies":"downfall:FleeingMerchant","floor":37,"turns":2},{"damage":26,"enemies":"downfall:FleeingMerchant","floor":39,"turns":3},{"damage":3,"enemies":"3 Shapes","floor":42,"turns":2},{"damage":4,"enemies":"Spire Growth","floor":44,"turns":3},{"damage":20,"enemies":"Transient","floor":49,"turns":5},{"damage":6,"enemies":"DF_ARCHETYPE_ORBS","floor":50,"turns":4}],"seed_played":"3156569403124266202","potions_obtained":[{"floor":3,"key":"ColorlessPotion"},{"floor":10,"key":"FearPotion"},{"floor":15,"key":"Block Potion"},{"floor":19,"key":"Explosive Potion"},{"floor":31,"key":"LiquidMemories"},{"floor":32,"key":"FearPotion"},{"floor":33,"key":"Fire Potion"},{"floor":36,"key":"PowerPotion"},{"floor":37,"key":"Explosive Potion"},{"floor":39,"key":"Fire Potion"},{"floor":44,"key":"SpeedPotion"}],"is_trial":false,"path_per_floor":["R","M","?","?","M","$","T","R","$","E","?","?","R","M","M","B",null,"R","M","$","M","?","R","T","R","M","E","R","?","R","M","M","B",null,"R","M","$","?","?","R","T","M","$","M","$","R","R","?","M","B",null],"character_chosen":"THE_CHAMP","items_purchased":["champ:PerfectedStrike","Blood Vial","Bottled Tornado","Bag of Marbles","Omamori","Orrery","Nunchaku"],"campfire_rested":4,"item_purchase_floors":[6,6,20,37,37,37,43],"current_hp_per_floor":[99,99,65,65,65,65,65,94,91,71,53,53,82,84,76,45,99,99,98,90,92,92,92,92,92,88,77,99,99,99,93,90,77,99,99,99,99,89,104,104,104,103,103,101,101,101,113,113,113,112],"gold":72,"neow_bonus":"TEN_PERCENT_HP_BONUS","is_daily":false,"chose_seed":false,"campfire_upgraded":8,"win_rate":0.0,"timestamp":1613484096,"path_taken":["R","M","?","?","?","$","T","R","$","E","?","?","R","?","M","BOSS","R","M","$","?","?","R","T","R","M","E","R","?","R","?","M","BOSS","R","M","$","?","?","R","T","M","$","M","$","R","R","?","M","BOSS"],"items_purchased_type":["Card","Relic","Relic","Relic","Relic","Relic","Relic"],"build_version":"2020-12-22","purchased_purges":0,"victory":true,"max_hp_per_floor":[99,99,99,99,99,99,99,99,99,99,99,99,99,99,99,99,99,99,99,99,99,99,99,99,99,99,99,99,99,99,99,99,99,99,99,99,99,99,113,113,113,113,113,113,113,113,113,113,113,113],"card_choices":[{"not_picked":["champ:EndlessRage","champ:EnGarde"],"picked":"champ:AdrenalArmor","floor":2},{"not_picked":["champ:EnGarde","champ:AdrenalArmor"],"picked":"champ:StanceDance","floor":3},{"not_picked":["champ:ArenaPreparation","champ:CrownThrow"],"picked":"champ:FanOfKnives","floor":5},{"not_picked":["champ:Encircle","champ:FancyFootwork"],"picked":"champ:Haymaker","floor":6},{"not_picked":["champ:GutPunch","champ:PreemptiveStrike"],"picked":"champ:BladeFlurry","floor":9},{"not_picked":["champ:CrownThrow","champ:Shatter","champ:ShieldThrow"],"picked":"SKIP","floor":10},{"not_picked":["champ:CrownThrow","champ:Circumvent","champ:DefensiveShout"],"picked":"SKIP","floor":14},{"not_picked":["champ:Shatter","champ:Circumvent"],"picked":"champ:BladeFlurry","floor":15},{"not_picked":["champ:ShieldThrow","champ:HoldFirm"],"picked":"champ:Devastate","floor":16},{"not_picked":["champ:AdrenalArmor","champ:Endure+1"],"picked":"champ:PerfectedStrike","floor":19},{"not_picked":["champ:BladeFlurry","champ:StanceDance+1"],"picked":"champ:StrikeOfGenius","floor":20},{"not_picked":["champ:Lariat","champ:Backstep"],"picked":"champ:Shatter+1","floor":21},{"not_picked":["champ:Haymaker","champ:CrownThrow+1","champ:AdrenalArmor"],"picked":"SKIP","floor":26},{"not_picked":["champ:Encircle","champ:FanOfKnives","champ:EnragedBash"],"picked":"SKIP","floor":27},{"not_picked":["champ:Encircle","champ:Circumvent"],"picked":"champ:RisingSlash","floor":31},{"not_picked":["champ:FlashCut","champ:AdrenalArmor"],"picked":"champ:PerfectedStrike+1","floor":32},{"not_picked":["champ:HeavySlash","champ:Improvising"],"picked":"champ:Devastate","floor":33},{"not_picked":["champ:DefensiveShout","champ:PreemptiveStrike+1","champ:ShieldWall+1"],"picked":"SKIP","floor":36},{"not_picked":["champ:AdrenalArmor+1","champ:Circumvent","champ:EnGarde+1"],"picked":"SKIP","floor":37},{"not_picked":["champ:DancingMaster","champ:Lariat+1"],"picked":"champ:PreemptiveStrike+1","floor":37},{"not_picked":["champ:ShieldSlam+1","champ:Shatter"],"picked":"champ:FlashCut","floor":37},{"not_picked":["expansioncontent:AwakenDeath","expansioncontent:YouAreMine"],"picked":"expansioncontent:Chronoboost","floor":38},{"not_picked":["expansioncontent:GuardianWhirl","expansioncontent:PolyBeam"],"picked":"expansioncontent:AwakenDeath","floor":38},{"not_picked":["champ:Backstep+1","champ:DefensiveShout+1"],"picked":"champ:BladeFlurry","floor":39},{"not_picked":["champ:EndlessRage+1","champ:DefensiveShout"],"picked":"champ:FlashCut+1","floor":42},{"not_picked":["champ:HeartStrike+1","champ:FancyFootwork+1"],"picked":"champ:Haymaker+1","floor":44},{"not_picked":["champ:FlashCut+1","champ:FocusedDefense","champ:AdrenalArmor+1"],"picked":"SKIP","floor":49}],"player_experience":334580,"relics_obtained":[{"floor":3,"key":"Ginger"},{"floor":7,"key":"Sundial"},{"floor":10,"key":"CaptainsWheel"},{"floor":24,"key":"Mummified Hand"},{"floor":27,"key":"White Beast Statue"},{"floor":39,"key":"Mango"},{"floor":41,"key":"Frozen Egg 2"}],"event_choices":[{"damage_healed":0,"gold_gain":0,"player_choice":"Forge","damage_taken":0,"max_hp_gain":0,"max_hp_loss":0,"event_name":"Accursed Blacksmith","floor":4,"gold_loss":0,"cards_upgraded":["champ:StanceDance"]},{"damage_healed":0,"gold_gain":0,"player_choice":"Success","damage_taken":18,"relics_obtained":["Pen Nib"],"max_hp_gain":0,"max_hp_loss":0,"event_name":"Scrap Ooze","floor":11,"gold_loss":0},{"damage_healed":0,"gold_gain":0,"player_choice":"Ignored","damage_taken":0,"max_hp_gain":0,"max_hp_loss":0,"event_name":"Mysterious Sphere","floor":48,"gold_loss":0}],"is_beta":false,"boss_relics":[{"not_picked":["Pandora\u0027s Box","SacredBark"],"picked":"Velvet Choker"},{"not_picked":["Black Star","Cursed Key"],"picked":"champ:ChampionCrownUpgraded"}],"items_purged_floors":[],"is_endless":false,"potions_floor_spawned":[3,10,15,19,31,32,33,36,37,39,42,44,49],"ascension_level":0}}