{"host":"l2lylj0omvglf5x0","time":1613473951,"event":{"mods":["2.2 Compatiblity","BaseMod","Bestiary","Block Reminder","Colored Map","Colored Powertips","Curses Come First","Highlight Path","Keyboard Shortcuts","Minty Spire (QoL Compilation)","Relic Sorter","Relic Stats","Slay the Relics Exporter","StSLib","SuperFastMode"],"gold_per_floor":[113,83,36,36,36,67,79,79,79,107,119,3,19,47,47,145,145,157,167,167,167,167,167,202,221,221,221,221],"floor_reached":27,"language":"ENG","playtime":1206,"items_purged":[],"score":288,"play_id":"02118bbe-66a8-435d-b5af-ab362aa8a9e2","local_time":"20210216121231","is_ascension_mode":true,"campfire_choices":[{"data":"Ragnarok","floor":8,"key":"SMITH"},{"data":"Omniscience","floor":15,"key":"SMITH"},{"data":"Eruption","floor":23,"key":"SMITH"}],"circlet_count":0,"master_deck":["Strike_P","Strike_P","Strike_P","Defend_P","Defend_P","Defend_P","Eruption+1","Vigilance","Ragnarok+1","ThirdEye","BowlingBash","Vengeance","TalkToTheHand","SashWhip","Fasting2+1","LikeWater+1","Omniscience+1","Adaptation+1","DevaForm+1","EmptyFist","FlurryOfBlows","MentalFortress+1","JustLucky+1"],"relics":["PureWater","CaptainsWheel","Frozen Egg 2","Centennial Puzzle","Gambling Chip","Empty Cage","MutagenicStrength","GremlinMask","Torii","Yang"],"acts_visited":["Exordium","TheCity"],"potions_floor_usage":[3,6,14,16,19,25],"damage_taken":[{"damage":0,"enemies":"2 Louse","floor":1,"turns":2},{"damage":0,"enemies":"Lagavulin","floor":6,"turns":2},{"damage":0,"enemies":"Cultist","floor":7,"turns":3},{"damage":7,"enemies":"3 Sentries","floor":10,"turns":4},{"damage":3,"enemies":"Jaw Worm","floor":11,"turns":3},{"damage":11,"enemies":"Gremlin Gang","floor":13,"turns":5},{"damage":8,"enemies":"Gremlin Nob","floor":14,"turns":4},{"damage":36,"enemies":"The Guardian","floor":16,"turns":16},{"damage":0,"enemies":"Spheric Guardian","floor":18,"turns":1},{"damage":0,"enemies":"Chosen","floor":19,"turns":4},{"damage":65,"enemies":"Slavers","floor":24,"turns":5},{"damage":1,"enemies":"Shelled Parasite and Fungi","floor":25,"turns":4},{"damage":9,"enemies":"Gremlin Leader","floor":27,"turns":2}],"seed_played":"-1479732933466459045","potions_obtained":[{"floor":2,"key":"Fruit Juice"},{"floor":2,"key":"Ambrosia"},{"floor":6,"key":"SpeedPotion"},{"floor":13,"key":"LiquidMemories"},{"floor":14,"key":"BottledMiracle"},{"floor":16,"key":"BlessingOfTheForge"}],"is_trial":false,"path_per_floor":["M","?","$","?","$","E","M","R","T","E","M","$","M","E","R","B",null,"M","M","?","?","?","R","E","M","T","E"],"character_chosen":"WATCHER","items_purchased":["BowlingBash","LikeWater+1","PowerPotion"],"campfire_rested":0,"item_purchase_floors":[3,12,12],"current_hp_per_floor":[72,72,77,82,82,82,82,82,82,75,72,72,61,53,53,17,82,82,82,73,73,73,73,8,7,7,0,0],"gold":221,"neow_bonus":"ONE_RANDOM_RARE_CARD","is_daily":false,"chose_seed":false,"campfire_upgraded":3,"win_rate":0.0,"timestamp":1613473951,"path_taken":["M","?","?","?","$","E","M","R","T","E","M","$","?","E","R","BOSS","M","?","?","?","?","R","E","M","T","E"],"items_purchased_type":["Card","Card","Potion"],"build_version":"2020-12-22","purchased_purges":0,"victory":false,"max_hp_per_floor":[72,72,77,82,82,82,82,82,82,82,82,82,82,82,82,82,82,82,82,82,82,82,82,82,82,82,82,82],"relic_stats":{"Centennial Puzzle":[21],"Torii":4,"counters":[13,55],"Gambling Chip":[10],"Yang":[3],"obtain_stats":[{"CaptainsWheel":6,"Centennial Puzzle":10,"Torii":24,"Gambling Chip":14,"MutagenicStrength":21,"GremlinMask":22,"Yang":26,"PureWater":0,"Frozen Egg 2":9,"Empty Cage":17},{"CaptainsWheel":2,"Centennial Puzzle":4,"Torii":11,"Gambling Chip":7,"MutagenicStrength":10,"GremlinMask":10,"Yang":12,"PureWater":0,"Frozen Egg 2":3,"Empty Cage":8},{"CaptainsWheel":4,"Centennial Puzzle":11,"Torii":49,"Gambling Chip":23,"MutagenicStrength":44,"GremlinMask":44,"Yang":53,"PureWater":0,"Frozen Egg 2":7,"Empty Cage":39}]},"card_choices":[{"not_picked":["Crescendo","WindmillStrike"],"picked":"ThirdEye","floor":1},{"not_picked":["Swivel","Consecrate"],"picked":"Vengeance","floor":6},{"not_picked":["Prostrate","Tantrum"],"picked":"TalkToTheHand","floor":7},{"not_picked":["BowlingBash","FlyingSleeves"],"picked":"SashWhip","floor":10},{"not_picked":["Prostrate","CrushJoints"],"picked":"Fasting2+1","floor":11},{"not_picked":["Nirvana+1","BowlingBash"],"picked":"Omniscience","floor":13},{"not_picked":["EmptyBody","SandsOfTime"],"picked":"Adaptation+1","floor":14},{"not_picked":["DeusExMachina","LessonLearned"],"picked":"DevaForm+1","floor":16},{"not_picked":["WindmillStrike+1","ReachHeaven"],"picked":"EmptyFist","floor":18},{"not_picked":["ClearTheMind+1","Evaluate"],"picked":"FlurryOfBlows","floor":19},{"not_picked":["Ragnarok","Perseverance"],"picked":"MentalFortress+1","floor":24},{"not_picked":["WaveOfTheHand","FollowUp"],"picked":"JustLucky+1","floor":25}],"player_experience":950002,"relics_obtained":[{"floor":6,"key":"CaptainsWheel"},{"floor":9,"key":"Frozen Egg 2"},{"floor":10,"key":"Centennial Puzzle"},{"floor":14,"key":"Gambling Chip"},{"floor":24,"key":"Torii"},{"floor":26,"key":"Yang"}],"event_choices":[{"damage_healed":0,"gold_gain":0,"player_choice":"Bought 2 Potions","damage_taken":0,"max_hp_gain":0,"max_hp_loss":0,"event_name":"The Woman in Blue","floor":2,"gold_loss":0},{"damage_healed":0,"gold_gain":0,"player_choice":"Donut","damage_taken":0,"max_hp_gain":5,"max_hp_loss":0,"event_name":"Big Fish","floor":4,"gold_loss":0},{"damage_healed":0,"gold_gain":0,"player_choice":"Stopped","damage_taken":9,"max_hp_gain":0,"max_hp_loss":0,"event_name":"Cursed Tome","floor":20,"gold_loss":0},{"damage_healed":0,"gold_gain":0,"player_choice":"Inject Mutagens","damage_taken":0,"relics_obtained":["MutagenicStrength"],"max_hp_gain":0,"max_hp_loss":0,"event_name":"Drug Dealer","floor":21,"gold_loss":0},{"damage_healed":0,"gold_gain":0,"player_choice":"Trade","damage_taken":0,"relics_obtained":["GremlinMask"],"max_hp_gain":0,"max_hp_loss":0,"event_name":"FaceTrader","floor":22,"gold_loss":0}],"is_beta":false,"boss_relics":[{"not_picked":["Velvet Choker","Snecko Eye"],"picked":"Empty Cage"}],"items_purged_floors":[],"is_endless":false,"potions_floor_spawned":[6,13,14,16],"killed_by":"Gremlin Leader","ascension_level":1}}