{"host":"72n3jwtrlpjobydj","time":1613516658,"event":{"mods":["BaseMod","CapriCore","DeckTracker","Hermit","Koishi","KomeijiMod","Lobotomy","Marisa£¨Ùöéë¡¡Øª×âÞÞ£©","Minty Spire (QoL Compilation)","Permanent Neow","StSLib","SuperFastMode","The Cursed","The Hierophant","The Immortal"],"gold_per_floor":[116,191,207,207,221,221,249,53,53,53,84,101,101,66,66,169,169,180,53,87,87,104,104,137,137,137,205,220,235,249,263,263,263,263],"floor_reached":33,"language":"KOR","playtime":1027,"items_purged":["Bash"],"score":300,"play_id":"41683ace-ca78-43d1-ab2b-691f18d26bfe","local_time":"20210217080418","is_ascension_mode":false,"campfire_choices":[{"data":"Pommel Strike","floor":6,"key":"SMITH"},{"floor":13,"key":"REST"},{"data":"Twin Strike","floor":15,"key":"SMITH"},{"floor":23,"key":"REST"},{"floor":25,"key":"REST"},{"data":"Twin Strike","floor":32,"key":"SMITH"}],"circlet_count":0,"master_deck":["Strike_R","Strike_R","Strike_R","Strike_R","Strike_R","Defend_R+1","Defend_R","Defend_R+1","Defend_R","Wild Strike","Pommel Strike+1","Twin Strike+1","Twin Strike+1","Wild Strike","Wild Strike"],"relics":["Burning Blood","Pear","PreservedInsect","HandDrill","Self Forming Clay","Regal Pillow","Snecko Eye","Red Mask","War Paint","Mercury Hourglass","Pantograph"],"acts_visited":["Exordium","TheCity"],"potions_floor_usage":[4,7,16,30],"damage_taken":[{"damage":6,"enemies":"2 Louse","floor":1,"turns":4},{"damage":0,"enemies":"Small Slimes","floor":3,"turns":3},{"damage":20,"enemies":"Jaw Worm","floor":5,"turns":4},{"damage":48,"enemies":"Gremlin Nob","floor":7,"turns":5},{"damage":11,"enemies":"3 Sentries","floor":11,"turns":7},{"damage":6,"enemies":"Exordium Wildlife","floor":12,"turns":4},{"damage":102,"enemies":"Hexaghost","floor":16,"turns":10},{"damage":17,"enemies":"Spheric Guardian","floor":18,"turns":4},{"damage":60,"enemies":"Masked Bandits","floor":20,"turns":6},{"damage":22,"enemies":"2 Thieves","floor":22,"turns":4},{"damage":46,"enemies":"Slavers","floor":24,"turns":7},{"damage":7,"enemies":"Snecko","floor":28,"turns":4},{"damage":5,"enemies":"Centurion and Healer","floor":29,"turns":7},{"damage":11,"enemies":"3 Cultists","floor":30,"turns":5},{"damage":17,"enemies":"Snake Plant","floor":31,"turns":3},{"damage":110,"enemies":"Collector","floor":33,"turns":11}],"seed_played":"-7547072047067472188","potions_obtained":[{"floor":3,"key":"Fruit Juice"},{"floor":7,"key":"Fruit Juice"},{"floor":11,"key":"Energy Potion"},{"floor":18,"key":"GamblersBrew"},{"floor":24,"key":"CalmPotion"},{"floor":28,"key":"Dexterity Potion"},{"floor":30,"key":"CalmPotion"}],"is_trial":false,"path_per_floor":["M","?","M","?","M","R","E","$","T","?","E","M","R","?","R","B",null,"M","$","?","?","M","R","E","R","T","T","M","M","M","M","R","B"],"character_chosen":"IRONCLAD","items_purchased":["Twin Strike","HandDrill","Wild Strike"],"campfire_rested":3,"item_purchase_floors":[8,8,19],"current_hp_per_floor":[88,77,83,95,81,81,44,44,44,44,39,39,86,108,108,12,108,97,97,43,58,42,89,49,96,96,96,95,96,91,80,80,0,0],"gold":263,"neow_bonus":"TEN_PERCENT_HP_BONUS","is_daily":false,"chose_seed":false,"campfire_upgraded":3,"win_rate":0.0,"timestamp":1613516658,"path_taken":["M","?","M","?","M","R","E","$","T","?","E","M","R","?","R","BOSS","M","$","?","?","M","R","E","R","T","?","M","?","M","M","R","BOSS"],"items_purchased_type":["Card","Relic","Card"],"build_version":"2020-12-22","purchased_purges":1,"victory":false,"max_hp_per_floor":[88,88,88,103,103,103,108,108,108,108,108,108,108,108,108,108,108,108,108,108,108,108,108,108,108,108,108,108,108,108,108,108,108,108],"card_choices":[{"not_picked":["Anger","Dropkick"],"picked":"Wild Strike","floor":1},{"not_picked":["Pummel","True Grit","Thunderclap"],"picked":"SKIP","floor":3},{"not_picked":["Second Wind","Sever Soul"],"picked":"Pommel Strike","floor":5},{"not_picked":["Inflame","Shrug It Off","Reckless Charge"],"picked":"SKIP","floor":7},{"not_picked":["Whirlwind","Sever Soul","Armaments"],"picked":"SKIP","floor":11},{"not_picked":["Shrug It Off","Dropkick","Disarm"],"picked":"SKIP","floor":12},{"not_picked":["Seeing Red","Sever Soul"],"picked":"Twin Strike","floor":18},{"not_picked":["Infernal Blade","Carnage+1","Flex"],"picked":"SKIP","floor":22},{"not_picked":["Body Slam","Thunderclap"],"picked":"Wild Strike","floor":24},{"not_picked":["Metallicize","True Grit","Shrug It Off"],"picked":"SKIP","floor":28},{"not_picked":["True Grit","Metallicize","Headbutt"],"picked":"SKIP","floor":29},{"not_picked":["Rampage+1","Infernal Blade","Power Through"],"picked":"SKIP","floor":30},{"not_picked":["Ghostly Armor","Clash","Flame Barrier"],"picked":"SKIP","floor":31}],"player_experience":62905,"relics_obtained":[{"floor":7,"key":"PreservedInsect"},{"floor":9,"key":"Self Forming Clay"},{"floor":11,"key":"Regal Pillow"},{"floor":20,"key":"Red Mask"},{"floor":24,"key":"War Paint"},{"floor":26,"key":"Mercury Hourglass"},{"floor":27,"key":"Pantograph"}],"event_choices":[{"damage_healed":0,"gold_gain":75,"player_choice":"Gather Gold","damage_taken":11,"max_hp_gain":0,"max_hp_loss":0,"event_name":"World of Goop","floor":2,"gold_loss":0},{"damage_healed":0,"gold_gain":0,"player_choice":"Success","damage_taken":3,"relics_obtained":["Pear"],"max_hp_gain":0,"max_hp_loss":0,"event_name":"Scrap Ooze","floor":4,"gold_loss":0},{"damage_healed":0,"gold_gain":0,"player_choice":"Ignored","damage_taken":0,"max_hp_gain":0,"max_hp_loss":0,"event_name":"Liars Game","floor":10,"gold_loss":0},{"damage_healed":27,"gold_gain":0,"player_choice":"Healed","damage_taken":0,"max_hp_gain":0,"max_hp_loss":0,"event_name":"The Cleric","floor":14,"gold_loss":35},{"damage_healed":0,"gold_gain":0,"player_choice":"Fought Bandits","damage_taken":0,"max_hp_gain":0,"max_hp_loss":0,"event_name":"Masked Bandits","floor":20,"gold_loss":0}],"is_beta":false,"boss_relics":[{"not_picked":["Empty Cage","Fusion Hammer"],"picked":"Snecko Eye"}],"items_purged_floors":[19],"is_endless":false,"potions_floor_spawned":[3,7,11,18,24,28,29,30],"killed_by":"Collector","ascension_level":0}}