{"host":"idjwbq71yrpkph1r","time":1613437721,"event":{"mods":["AchievementEnabler","Alarm Clock","BaseMod","Block Reminder","Colored Map","Curses Come First","Displayed Cursed Tome","Hermit","Highlight Path","Minty Spire (QoL Compilation)","Rare Cards Sparkle","Relic Stats","StSLib","everything is the same but u backflip on backflip","slay the spire mod where everything is the same but ironclad has a cowboy hat"],"gold_per_floor":[119,119,44,60,60,60,72,72,72,72,90,103,113,142,142,239,239,254,267,167,177,189,189,64,74,74,74,91,107,107,107,107],"floor_reached":31,"language":"ENG","playtime":942,"items_purged":["Strike_B","Strike_B","Defend_B"],"score":266,"play_id":"353dfeaf-eea4-40c8-ba68-985d04e0b124","local_time":"20210216020841","is_ascension_mode":false,"campfire_choices":[{"data":"Zap","floor":6,"key":"SMITH"},{"floor":15,"key":"REST"},{"floor":23,"key":"REST"},{"floor":27,"key":"REST"}],"circlet_count":0,"master_deck":["Strike_B+1","Defend_B","Zap+1","Dualcast+1","Streamline","Steam"],"relics":["Empty Cage","Strawberry","Pear","Molten Egg 2","Inserter","Cables"],"acts_visited":["Exordium","TheCity"],"potions_floor_usage":[14,14,16,16,22,22,31],"damage_taken":[{"damage":4,"enemies":"2 Louse","floor":1,"turns":3},{"damage":3,"enemies":"Small Slimes","floor":4,"turns":3},{"damage":1,"enemies":"Jaw Worm","floor":7,"turns":3},{"damage":3,"enemies":"Red Slaver","floor":11,"turns":3},{"damage":3,"enemies":"Gremlin Gang","floor":12,"turns":5},{"damage":5,"enemies":"Looter","floor":13,"turns":2},{"damage":16,"enemies":"Gremlin Nob","floor":14,"turns":3},{"damage":30,"enemies":"Slime Boss","floor":16,"turns":6},{"damage":19,"enemies":"Spheric Guardian","floor":18,"turns":4},{"damage":27,"enemies":"Shell Parasite","floor":19,"turns":5},{"damage":18,"enemies":"3 Cultists","floor":21,"turns":5},{"damage":27,"enemies":"Shelled Parasite and Fungi","floor":22,"turns":5},{"damage":18,"enemies":"Snecko","floor":25,"turns":4},{"damage":14,"enemies":"Centurion and Healer","floor":28,"turns":6},{"damage":18,"enemies":"Snake Plant","floor":29,"turns":4},{"damage":5,"enemies":"Shelled Parasite and Fungi","floor":31,"turns":2}],"seed_played":"-1610513440067322871","potions_obtained":[{"floor":1,"key":"Explosive Potion"},{"floor":4,"key":"LiquidMemories"},{"floor":11,"key":"Dexterity Potion"},{"floor":14,"key":"DuplicationPotion"},{"floor":18,"key":"DuplicationPotion"},{"floor":21,"key":"Block Potion"},{"floor":28,"key":"SpeedPotion"}],"is_trial":false,"path_per_floor":["M","?","$","M","?","R","M","?","T","$","M","M","M","E","R","B",null,"M","M","$","M","M","R","$","M","T","R","M","M","?","M"],"character_chosen":"DEFECT","items_purchased":[],"campfire_rested":3,"item_purchase_floors":[],"current_hp_per_floor":[71,56,56,53,46,46,45,45,55,55,52,49,44,28,55,25,92,73,46,46,28,1,28,28,10,10,37,23,5,5,0,0],"gold":107,"neow_bonus":"BOSS_RELIC","is_daily":false,"chose_seed":false,"campfire_upgraded":1,"win_rate":0.0,"timestamp":1613437721,"path_taken":["M","?","$","M","?","R","M","?","T","?","?","M","M","E","R","BOSS","M","?","?","M","?","R","$","M","T","R","M","M","?","M"],"items_purchased_type":[],"build_version":"2020-12-22","purchased_purges":3,"victory":false,"max_hp_per_floor":[75,75,75,75,75,75,75,82,92,92,92,92,92,92,92,92,92,92,92,92,92,92,92,92,92,92,92,92,92,92,92,92],"relic_stats":{"Inserter":[17],"counters":[16,63],"obtain_stats":[{"Pear":9,"Inserter":17,"Strawberry":8,"Molten Egg 2":14,"Cracked Core":0,"Empty Cage":0,"Cables":26},{"Pear":3,"Inserter":8,"Strawberry":3,"Molten Egg 2":7,"Cracked Core":0,"Empty Cage":0,"Cables":13},{"Pear":9,"Inserter":28,"Strawberry":9,"Molten Egg 2":22,"Cracked Core":0,"Empty Cage":0,"Cables":51}],"Cables":[6,6,0,0,0]},"card_choices":[{"not_picked":["Heatsinks","Coolheaded","Barrage"],"picked":"SKIP","floor":1},{"not_picked":["Hologram","Cold Snap","Tempest"],"picked":"SKIP","floor":4},{"not_picked":["Turbo","Ball Lightning","Force Field"],"picked":"SKIP","floor":7},{"not_picked":["Static Discharge","Coolheaded","Conserve Battery"],"picked":"SKIP","floor":11},{"not_picked":["Beam Cell","Blizzard","Genetic Algorithm"],"picked":"SKIP","floor":12},{"not_picked":["Cold Snap","Lockon"],"picked":"Streamline","floor":13},{"not_picked":["Streamline+1","Doom and Gloom+1","Heatsinks"],"picked":"SKIP","floor":14},{"not_picked":["Darkness","Leap+1","Chaos"],"picked":"SKIP","floor":18},{"not_picked":["Stack","Go for the Eyes+1","Lockon+1"],"picked":"SKIP","floor":19},{"not_picked":["Beam Cell+1","Coolheaded","Sweeping Beam+1"],"picked":"SKIP","floor":21},{"not_picked":["Leap","Stack","Coolheaded+1"],"picked":"SKIP","floor":22},{"not_picked":["Hologram","Compile Driver+1","Auto Shields+1"],"picked":"SKIP","floor":25},{"not_picked":["Thunder Strike+1","Steam","White Noise"],"picked":"SKIP","floor":28},{"not_picked":["Thunder Strike+1","White Noise"],"picked":"Steam","floor":28},{"not_picked":["Conserve Battery","Coolheaded","Sweeping Beam+1"],"picked":"SKIP","floor":29}],"player_experience":367967,"relics_obtained":[{"floor":9,"key":"Pear"},{"floor":14,"key":"Molten Egg 2"},{"floor":26,"key":"Cables"}],"event_choices":[{"damage_healed":0,"gold_gain":0,"player_choice":"Entered Light","damage_taken":15,"max_hp_gain":0,"max_hp_loss":0,"event_name":"Shining Light","floor":2,"gold_loss":0,"cards_upgraded":["Dualcast","Strike_B"]},{"cards_removed":["Defend_B"],"damage_healed":0,"gold_gain":0,"player_choice":"Card Removal","damage_taken":7,"max_hp_gain":0,"max_hp_loss":0,"event_name":"Golden Wing","floor":5,"gold_loss":0},{"damage_healed":0,"gold_gain":0,"player_choice":"Success","damage_taken":7,"relics_obtained":["Strawberry"],"max_hp_gain":0,"max_hp_loss":0,"event_name":"Scrap Ooze","floor":8,"gold_loss":0},{"damage_healed":0,"gold_gain":0,"player_choice":"Ignored","damage_taken":0,"max_hp_gain":0,"max_hp_loss":0,"event_name":"Ghosts","floor":30,"gold_loss":0}],"is_beta":false,"boss_relics":[{"not_picked":["Sozu","Ectoplasm"],"picked":"Inserter"}],"items_purged_floors":[3,20,24],"is_endless":false,"potions_floor_spawned":[1,4,11,13,14,18,21,28],"killed_by":"Shelled Parasite and Fungi","ascension_level":0}}