{"host":"kewnzcvkjkc63ziu","time":1613518511,"event":{"mods":["AchievementEnabler","BaseMod","Bestiary","Jorbs\u0027s Wanderer Trilogy","Minty Spire (QoL Compilation)","Permanent Neow","Relic Filter","StSLib"],"gold_per_floor":[109,124,142,156,15,15,18,28,28,28,28,44,44,64,64,165,165,177,127,158,49,63,63,63,74,74,101,67,108,128,128,128],"floor_reached":31,"language":"ENG","playtime":5059,"items_purged":["stsjorbsmod:Strike_Wanderer"],"score":260,"play_id":"2f2260f1-bc95-46ce-be59-8d862d2efead","local_time":"20210217003511","is_ascension_mode":false,"campfire_choices":[{"data":"stsjorbsmod:Rediscovery","floor":6,"key":"SMITH"},{"data":"stsjorbsmod:Strike_Wanderer","floor":13,"key":"SMITH"},{"data":"stsjorbsmod:Aid","floor":15,"key":"SMITH"},{"data":"stsjorbsmod:FindFamiliar","floor":23,"key":"SMITH"}],"circlet_count":0,"master_deck":["stsjorbsmod:ForbiddenGrimoire+1","stsjorbsmod:Strike_Wanderer+1","stsjorbsmod:Defend_Wanderer","stsjorbsmod:Defend_Wanderer+1","stsjorbsmod:Defend_Wanderer","stsjorbsmod:Defend_Wanderer+1","stsjorbsmod:FreshAdventure","stsjorbsmod:EyeOfTheStorm","stsjorbsmod:Thorns","stsjorbsmod:HedgeWizard","stsjorbsmod:WanderingMind","stsjorbsmod:DisguiseSelf","stsjorbsmod:Rediscovery+1","stsjorbsmod:Aid+1","stsjorbsmod:Index","stsjorbsmod:Prepare","stsjorbsmod:Prepare","stsjorbsmod:GatherPower","stsjorbsmod:WanderingMind","stsjorbsmod:Introspection","stsjorbsmod:FindFamiliar+1","stsjorbsmod:Introspection+1","stsjorbsmod:ScorchingRay+1","stsjorbsmod:MageArmor+1","stsjorbsmod:BookOfTongues","stsjorbsmod:BurningFlask","stsjorbsmod:Materialize"],"relics":["stsjorbsmod:GrimoireRelic","Pen Nib","Eternal Feather","Gambling Chip","Empty Cage","stsjorbsmod:AlchemistsFireRelic"],"acts_visited":["Exordium","TheCity"],"potions_floor_usage":[8,16,22,30,30],"damage_taken":[{"damage":3,"enemies":"Cultist","floor":1,"turns":4},{"damage":0,"enemies":"Jaw Worm","floor":2,"turns":4},{"damage":0,"enemies":"2 Louse","floor":3,"turns":3},{"damage":16,"enemies":"Looter","floor":4,"turns":4},{"damage":8,"enemies":"Exordium Thugs","floor":7,"turns":5},{"damage":25,"enemies":"Gremlin Gang","floor":8,"turns":4},{"damage":0,"enemies":"3 Louse","floor":12,"turns":6},{"damage":7,"enemies":"Blue Slaver","floor":14,"turns":5},{"damage":31,"enemies":"Slime Boss","floor":16,"turns":8},{"damage":4,"enemies":"Shell Parasite","floor":18,"turns":4},{"damage":0,"enemies":"3 Byrds","floor":20,"turns":5},{"damage":36,"enemies":"Shelled Parasite and Fungi","floor":22,"turns":6},{"damage":35,"enemies":"Centurion and Healer","floor":25,"turns":5},{"damage":0,"enemies":"Snake Plant","floor":27,"turns":5},{"damage":10,"enemies":"3 Cultists","floor":29,"turns":5},{"damage":20,"enemies":"Snecko","floor":30,"turns":4}],"seed_played":"1226395672915832831","potions_obtained":[{"floor":2,"key":"Strength Potion"},{"floor":12,"key":"LiquidBronze"},{"floor":14,"key":"SpeedPotion"},{"floor":16,"key":"SteroidPotion"},{"floor":20,"key":"LiquidBronze"},{"floor":27,"key":"SteroidPotion"},{"floor":30,"key":"SmokeBomb"}],"is_trial":false,"path_per_floor":["M","M","M","M","$","R","M","M","T","?","?","M","R","M","R","B",null,"M","?","M","$","M","R","$","M","T","M","$","M","M","E"],"character_chosen":"WANDERER","items_purchased":["stsjorbsmod:Rediscovery","stsjorbsmod:FindFamiliar","stsjorbsmod:BookOfTongues"],"campfire_rested":0,"item_purchase_floors":[5,21,28],"current_hp_per_floor":[68,68,68,54,54,54,48,25,25,47,40,43,52,48,60,29,68,68,68,72,72,45,57,57,30,30,36,36,39,25,0,0],"gold":128,"neow_bonus":"RANDOM_COMMON_RELIC","is_daily":false,"chose_seed":false,"campfire_upgraded":4,"win_rate":0.0,"timestamp":1613518511,"path_taken":["M","M","M","M","$","R","?","M","T","?","?","M","R","M","R","BOSS","M","?","M","?","M","R","$","M","T","M","$","?","M","E"],"items_purchased_type":["Card","Card","Card"],"build_version":"2020-12-22","purchased_purges":1,"victory":false,"max_hp_per_floor":[68,68,68,68,68,68,68,68,68,68,68,68,68,68,68,68,68,68,68,72,72,74,74,74,78,78,78,78,84,84,84,84],"card_choices":[{"not_picked":["stsjorbsmod:Prestidigitation","stsjorbsmod:AnimateObjects"],"picked":"stsjorbsmod:Thorns","floor":1},{"not_picked":["stsjorbsmod:Mania","stsjorbsmod:Firebolt"],"picked":"stsjorbsmod:HedgeWizard","floor":2},{"not_picked":["stsjorbsmod:Patron","stsjorbsmod:BlackTentacles"],"picked":"stsjorbsmod:WanderingMind","floor":3},{"not_picked":["stsjorbsmod:WeightOfMemory","stsjorbsmod:Withdraw"],"picked":"stsjorbsmod:DisguiseSelf","floor":4},{"not_picked":["stsjorbsmod:ParryingBlow","stsjorbsmod:Counterspell"],"picked":"stsjorbsmod:Aid","floor":7},{"not_picked":["stsjorbsmod:Hurt","stsjorbsmod:Hibernate"],"picked":"stsjorbsmod:Index","floor":8},{"not_picked":["stsjorbsmod:Channel","stsjorbsmod:Trauma"],"picked":"stsjorbsmod:Prepare","floor":12},{"not_picked":["stsjorbsmod:Channel","stsjorbsmod:Hurt"],"picked":"stsjorbsmod:Prepare","floor":14},{"not_picked":["stsjorbsmod:Rediscovery","stsjorbsmod:Withdraw"],"picked":"stsjorbsmod:GatherPower","floor":16},{"not_picked":["stsjorbsmod:LoseGrip","stsjorbsmod:Mending"],"picked":"stsjorbsmod:WanderingMind","floor":18},{"not_picked":["stsjorbsmod:WeightOfMemory","stsjorbsmod:TrueStrike"],"picked":"stsjorbsmod:Introspection","floor":20},{"not_picked":["stsjorbsmod:Message+1","stsjorbsmod:ColorSpray"],"picked":"stsjorbsmod:Introspection+1","floor":22},{"not_picked":["stsjorbsmod:ChatteringStrike","stsjorbsmod:Will+1"],"picked":"stsjorbsmod:ScorchingRay+1","floor":25},{"not_picked":["stsjorbsmod:Stalwart+1","stsjorbsmod:LoseGrip"],"picked":"stsjorbsmod:MageArmor+1","floor":27},{"not_picked":["stsjorbsmod:FindFamiliar+1","stsjorbsmod:Patron"],"picked":"stsjorbsmod:BurningFlask","floor":29},{"not_picked":["stsjorbsmod:ScorchingRay","stsjorbsmod:MagicMissiles"],"picked":"stsjorbsmod:Materialize","floor":30}],"player_experience":130236,"relics_obtained":[{"floor":9,"key":"Eternal Feather"},{"floor":26,"key":"stsjorbsmod:AlchemistsFireRelic"}],"event_choices":[{"damage_healed":22,"gold_gain":0,"player_choice":"Banana","damage_taken":0,"max_hp_gain":0,"max_hp_loss":0,"event_name":"Big Fish","floor":10,"gold_loss":0},{"damage_healed":0,"gold_gain":0,"player_choice":"Success","damage_taken":7,"relics_obtained":["Gambling Chip"],"max_hp_gain":0,"max_hp_loss":0,"event_name":"Scrap Ooze","floor":11,"gold_loss":0},{"damage_healed":0,"gold_gain":0,"player_choice":"Bet on Murderer","damage_taken":0,"max_hp_gain":0,"max_hp_loss":0,"event_name":"The Joust","floor":19,"gold_loss":50}],"is_beta":false,"boss_relics":[{"not_picked":["Astrolabe","Tiny House"],"picked":"Empty Cage"}],"items_purged_floors":[21],"is_endless":false,"potions_floor_spawned":[2,12,14,16,20,27,30],"killed_by":"Book of Stabbing","ascension_level":0}}