{"host":"7e6a7vfmtx61a48y","time":1613491601,"event":{"mods":["BaseMod","Better Note","BetterRewards","Block Reminder","Colored Powertips","Curses Come First","Gremlin Skip","Hubris","Minty Spire (QoL Compilation)","Quick Restart","Rare Cards Sparkle","Reliquary","StSLib","SuperFastMode"],"gold_per_floor":[110,124,124,124,124,124,107,107,154,154,154,183,196,224,224,321,321,311,68,86,11,0,0,27,27,27,58,58,70,88,88,88],"floor_reached":31,"language":"ENG","playtime":1342,"items_purged":["Strike_G"],"score":564,"play_id":"b3704608-b757-4ed0-886d-0f0f43e32b6b","local_time":"20210217000641","is_ascension_mode":true,"campfire_choices":[{"data":"Sucker Punch","floor":6,"key":"SMITH"},{"floor":8,"key":"REST"},{"data":"Neutralize","floor":10,"key":"SMITH"},{"floor":15,"key":"REST"},{"data":"Poisoned Stab","floor":23,"key":"SMITH"},{"floor":25,"key":"REST"},{"floor":28,"key":"REST"}],"circlet_count":0,"master_deck":["Strike_G","Strike_G","Strike_G","Strike_G","Defend_G","Defend_G","Defend_G","Defend_G","Defend_G","Survivor","Footwork","Sucker Punch+1","PiercingWail","Deflect","Quick Slash","Poisoned Stab+1","Unload","Deadly Poison","Deadly Poison","Envenom","Noxious Fumes+1"],"relics":["Ring of the Snake","reliquary:RadioactivePellet","reliquary:ExpiredCoupon","hubris:Icosahedron","hubris:OldNail","Oddly Smooth Stone","Pocketwatch","reliquary:IridiumChain","hubris:RunicObelisk","Pear","reliquary:BoilingFlask","hubris:BottledRain","hubris:TenFootPole"],"acts_visited":["Exordium","TheCity"],"potions_floor_usage":[7,24,27,30],"damage_taken":[{"damage":7,"enemies":"Jaw Worm","floor":1,"turns":5},{"damage":5,"enemies":"2 Louse","floor":2,"turns":4},{"damage":12,"enemies":"Gremlin Nob","floor":7,"turns":5},{"damage":10,"enemies":"Lagavulin","floor":12,"turns":11},{"damage":0,"enemies":"Small Slimes","floor":13,"turns":4},{"damage":16,"enemies":"3 Sentries","floor":14,"turns":7},{"damage":31,"enemies":"Hexaghost","floor":16,"turns":13},{"damage":4,"enemies":"2 Thieves","floor":18,"turns":5},{"damage":7,"enemies":"Shell Parasite","floor":20,"turns":6},{"damage":35,"enemies":"Slavers","floor":24,"turns":9},{"damage":21,"enemies":"Book of Stabbing","floor":27,"turns":6},{"damage":28,"enemies":"3 Cultists","floor":29,"turns":6},{"damage":2,"enemies":"Snake Plant","floor":30,"turns":4},{"damage":23,"enemies":"Cultist and Chosen","floor":31,"turns":4}],"seed_played":"2556742020697962175","potions_obtained":[{"floor":1,"key":"EssenceOfSteel"},{"floor":12,"key":"GamblersBrew"},{"floor":16,"key":"SpeedPotion"},{"floor":18,"key":"CultistPotion"},{"floor":29,"key":"Weak Potion"},{"floor":30,"key":"SmokeBomb"}],"is_trial":false,"path_per_floor":["M","M","?","?","?","R","E","R","T","R","?","E","M","E","R","B",null,"M","$","M","$","?","R","E","R","T","E","R","M","M","M"],"character_chosen":"THE_SILENT","items_purchased":["reliquary:RadioactivePellet","reliquary:ExpiredCoupon","Footwork","Pear"],"campfire_rested":4,"item_purchase_floors":[0,0,0,19],"current_hp_per_floor":[56,51,51,51,54,54,42,63,63,63,63,53,53,37,58,27,62,58,68,61,61,61,61,26,50,50,29,53,25,23,0,0],"gold":88,"neow_bonus":"","is_daily":false,"chose_seed":false,"campfire_upgraded":3,"win_rate":0.0,"timestamp":1613491601,"path_taken":["M","M","?","?","?","R","E","R","T","R","?","E","M","E","R","BOSS","M","$","M","?","?","R","E","R","T","E","R","M","M","M"],"items_purchased_type":["Relic","Relic","Card","Relic"],"build_version":"2020-12-22","purchased_purges":1,"victory":false,"max_hp_per_floor":[70,70,70,70,73,73,73,73,73,73,73,73,73,73,73,73,73,73,83,83,83,83,83,83,83,83,83,83,83,83,83,83],"card_choices":[{"not_picked":["Reflex","Predator"],"picked":"Sucker Punch","floor":1},{"not_picked":["Backflip","Deflect"],"picked":"PiercingWail","floor":2},{"not_picked":["Flechettes","Outmaneuver"],"picked":"Deflect","floor":7},{"not_picked":["hubris:SlightOfHand","Prepared"],"picked":"Quick Slash","floor":12},{"not_picked":["Deadly Poison","Flying Knee"],"picked":"Poisoned Stab","floor":13},{"not_picked":["Slice","Expertise","Deflect"],"picked":"SKIP","floor":14},{"not_picked":["Wraith Form v2","Grand Finale"],"picked":"Unload","floor":16},{"not_picked":["Quick Slash+1","Catalyst"],"picked":"Deadly Poison","floor":18},{"not_picked":["Masterful Stab","Cloak And Dagger"],"picked":"Deadly Poison","floor":20},{"not_picked":["Dagger Spray","Prepared","Quick Slash"],"picked":"SKIP","floor":24},{"not_picked":["Deadly Poison+1","Prepared+1"],"picked":"Envenom","floor":27},{"not_picked":["Sucker Punch","Escape Plan","Prepared"],"picked":"SKIP","floor":29},{"not_picked":["Expertise","Acrobatics+1"],"picked":"Noxious Fumes+1","floor":30}],"player_experience":363765,"relics_obtained":[{"floor":7,"key":"hubris:OldNail"},{"floor":9,"key":"Oddly Smooth Stone"},{"floor":12,"key":"Pocketwatch"},{"floor":14,"key":"reliquary:IridiumChain"},{"floor":24,"key":"reliquary:BoilingFlask"},{"floor":26,"key":"hubris:BottledRain"},{"floor":27,"key":"hubris:TenFootPole"}],"event_choices":[{"damage_healed":0,"gold_gain":0,"player_choice":"Ignored","damage_taken":0,"max_hp_gain":0,"max_hp_loss":0,"event_name":"Golden Wing","floor":3,"gold_loss":0},{"cards_removed":["Neutralize"],"damage_healed":0,"gold_gain":0,"player_choice":"Offered Basic","damage_taken":0,"max_hp_gain":0,"max_hp_loss":0,"event_name":"Bonfire Elementals","floor":11,"gold_loss":0},{"damage_healed":0,"gold_gain":0,"player_choice":"Paid Fearfully","damage_taken":0,"max_hp_gain":0,"max_hp_loss":0,"event_name":"Masked Bandits","floor":22,"gold_loss":11}],"is_beta":false,"boss_relics":[{"not_picked":["Astrolabe","hubris:BlackHole"],"picked":"hubris:RunicObelisk"}],"items_purged_floors":[21],"is_endless":false,"potions_floor_spawned":[1,12,16,18,29,30],"killed_by":"Cultist and Chosen","ascension_level":9}}