{"host":"a6ztjasp7lxlo10n","time":1613463632,"event":{"mods":["Act Like it!","BaseMod","Colored Map","Marisa£®ÏF”Í°°ƒß¿Ì…≥£©","Minty Spire (QoL Compilation)","Quick Restart","StSLib","SuperFastMode"],"gold_per_floor":[113,113,45,63,63,63,92,92,117,146,146,146,176,193,193,290,290,305,275,275],"floor_reached":19,"language":"ZHS","playtime":612,"items_purged":[],"score":277,"play_id":"65ce47df-4def-45f8-808f-78dcfe8710eb","local_time":"20210216162032","is_ascension_mode":true,"campfire_choices":[{"data":"Bloodletting","floor":6.0,"key":"SMITH"},{"data":"Entrench","floor":12.0,"key":"SMITH"},{"data":"Hemokinesis","floor":15.0,"key":"SMITH"}],"circlet_count":0,"master_deck":["Strike_R","Strike_R","Strike_R","Defend_R","Defend_R","Defend_R","Defend_R","Bash","Bloodletting+1","Hemokinesis+1","Barricade+1","Entrench+1","Fiend Fire","Battle Trance"],"relics":["Burning Blood","NeowsBlessing","Frozen Egg 2","Regal Pillow","Omamori","Odd Mushroom","Tiny Chest","Sozu"],"acts_visited":["Exordium","TheCity"],"potions_floor_usage":[16],"damage_taken":[{"damage":0.0,"enemies":"Cultist","floor":1.0,"turns":1.0},{"damage":0.0,"enemies":"2 Louse","floor":4.0,"turns":1.0},{"damage":0.0,"enemies":"3 Sentries","floor":7.0,"turns":1.0},{"damage":14.0,"enemies":"The Mushroom Lair","floor":10.0,"turns":5.0},{"damage":15.0,"enemies":"Lagavulin","floor":13.0,"turns":10.0},{"damage":12.0,"enemies":"Small Slimes","floor":14.0,"turns":4.0},{"damage":28,"enemies":"The Guardian","floor":16,"turns":16},{"damage":21,"enemies":"Spheric Guardian","floor":18,"turns":4},{"damage":27,"enemies":"2 Thieves","floor":19,"turns":2}],"seed_played":"8558177584539347289","potions_obtained":[{"floor":1.0,"key":"Dexterity Potion"},{"floor":14.0,"key":"ColorlessPotion"}],"is_trial":false,"path_per_floor":["M","T","$","M","$","R","E","?","T","?","?","R","E","M","R","B",null,"M","M"],"character_chosen":"IRONCLAD","items_purchased":["Hemokinesis"],"campfire_rested":0,"item_purchase_floors":[3],"current_hp_per_floor":[78,78,78,80,80,80,80,73,73,65,65,65,56,50,50,28,67,52,25,25],"gold":275,"neow_bonus":"THREE_ENEMY_KILL","is_daily":false,"chose_seed":false,"campfire_upgraded":3,"win_rate":0.0,"timestamp":1613463632,"path_taken":["M","?","$","?","$","R","E","?","T","?","?","R","E","M","R","BOSS","M","M"],"items_purchased_type":["Card"],"build_version":"2020-12-22","purchased_purges":0,"victory":false,"max_hp_per_floor":[80,80,80,80,80,80,80,80,80,80,80,80,80,80,80,80,80,80,80,80],"card_choices":[{"not_picked":["Headbutt","Uppercut"],"picked":"Bloodletting","floor":1.0},{"not_picked":["Anger","Havoc","Iron Wave"],"picked":"SKIP","floor":4.0},{"not_picked":["Twin Strike","Dropkick"],"picked":"Barricade+1","floor":7.0},{"not_picked":["Havoc","Thunderclap"],"picked":"Entrench","floor":10.0},{"not_picked":["Thunderclap","Shockwave","Infernal Blade"],"picked":"SKIP","floor":13.0},{"not_picked":["Cleave","Headbutt","Sword Boomerang"],"picked":"SKIP","floor":14.0},{"not_picked":["Feed","Double Tap"],"picked":"Fiend Fire","floor":16},{"not_picked":["Wild Strike+1","Twin Strike"],"picked":"Battle Trance","floor":18}],"player_experience":336569,"relics_obtained":[{"floor":2.0,"key":"Frozen Egg 2"},{"floor":7.0,"key":"Regal Pillow"},{"floor":9.0,"key":"Omamori"},{"floor":10.0,"key":"Odd Mushroom"},{"floor":13.0,"key":"Tiny Chest"}],"event_choices":[{"cards_removed":["Strike_R"],"damage_healed":0.0,"max_hp_gain":0.0,"max_hp_loss":0.0,"gold_gain":0.0,"event_name":"Golden Wing","player_choice":"Card Removal","floor":8.0,"gold_loss":0.0,"damage_taken":7.0},{"damage_healed":0.0,"max_hp_gain":0.0,"max_hp_loss":0.0,"gold_gain":0.0,"event_name":"Mushrooms","player_choice":"Fought Mushrooms","floor":10.0,"gold_loss":0.0,"damage_taken":0.0},{"cards_removed":["Strike_R"],"damage_healed":0.0,"max_hp_gain":0.0,"max_hp_loss":0.0,"gold_gain":0.0,"event_name":"Purifier","player_choice":"Purged","floor":11.0,"gold_loss":0.0,"damage_taken":0.0}],"is_beta":false,"boss_relics":[{"not_picked":["Coffee Dripper","Mark of Pain"],"picked":"Sozu"}],"items_purged_floors":[],"is_endless":false,"potions_floor_spawned":[1,14],"killed_by":"2 Thieves","ascension_level":8}}