{"host":"eglukmwb6rueyn6u","time":1613487723,"event":{"mods":["BaseMod","Colored Map","Minty Spire (QoL Compilation)"],"gold_per_floor":[116,136,57,69,81,81,111,111,136,148,160,15,32,45,45,143,143,160,177,91,101,101,128,147,147,147,180,40,40,40,40],"floor_reached":30,"language":"ENG","playtime":2781,"items_purged":[],"score":328,"play_id":"e83fdb78-1ce6-4163-bc7c-bfb4f3b3fc6c","local_time":"20210216170203","is_ascension_mode":true,"campfire_choices":[{"data":"Venomology","floor":6.0,"key":"SMITH"},{"data":"Outmaneuver","floor":8.0,"key":"SMITH"},{"data":"Caltrops","floor":15.0,"key":"SMITH"},{"floor":25.0,"key":"REST"},{"floor":29,"key":"REST"}],"circlet_count":0,"master_deck":["Strike_G","Strike_G","Strike_G","Strike_G","Strike_G","Defend_G","Defend_G","Defend_G","Defend_G","Defend_G","Survivor","Neutralize","Cloak And Dagger","Outmaneuver+1","Caltrops+1","Venomology+1","Caltrops+1","Blur+1","Corpse Explosion","Catalyst+1","Cloak And Dagger+1","Phantasmal Killer","Footwork","Bullet Time"],"relics":["Ring of the Snake","NeowsBlessing","MawBank","Snake Skull","SlaversCollar","Pen Nib","Toy Ornithopter","Pantograph","Kunai"],"acts_visited":["Exordium","TheCity"],"potions_floor_usage":[27,27,30],"damage_taken":[{"damage":0.0,"enemies":"Small Slimes","floor":1.0,"turns":1.0},{"damage":0.0,"enemies":"2 Louse","floor":2.0,"turns":1.0},{"damage":0.0,"enemies":"Cultist","floor":4.0,"turns":1.0},{"damage":5.0,"enemies":"3 Louse","floor":5.0,"turns":5.0},{"damage":2.0,"enemies":"Lots of Slimes","floor":13.0,"turns":4.0},{"damage":1.0,"enemies":"Looter","floor":14.0,"turns":4.0},{"damage":37.0,"enemies":"The Guardian","floor":16.0,"turns":13.0},{"damage":24.0,"enemies":"Spheric Guardian","floor":18.0,"turns":6.0},{"damage":6.0,"enemies":"Chosen","floor":19.0,"turns":7.0},{"damage":21.0,"enemies":"Snake Plant","floor":21.0,"turns":5.0},{"damage":6.0,"enemies":"Gremlin Leader","floor":23.0,"turns":7.0},{"damage":17.0,"enemies":"Chosen and Byrds","floor":24.0,"turns":5.0},{"damage":21,"enemies":"Book of Stabbing","floor":27,"turns":4},{"damage":38,"enemies":"Sentry and Sphere","floor":30,"turns":7}],"seed_played":"-5520119928612298424","potions_obtained":[{"floor":2.0,"key":"SneckoOil"},{"floor":4.0,"key":"GamblersBrew"},{"floor":11.0,"key":"Fire Potion"},{"floor":14.0,"key":"Swift Potion"},{"floor":19.0,"key":"GhostInAJar"}],"is_trial":false,"path_per_floor":["M","M","$","M","M","R","?","R","T","?","?","$","M","M","R","B",null,"M","M","?","M","?","E","M","R","T","E","$","R","M"],"character_chosen":"THE_SILENT","items_purchased":["Caltrops","Snake Skull","Bullet Time"],"campfire_rested":2,"item_purchase_floors":[3,12,28],"current_hp_per_floor":[70,70,70,70,65,65,65,65,65,65,65,65,63,62,62,25,70,46,40,40,19,19,13,1,22,22,11,11,32,0,0],"gold":40,"neow_bonus":"THREE_ENEMY_KILL","is_daily":false,"chose_seed":false,"campfire_upgraded":3,"win_rate":0.0,"timestamp":1613487723,"path_taken":["M","M","$","M","M","R","?","R","T","?","?","$","?","M","R","BOSS","M","M","?","?","?","E","M","R","T","E","$","R","M"],"items_purchased_type":["Card","Relic","Card"],"build_version":"2020-12-22","purchased_purges":0,"victory":false,"max_hp_per_floor":[70,70,70,70,70,70,70,70,70,70,70,70,70,70,70,70,70,70,70,70,70,70,70,70,70,70,70,70,70,70,70],"card_choices":[{"not_picked":["Bane","Expertise"],"picked":"Cloak And Dagger","floor":1.0},{"not_picked":["Underhanded Strike","Eviscerate"],"picked":"Outmaneuver","floor":2.0},{"not_picked":["Dagger Throw","Slice"],"picked":"Venomology","floor":4.0},{"not_picked":["Dagger Throw","Quick Slash","Poisoned Stab"],"picked":"SKIP","floor":5.0},{"not_picked":["Choke","Endless Agony"],"picked":"Caltrops","floor":13.0},{"not_picked":["Dagger Throw","Bane"],"picked":"Blur","floor":14.0},{"not_picked":["Burst","Doppelganger"],"picked":"Corpse Explosion","floor":16.0},{"not_picked":["Flechettes","Backflip","Quick Slash"],"picked":"SKIP","floor":18.0},{"not_picked":["Dagger Spray","PiercingWail"],"picked":"Catalyst+1","floor":19.0},{"not_picked":["Underhanded Strike","Distraction"],"picked":"Cloak And Dagger+1","floor":21.0},{"not_picked":["PiercingWail","Choke+1"],"picked":"Phantasmal Killer","floor":23.0},{"not_picked":["Skewer","Dagger Throw","PiercingWail"],"picked":"SKIP","floor":24.0},{"not_picked":["PiercingWail","Corpse Explosion"],"picked":"Footwork","floor":27}],"player_experience":70180,"relics_obtained":[{"floor":9.0,"key":"MawBank"},{"floor":23.0,"key":"Toy Ornithopter"},{"floor":26.0,"key":"Pantograph"},{"floor":27,"key":"Kunai"}],"event_choices":[{"damage_healed":0.0,"max_hp_gain":0.0,"max_hp_loss":0.0,"gold_gain":30.0,"event_name":"Dead Adventurer","player_choice":"Searched \u00271\u0027 times","floor":7.0,"gold_loss":0.0,"damage_taken":0.0},{"damage_healed":0.0,"max_hp_gain":0.0,"max_hp_loss":0.0,"gold_gain":0.0,"event_name":"Living Wall","player_choice":"Grow","floor":10.0,"gold_loss":0.0,"damage_taken":0.0,"cards_upgraded":["Caltrops"]},{"damage_healed":0.0,"max_hp_gain":0.0,"max_hp_loss":0.0,"gold_gain":0.0,"event_name":"Lab","player_choice":"Got Potions","floor":11.0,"gold_loss":0.0,"damage_taken":0.0},{"damage_healed":0.0,"max_hp_gain":0.0,"max_hp_loss":0.0,"gold_gain":0.0,"event_name":"WeMeetAgain","player_choice":"Paid Gold","floor":20.0,"gold_loss":86.0,"damage_taken":0.0,"relics_obtained":["Pen Nib"]},{"damage_healed":0.0,"max_hp_gain":0.0,"max_hp_loss":0.0,"gold_gain":0.0,"event_name":"Accursed Blacksmith","player_choice":"Forge","floor":22.0,"gold_loss":0.0,"damage_taken":0.0,"cards_upgraded":["Blur"]}],"is_beta":false,"boss_relics":[{"not_picked":["Fusion Hammer","HoveringKite"],"picked":"SlaversCollar"}],"items_purged_floors":[],"is_endless":false,"potions_floor_spawned":[2,4,14,19],"killed_by":"Sentry and Sphere","ascension_level":3}}