{"host":"og6lam4kt3nibbw0","time":1613502009,"event":{"mods":["AchievementEnabler","BaseMod","Colored Map","DeckTracker","Highlight Path","Keyboard Shortcuts","Minty Spire (QoL Compilation)","Permanent Neow","Quick Restart","StSLib","SuperFastMode"],"gold_per_floor":[114,132,132,152,171,171,171,171,249,249,281,296,321,13,13,87,87,97,97,114,114,132,132,132,142,167,193,210,210,223,241,241,318,318,338,363,377,423,423,423,448,467,467,480,480,59,86,102,102,102,102,102,102,63,93,93],"floor_reached":57,"language":"KOR","playtime":4926,"items_purged":["Defend_B"],"score":2738,"play_id":"003c33f6-af75-415b-aac2-fa53f40bc724","local_time":"20210217040009","is_ascension_mode":true,"campfire_choices":[{"data":"Apotheosis","floor":6.0,"key":"SMITH"},{"floor":10.0,"key":"REST"},{"floor":15.0,"key":"REST"},{"floor":23.0,"key":"REST"},{"floor":29.0,"key":"REST"},{"floor":32.0,"key":"RECALL"},{"floor":40.0,"key":"REST"},{"floor":45.0,"key":"REST"},{"data":"Seek","floor":49.0,"key":"SMITH"},{"data":"Biased Cognition","floor":53.0,"key":"SMITH"}],"circlet_count":0,"master_deck":["AscendersBane","Zap","Dualcast","Apotheosis+1","Loop","Defragment","Glacier","Turbo","Meteor Strike","Biased Cognition+1","Capacitor","Seek+1","Compile Driver","Auto Shields","Compile Driver","Hyperbeam","Genetic Algorithm","Recycle","Go for the Eyes","Self Repair","Barrage","Hologram+1","Coolheaded","Electrodynamics","Coolheaded+1","Reinforced Body","Skim+1","Capacitor","Storm"],"relics":["Cracked Core","PreservedInsect","Ornamental Fan","Gremlin Horn","Regal Pillow","Bronze Scales","Pandora\u0027s Box","Bag of Marbles","Lantern","Black Star","Incense Burner","Du-Vu Doll","Nunchaku","Toy Ornithopter","ClockworkSouvenir","War Paint","Boot","Mummified Hand","Art of War","Pen Nib"],"acts_visited":["Exordium","TheCity","TheBeyond","TheEnding"],"potions_floor_usage":[55,56],"damage_taken":[{"damage":15.0,"enemies":"Small Slimes","floor":1.0,"turns":4.0},{"damage":0.0,"enemies":"Cultist","floor":2.0,"turns":3.0},{"damage":6.0,"enemies":"2 Louse","floor":4.0,"turns":2.0},{"damage":9.0,"enemies":"2 Fungi Beasts","floor":5.0,"turns":4.0},{"damage":9.0,"enemies":"Lagavulin","floor":11.0,"turns":6.0},{"damage":8.0,"enemies":"Lots of Slimes","floor":12.0,"turns":5.0},{"damage":36.0,"enemies":"Gremlin Nob","floor":13.0,"turns":4.0},{"damage":28.0,"enemies":"The Guardian","floor":16.0,"turns":9.0},{"damage":6.0,"enemies":"3 Byrds","floor":18.0,"turns":3.0},{"damage":0.0,"enemies":"Chosen","floor":20.0,"turns":5.0},{"damage":28.0,"enemies":"Centurion and Healer","floor":22.0,"turns":4.0},{"damage":7.0,"enemies":"3 Cultists","floor":25.0,"turns":4.0},{"damage":22.0,"enemies":"Book of Stabbing","floor":27.0,"turns":5.0},{"damage":38.0,"enemies":"Snake Plant","floor":28.0,"turns":4.0},{"damage":4.0,"enemies":"Snecko","floor":30.0,"turns":4.0},{"damage":0.0,"enemies":"Chosen and Byrds","floor":31.0,"turns":6.0},{"damage":19.0,"enemies":"Champ","floor":33.0,"turns":9.0},{"damage":0.0,"enemies":"3 Darklings","floor":35.0,"turns":3.0},{"damage":6.0,"enemies":"Mind Bloom Boss Battle","floor":36.0,"turns":8.0},{"damage":0.0,"enemies":"3 Shapes","floor":37.0,"turns":1.0},{"damage":21.0,"enemies":"2 Orb Walkers","floor":38.0,"turns":4.0},{"damage":9.0,"enemies":"Nemesis","floor":41.0,"turns":11.0},{"damage":32.0,"enemies":"Jaw Worm Horde","floor":42.0,"turns":4.0},{"damage":16.0,"enemies":"Spire Growth","floor":44.0,"turns":5.0},{"damage":11.0,"enemies":"Reptomancer","floor":47.0,"turns":6.0},{"damage":0.0,"enemies":"Maw","floor":48.0,"turns":6.0},{"damage":18.0,"enemies":"Awakened One","floor":50.0,"turns":8.0},{"damage":0.0,"enemies":"Donu and Deca","floor":51.0,"turns":6.0},{"damage":0,"enemies":"Shield and Spear","floor":55,"turns":3},{"damage":63,"enemies":"The Heart","floor":56,"turns":9}],"seed_played":"-5257831939793110333","potions_obtained":[{"floor":4.0,"key":"GamblersBrew"},{"floor":5.0,"key":"Strength Potion"},{"floor":11.0,"key":"SkillPotion"},{"floor":16.0,"key":"Regen Potion"},{"floor":18.0,"key":"Fire Potion"},{"floor":25.0,"key":"ColorlessPotion"},{"floor":27.0,"key":"FearPotion"},{"floor":33.0,"key":"Swift Potion"},{"floor":36.0,"key":"SpeedPotion"},{"floor":42.0,"key":"PowerPotion"},{"floor":44.0,"key":"Energy Potion"},{"floor":55,"key":"Energy Potion"}],"is_trial":false,"path_per_floor":["M","M","?","M","M","R","?","?","T","R","E","M","E","$","R","B",null,"M","?","M","?","M","R","$","M","T","E","M","R","M","M","R","B",null,"M","?","M","?","?","R","E","M","T","M","R","$","E","M","R","B","B",null,"R","$","E","B",null],"character_chosen":"DEFECT","items_purchased":["Capacitor","Bronze Scales","ClockworkSouvenir","War Paint","Capacitor","Storm"],"campfire_rested":6,"item_purchase_floors":[14,14,46,46,46,54],"current_hp_per_floor":[49,49,49,43,34,34,34,34,34,55,46,38,2,2,38,10,56,50,50,50,30,24,61,61,64,64,52,21,58,61,71,71,62,73,76,76,76,55,55,72,70,38,38,32,68,68,67,72,72,64,72,72,72,72,72,14],"gold":93,"neow_bonus":"RANDOM_COLORLESS_2","is_daily":false,"chose_seed":false,"campfire_upgraded":3,"win_rate":0.0,"timestamp":1613502009,"path_taken":["M","M","?","M","?","R","?","?","T","R","E","?","E","$","R","BOSS","M","?","M","?","M","R","$","M","T","E","M","R","M","M","R","BOSS","M","?","M","?","?","R","E","M","T","?","R","?","E","M","R","BOSS","BOSS","R","$","E","BOSS"],"items_purchased_type":["Card","Relic","Relic","Relic","Card","Card"],"build_version":"2020-12-22","purchased_purges":1,"victory":true,"max_hp_per_floor":[71,71,71,71,71,71,71,71,71,71,71,71,71,71,71,71,71,71,71,71,76,76,76,76,76,76,76,76,76,76,76,76,76,76,76,76,76,76,72,72,72,72,72,72,72,72,72,72,72,72,72,72,72,72,72,72],"card_choices":[{"not_picked":["HandOfGreed","Mayhem"],"picked":"Apotheosis","floor":0.0},{"not_picked":["Hologram","Barrage"],"picked":"Loop","floor":1.0},{"not_picked":["Conserve Battery","Sweeping Beam"],"picked":"Defragment","floor":2.0},{"not_picked":["Consume","Gash"],"picked":"Glacier","floor":4.0},{"not_picked":["Hologram","Hello World"],"picked":"Turbo","floor":5.0},{"not_picked":["Force Field","Fusion","Barrage"],"picked":"SKIP","floor":11.0},{"not_picked":["Force Field","Redo"],"picked":"Meteor Strike","floor":12.0},{"not_picked":["BootSequence","Steam Power"],"picked":"Biased Cognition","floor":13.0},{"not_picked":["Buffer","Amplify"],"picked":"Seek","floor":16.0},{"not_picked":["Darkness","Barrage","Rebound"],"picked":"SKIP","floor":18.0},{"not_picked":["Sweeping Beam","Force Field"],"picked":"Self Repair","floor":20.0},{"not_picked":["Auto Shields","Loop","Streamline"],"picked":"SKIP","floor":22.0},{"not_picked":["Multi-Cast","Doom and Gloom","Barrage"],"picked":"SKIP","floor":25.0},{"not_picked":["Go for the Eyes+1","Sweeping Beam"],"picked":"Barrage","floor":27.0},{"not_picked":["Gash","Conserve Battery"],"picked":"Hologram","floor":28.0},{"not_picked":["Compile Driver","Stack"],"picked":"Coolheaded","floor":30.0},{"not_picked":["Barrage","Turbo","Capacitor"],"picked":"SKIP","floor":31.0},{"not_picked":["Thunder Strike","Amplify"],"picked":"Electrodynamics","floor":33.0},{"not_picked":["Steam Power","Conserve Battery"],"picked":"Coolheaded","floor":35.0},{"not_picked":["Tempest+1","Streamline"],"picked":"Reinforced Body","floor":36.0},{"not_picked":["Reinforced Body","Gash"],"picked":"Skim+1","floor":37.0},{"not_picked":["Sweeping Beam","Streamline","Reprogram+1"],"picked":"SKIP","floor":41.0},{"not_picked":["Buffer","Auto Shields+1","Force Field"],"picked":"SKIP","floor":42.0},{"not_picked":["Hologram","Steam","Leap+1"],"picked":"SKIP","floor":44.0},{"not_picked":["Leap","Beam Cell","Reprogram"],"picked":"SKIP","floor":47.0},{"not_picked":["Hologram","Steam+1","Ball Lightning+1"],"picked":"SKIP","floor":48.0},{"not_picked":["Conserve Battery","Reinforced Body","Fission"],"picked":"SKIP","floor":55}],"player_experience":965275,"relics_obtained":[{"floor":9.0,"key":"Ornamental Fan"},{"floor":11.0,"key":"Gremlin Horn"},{"floor":13.0,"key":"Regal Pillow"},{"floor":26.0,"key":"Bag of Marbles"},{"floor":27.0,"key":"Lantern"},{"floor":36.0,"key":"Incense Burner"},{"floor":38.0,"key":"Du-Vu Doll"},{"floor":41.0,"key":"Nunchaku"},{"floor":41.0,"key":"Toy Ornithopter"},{"floor":47.0,"key":"Boot"},{"floor":47.0,"key":"Mummified Hand"},{"floor":55,"key":"Art of War"},{"floor":55,"key":"Pen Nib"}],"event_choices":[{"cards_removed":["Regret"],"damage_healed":0.0,"max_hp_gain":0.0,"max_hp_loss":0.0,"gold_gain":0.0,"event_name":"Purifier","player_choice":"Purged","floor":3.0,"gold_loss":0.0,"damage_taken":0.0},{"damage_healed":0.0,"max_hp_gain":0.0,"max_hp_loss":0.0,"gold_gain":0.0,"event_name":"Liars Game","player_choice":"Ignored","floor":7.0,"gold_loss":0.0,"damage_taken":0.0},{"damage_healed":0.0,"max_hp_gain":0.0,"max_hp_loss":0.0,"gold_gain":0.0,"event_name":"WeMeetAgain","player_choice":"Gave Potion","floor":8.0,"gold_loss":0.0,"damage_taken":0.0,"relics_obtained":["PreservedInsect"]},{"damage_healed":0.0,"max_hp_gain":0.0,"max_hp_loss":0.0,"gold_gain":0.0,"event_name":"Vampires","player_choice":"Ignored","floor":19.0,"gold_loss":0.0,"damage_taken":0.0},{"damage_healed":0.0,"max_hp_gain":5.0,"max_hp_loss":0.0,"gold_gain":0.0,"event_name":"Forgotten Altar","player_choice":"Shed Blood","floor":21.0,"gold_loss":0.0,"damage_taken":25.0},{"damage_healed":0.0,"max_hp_gain":0.0,"max_hp_loss":0.0,"gold_gain":0.0,"event_name":"MindBloom","player_choice":"Fight","floor":36.0,"gold_loss":0.0,"damage_taken":0.0},{"damage_healed":0.0,"max_hp_gain":0.0,"max_hp_loss":0.0,"gold_gain":0.0,"event_name":"Mysterious Sphere","player_choice":"Fight","floor":38.0,"gold_loss":0.0,"damage_taken":0.0},{"damage_healed":0.0,"max_hp_gain":0.0,"max_hp_loss":4.0,"gold_gain":0.0,"event_name":"Winding Halls","player_choice":"Max HP","floor":39.0,"gold_loss":0.0,"damage_taken":0.0}],"is_beta":false,"boss_relics":[{"not_picked":["SlaversCollar","Velvet Choker"],"picked":"Pandora\u0027s Box"},{"not_picked":["Fusion Hammer","Runic Dome"],"picked":"Black Star"}],"items_purged_floors":[14],"is_endless":false,"potions_floor_spawned":[4,5,11,16,18,20,25,27,30,33,36,42,44,55],"ascension_level":20}}