{"host":"37ccm3d17clopct7","time":1613466753,"event":{"mods":["BaseMod","GungeonMod","Hermit","Lobotomy","Minty Spire (QoL Compilation)","Replay The Spire","StSLib","The Bug Knight","The Cursed","The Hierophant","The Jungle","The Runesmith"],"gold_per_floor":[119,119,38,54,69,69,69,69,69,102,102,102,122,155,155,155,155,258,258,269,288,288,301,116,116,116,116,185,200,226,29,29,47,47,142,142,154,52,102,102,119,147,147,163,163,188,208,232,15,29,29,29,29,29,29,29,63,63],"floor_reached":59,"language":"KOR","playtime":3536,"items_purged":["Sickly","Pain"],"score":1662,"play_id":"dbf741cf-8510-4116-9e96-829e372778a6","local_time":"20210216181233","is_ascension_mode":true,"campfire_choices":[{"floor":6,"key":"RECALL"},{"data":"TheCursedMod:HellfireBreathing","floor":11,"key":"SMITH"},{"data":"TheCursedMod:ManaBullet","floor":17,"key":"SMITH"},{"data":"TheCursedMod:CollectTribute","floor":25,"key":"SMITH"},{"data":"ReplayTheSpireMod:Private Reserves","floor":27,"key":"SMITH"},{"floor":32,"key":"REST"},{"data":"TheCursedMod:TacticalStrike","floor":34,"key":"SMITH"},{"data":"TheCursedMod:SpitefulPlan","floor":43,"key":"SMITH"},{"floor":51,"key":"REST"},{"data":"TheCursedMod:SpitefulPray","floor":55,"key":"SMITH"}],"circlet_count":0,"master_deck":["TheCursedMod:CleanUpWorkshop","TheCursedMod:CursedAmulet+1","TheCursedMod:HellfireBreathing+1","TheCursedMod:HellfireBreathing+1","TheCursedMod:SpitefulPlan+1","TheCursedMod:LuckyCharm","TheCursedMod:CursedSpellbook","TheCursedMod:NeowsMight+1","TheCursedMod:CircleOfAmplification","TheCursedMod:SurpriseAttack","ReplayTheSpireMod:Private Reserves+1","TheCursedMod:SpitefulStrike","TheCursedMod:SmokeScreen","TheCursedMod:ManaBullet+1","TheCursedMod:LuckyCharm","TheCursedMod:CollectTribute+1","CurseOfTheBell","TheCursedMod:TacticalStrike+1","TheCursedMod:CursedAmulet+1","TheCursedMod:CursedShiv","TheCursedMod:TroublousMinions+1","Writhe","Clumsy","TheCursedMod:RapidMovement+1","TheCursedMod:FleshFromBone","TheCursedMod:Stretching","TheCursedMod:ManaBullet+1","TheCursedMod:StingEye+1","TheCursedMod:CursedBlade+1","TheCursedMod:CollectTribute+1","TheCursedMod:CursedStaff+1","TheCursedMod:FleshFromBone","TheCursedMod:SpitefulPray+1","TheCursedMod:SpitefulStrike+1","TheCursedMod:SurpriseAttack"],"relics":["TheCursedMod:BlackMagicAdvanced","DemoMod:OrangeGuonStone","Bottled Lightning","ReplayTheSpireMod:TigerMarble","Calling Bell","Orichalcum","DemoMod:DecoyRelic","DemoMod:Antibody","theJungle:Creamberry","Garlic","DemoMod:SerJunkan","Gremlin Food","Replay:Ancient Bell","Bag of Marbles","Mummified Hand","Replay:Kaleidoscope","DemoMod:Junk","WarpedTongs","DemoMod:GlassGuonStoneRelic","DemoMod:PinkGuonStone"],"acts_visited":["Exordium","theJungle:Jungle","TheBeyond","TheEnding"],"potions_floor_usage":[],"damage_taken":[{"damage":0,"enemies":"Jaw Worm","floor":1,"turns":2},{"damage":0,"enemies":"Cultist","floor":4,"turns":2},{"damage":0,"enemies":"2 Louse","floor":5,"turns":2},{"damage":2,"enemies":"Gremlin Nob","floor":10,"turns":2},{"damage":0,"enemies":"Gremlin Gang","floor":13,"turns":2},{"damage":0,"enemies":"Lagavulin","floor":14,"turns":2},{"damage":5,"enemies":"Fading Forest","floor":18,"turns":11},{"damage":2,"enemies":"theJungle:MUSHROOMGANG","floor":20,"turns":3},{"damage":1,"enemies":"Shell Parasite","floor":21,"turns":2},{"damage":10,"enemies":"theJungle:2_Flameangoes","floor":23,"turns":3},{"damage":0,"enemies":"theJungle:SlimyTreeVines","floor":29,"turns":3},{"damage":0,"enemies":"theJungle:MamaSnecko","floor":30,"turns":2},{"damage":0,"enemies":"theJungle:Lyon","floor":33,"turns":3},{"damage":0,"enemies":"theJungle:TotemBoss","floor":35,"turns":5},{"damage":0,"enemies":"3 Darklings","floor":37,"turns":3},{"damage":0,"enemies":"Mind Bloom Boss Battle","floor":39,"turns":3},{"damage":7,"enemies":"Orb Walker","floor":41,"turns":3},{"damage":3,"enemies":"Giant Head","floor":42,"turns":4},{"damage":3,"enemies":"3 Darklings","floor":44,"turns":2},{"damage":11,"enemies":"Reptomancer","floor":46,"turns":4},{"damage":0,"enemies":"Jaw Worm Horde","floor":47,"turns":2},{"damage":5,"enemies":"Sphere and 2 Shapes","floor":50,"turns":2},{"damage":1,"enemies":"Time Eater","floor":52,"turns":9},{"damage":0,"enemies":"Shield and Spear","floor":57,"turns":4},{"damage":6,"enemies":"The Heart","floor":58,"turns":8}],"seed_played":"6120500907236913231","potions_obtained":[{"floor":4,"key":"Explosive Potion"},{"floor":12,"key":"Flashbang"},{"floor":12,"key":"LifebloodPotion"},{"floor":21,"key":"DuplicationPotion"}],"is_trial":false,"path_per_floor":["M","?","$","M","M","R","?","T","T","E","R","?","M","E","PTL","PTL","R","B",null,"M","M","?","M","?","R","?","R","T","M","E","$","R","M","R","B",null,"M","$","?","?","M","E","R","M","T","E","M","T","$","M","R","B",null,null,"R","$","E","B",null],"character_chosen":"THE_CURSED","items_purchased":["ReplayTheSpireMod:Private Reserves","Gremlin Food","TheCursedMod:CursedShiv","TheCursedMod:FleshFromBone","TheCursedMod:FleshFromBone","TheCursedMod:SpitefulPray"],"campfire_rested":2,"item_purchase_floors":[3,31,31,38,49,49],"current_hp_per_floor":[75,85,85,85,85,85,85,85,85,83,83,83,83,83,83,83,83,78,85,83,86,87,77,77,77,79,79,79,79,79,79,87,87,87,87,87,87,87,87,87,80,77,77,74,74,77,77,77,77,72,94,93,93,94,94,94,94,88],"gold":63,"neow_bonus":"UPGRADE_CARD","is_daily":false,"chose_seed":false,"campfire_upgraded":7,"win_rate":0.0,"timestamp":1613466753,"path_taken":["M","?","$","M","?","R","?","?","T","E","R","?","M","E","PTL","PTL","R","BOSS","M","?","?","M","?","R","?","R","T","M","E","$","R","M","R","BOSS","M","$","?","?","M","E","R","M","T","E","?","?","$","?","R","BOSS","R","$","E","BOSS"],"items_purchased_type":["Card","Relic","Card","Card","Card","Card"],"build_version":"2020-12-22","purchased_purges":2,"victory":true,"max_hp_per_floor":[75,85,85,85,85,85,85,85,85,85,85,85,85,85,85,85,85,85,85,85,87,87,87,87,87,87,87,87,87,87,87,87,87,87,87,87,87,87,87,87,87,87,87,87,87,94,94,94,94,94,94,94,94,94,94,94,94,92],"card_choices":[{"not_picked":["TheCursedMod:Wield","TheCursedMod:TacticalStrike"],"picked":"TheCursedMod:SurpriseAttack","floor":1},{"not_picked":["TheCursedMod:SpitefulPlan","TheCursedMod:Evocation"],"picked":"TheCursedMod:SpitefulStrike","floor":4},{"not_picked":["TheCursedMod:CircleOfFocus","TheCursedMod:CursedMace","TheCursedMod:SoulCrush"],"picked":"SKIP","floor":5},{"not_picked":["TheCursedMod:RavingStaff","TheCursedMod:RapidMovement"],"picked":"TheCursedMod:SmokeScreen","floor":10},{"not_picked":["TheCursedMod:HellfireBreathing","TheCursedMod:WearCloak"],"picked":"TheCursedMod:ManaBullet","floor":13},{"not_picked":["TheCursedMod:SpitefulStrike","TheCursedMod:CircleOfBlood"],"picked":"TheCursedMod:LuckyCharm","floor":14},{"not_picked":["TheCursedMod:CursedRelics","TheCursedMod:StunningStrike"],"picked":"TheCursedMod:CollectTribute","floor":18},{"not_picked":["TheCursedMod:SaltUponWound+1","TheCursedMod:Torture"],"picked":"TheCursedMod:TacticalStrike","floor":20},{"not_picked":["TheCursedMod:RavingStaff","TheCursedMod:CircleOfCorruption","TheCursedMod:CircleOfWindfury"],"picked":"SKIP","floor":21},{"not_picked":["TheCursedMod:ManaBullet+1","TheCursedMod:DoubleShield+1"],"picked":"TheCursedMod:CursedAmulet","floor":23},{"not_picked":["TheCursedMod:Stigma","TheCursedMod:CircleOfFocus+1","TheCursedMod:CursedMace"],"picked":"SKIP","floor":29},{"not_picked":["TheCursedMod:RapidMovement","TheCursedMod:VitalStrike+1","TheCursedMod:FuryStrike+1"],"picked":"SKIP","floor":30},{"not_picked":["TheCursedMod:CursedBoomerang+1","TheCursedMod:Torture"],"picked":"TheCursedMod:TroublousMinions+1","floor":33},{"not_picked":["Delirium","Amnesia"],"picked":"Writhe","floor":36},{"not_picked":["ReplayTheSpireMod:IOU","Shame"],"picked":"Clumsy","floor":36},{"not_picked":["Overencumbered","AbeCurse"],"picked":"Sickly","floor":36},{"not_picked":["TheCursedMod:CursedRelics+1","TheCursedMod:SmokeScreen"],"picked":"TheCursedMod:RapidMovement+1","floor":37},{"not_picked":["TheCursedMod:RapidMovement","TheCursedMod:Mangle+1"],"picked":"TheCursedMod:Stretching","floor":39},{"not_picked":["TheCursedMod:Mangle+1","TheCursedMod:Wield+1"],"picked":"TheCursedMod:ManaBullet+1","floor":41},{"not_picked":["TheCursedMod:RavingStaff+1","TheCursedMod:CircleOfBlood+1"],"picked":"TheCursedMod:StingEye+1","floor":42},{"not_picked":["TheCursedMod:CursedAmulet","TheCursedMod:BloodBarrier+1"],"picked":"TheCursedMod:CursedBlade+1","floor":44},{"not_picked":["TheCursedMod:SaltUponWound+1","TheCursedMod:Stretching"],"picked":"TheCursedMod:CollectTribute+1","floor":46},{"not_picked":["TheCursedMod:Stretching+1","TheCursedMod:RavingStaff"],"picked":"TheCursedMod:CursedStaff+1","floor":47},{"not_picked":["TheCursedMod:CursedAmulet","TheCursedMod:BloodBarrier+1"],"picked":"TheCursedMod:SpitefulStrike+1","floor":50},{"not_picked":["TheCursedMod:CursedBoomerang+1","TheCursedMod:CursedAmulet+1"],"picked":"TheCursedMod:SurpriseAttack","floor":57}],"player_experience":211149,"relics_obtained":[{"floor":9,"key":"DemoMod:OrangeGuonStone"},{"floor":10,"key":"Bottled Lightning"},{"floor":14,"key":"ReplayTheSpireMod:TigerMarble"},{"floor":19,"key":"Orichalcum"},{"floor":19,"key":"DemoMod:DecoyRelic"},{"floor":19,"key":"DemoMod:Antibody"},{"floor":28,"key":"Garlic"},{"floor":30,"key":"DemoMod:SerJunkan"},{"floor":39,"key":"DemoMod:Junk"},{"floor":42,"key":"DemoMod:Junk"},{"floor":45,"key":"DemoMod:Junk"},{"floor":46,"key":"DemoMod:PinkGuonStone"},{"floor":48,"key":"DemoMod:Junk"},{"floor":57,"key":"DemoMod:Junk"}],"event_choices":[{"cards_removed":["TheCursedMod:ParallelWorld"],"damage_healed":0,"gold_gain":0,"player_choice":"Offered Rare","damage_taken":0,"max_hp_gain":10,"max_hp_loss":0,"event_name":"Bonfire Elementals","floor":2,"gold_loss":0},{"damage_healed":0,"gold_gain":0,"player_choice":"Grow","damage_taken":0,"max_hp_gain":0,"max_hp_loss":0,"event_name":"Living Wall","floor":7,"gold_loss":0,"cards_upgraded":["TheCursedMod:HellfireBreathing"]},{"damage_healed":0,"gold_gain":0,"player_choice":"Got Potions","damage_taken":0,"max_hp_gain":0,"max_hp_loss":0,"event_name":"Lab","floor":12,"gold_loss":0},{"damage_healed":0,"gold_gain":0,"player_choice":"Fight","damage_taken":0,"max_hp_gain":0,"max_hp_loss":0,"event_name":"MindBloom","floor":39,"gold_loss":0},{"damage_healed":0,"gold_gain":0,"player_choice":"Rummage","damage_taken":0,"relics_obtained":["WarpedTongs"],"max_hp_gain":0,"max_hp_loss":0,"event_name":"Accursed Blacksmith","floor":40,"gold_loss":0,"cards_obtained":["Pain"]}],"is_beta":false,"boss_relics":[{"not_picked":["Coffee Dripper","ReplayTheSpireMod:DimensionalGlitch"],"picked":"Calling Bell"},{"not_picked":["Black Star","Tiny House"],"picked":"Replay:Ancient Bell"},{"not_picked":["Grinning Jar","Bronze Scales"],"picked":"Bag of Marbles"},{"not_picked":["Gremlin Horn","ReplayTheSpireMod:Ninjato"],"picked":"Mummified Hand"},{"not_picked":["Pocketwatch","DemoMod:AgedBell"],"picked":"Replay:Kaleidoscope"}],"items_purged_floors":[38,49],"is_endless":false,"potions_floor_spawned":[4,14,20,21,23,33,35,39,41,46],"ascension_level":1}}