{"host":"uafoej811sw8via1","time":1613438254,"event":{"mods":["BaseMod","Minty Spire (QoL Compilation)","Relic Stats","StSLib"],"gold_per_floor":[114,129,144,30,30,60,75,75,75,45,60,90,105,120,120,220,220,235,160,160,175,190,190,205,205,230,260,260,92,107,122,122,222,222,237,252,267,267,267,267,283,298,298,328,343,368,368,383,383,383],"floor_reached":51,"language":"ENG","playtime":4564,"items_purged":["Defend_P","Pray"],"score":788,"play_id":"54b7eeb9-bc54-4af2-8d26-40b6e95a28cf","local_time":"20210215201734","daily_mods":["Specialized","ControlledChaos","Lethality"],"is_ascension_mode":false,"campfire_choices":[{"floor":15,"key":"REST"},{"data":"TalkToTheHand","floor":23,"key":"SMITH"},{"data":"MasterReality","floor":25,"key":"SMITH"},{"data":"Wireheading","floor":28,"key":"SMITH"},{"data":"Tantrum","floor":32,"key":"SMITH"},{"data":"Scrawl","floor":40,"key":"SMITH"},{"data":"Wireheading","floor":49,"key":"SMITH"}],"circlet_count":0,"master_deck":["Strike_P","Strike_P","Strike_P","Strike_P","Defend_P+1","Defend_P","Eruption","Vigilance","Pray+1","Pray","Pray","Pray","FollowUp","FearNoEvil","CutThroughFate","Adaptation+1","Wireheading+1","Prostrate","Tantrum+1","Wireheading+1","ThirdEye+1","Tantrum","BowlingBash","Evaluate+1","TalkToTheHand+1","MasterReality+1","TalkToTheHand","Scrawl+1","FlurryOfBlows","ClearTheMind","Weave","JustLucky+1","FlurryOfBlows+1","Consecrate+1","Wallop+1","DeceiveReality+1","WheelKick+1","Nirvana+1","FearNoEvil","Writhe","FlurryOfBlows+1"],"relics":["PureWater","Frozen Eye","Omamori","War Paint","Bag of Preparation","Yang","Calling Bell","Tiny Chest","TeardropLocket","Gambling Chip","Prayer Wheel","MealTicket","Eternal Feather","Sozu","Kunai","Bird Faced Urn","Mummified Hand","Juzu Bracelet","Ancient Tea Set"],"acts_visited":["Exordium","TheCity","TheBeyond"],"potions_floor_usage":[10,12,12,16,16,50,50,50],"damage_taken":[{"damage":0,"enemies":"Small Slimes","floor":1,"turns":1},{"damage":14,"enemies":"Jaw Worm","floor":2,"turns":2},{"damage":0,"enemies":"Cultist","floor":3,"turns":3},{"damage":17,"enemies":"Gremlin Nob","floor":6,"turns":3},{"damage":5,"enemies":"3 Louse","floor":7,"turns":3},{"damage":17,"enemies":"2 Fungi Beasts","floor":11,"turns":3},{"damage":3,"enemies":"3 Sentries","floor":12,"turns":4},{"damage":0,"enemies":"Exordium Wildlife","floor":13,"turns":2},{"damage":0,"enemies":"Gremlin Gang","floor":14,"turns":2},{"damage":23,"enemies":"The Guardian","floor":16,"turns":5},{"damage":6,"enemies":"Shell Parasite","floor":18,"turns":3},{"damage":0,"enemies":"Spheric Guardian","floor":21,"turns":1},{"damage":12,"enemies":"Snake Plant","floor":22,"turns":2},{"damage":8,"enemies":"Shelled Parasite and Fungi","floor":24,"turns":2},{"damage":0,"enemies":"Gremlin Leader","floor":27,"turns":3},{"damage":0,"enemies":"Cultist and Chosen","floor":30,"turns":2},{"damage":0,"enemies":"Centurion and Healer","floor":31,"turns":3},{"damage":3,"enemies":"Champ","floor":33,"turns":5},{"damage":0,"enemies":"3 Darklings","floor":35,"turns":2},{"damage":0,"enemies":"Orb Walker","floor":36,"turns":1},{"damage":25,"enemies":"Writhing Mass","floor":37,"turns":4},{"damage":20,"enemies":"2 Orb Walkers","floor":41,"turns":3},{"damage":28,"enemies":"Maw","floor":42,"turns":5},{"damage":0,"enemies":"Reptomancer","floor":44,"turns":3},{"damage":0,"enemies":"Spire Growth","floor":45,"turns":1},{"damage":0,"enemies":"4 Shapes","floor":48,"turns":3},{"damage":7,"enemies":"Donu and Deca","floor":50,"turns":3}],"seed_played":"2711566965655028651","potions_obtained":[{"floor":1,"key":"PowerPotion"},{"floor":2,"key":"PowerPotion"},{"floor":10,"key":"Fruit Juice"},{"floor":10,"key":"LiquidMemories"},{"floor":12,"key":"Strength Potion"},{"floor":14,"key":"DistilledChaos"},{"floor":21,"key":"Regen Potion"},{"floor":27,"key":"Dexterity Potion"}],"is_trial":false,"path_per_floor":["M","M","M","$","?","E","M","T","T","?","M","E","M","M","R","B",null,"M","?","?","M","M","R","M","R","T","E","R","$","M","M","R","B",null,"M","M","M","T","?","R","?","M","T","E","M","T","?","M","R","B",null],"character_chosen":"WATCHER","items_purchased":["Adaptation","TalkToTheHand"],"campfire_rested":1,"item_purchase_floors":[4,29],"current_hp_per_floor":[72,58,58,58,58,41,36,36,36,41,24,21,21,21,44,21,77,71,71,71,71,59,59,51,51,51,51,66,77,77,77,77,74,77,77,77,52,52,52,73,53,33,33,39,45,45,64,72,77,77],"gold":383,"neow_bonus":"","is_daily":true,"chose_seed":false,"campfire_upgraded":6,"win_rate":0.0,"timestamp":1613438254,"path_taken":["M","M","M","$","?","E","M","?","T","?","?","E","M","M","R","BOSS","M","?","?","M","M","R","M","R","T","E","R","?","M","M","R","BOSS","M","M","M","?","?","R","?","?","T","E","M","?","?","M","R","BOSS"],"items_purchased_type":["Card","Card"],"build_version":"2020-12-22","purchased_purges":2,"victory":true,"max_hp_per_floor":[72,72,72,72,72,72,72,72,72,77,77,77,77,77,77,77,77,77,77,77,77,77,77,77,77,77,77,77,77,77,77,77,77,77,77,77,77,77,77,77,77,77,77,77,77,77,77,77,77,77],"relic_stats":{"counters":[27,74],"Yang":[219],"Eternal Feather":41,"Bag of Preparation":[44],"Juzu Bracelet":0,"War Paint":["Pray","Defend_P"],"Sozu":1,"Mummified Hand":[17],"Gambling Chip":[55],"Bird Faced Urn":[30],"Tiny Chest":2,"Prayer Wheel":11,"MealTicket":11,"Kunai":[28],"obtain_stats":[{"Yang":12,"Eternal Feather":27,"Omamori":6,"Bag of Preparation":9,"Juzu Bracelet":44,"TeardropLocket":17,"War Paint":8,"Ancient Tea Set":46,"Calling Bell":17,"Sozu":34,"Frozen Eye":0,"Mummified Hand":43,"Gambling Chip":17,"Bird Faced Urn":41,"Tiny Chest":17,"Prayer Wheel":20,"MealTicket":26,"Kunai":38,"PureWater":0},{"Yang":7,"Eternal Feather":15,"Omamori":4,"Bag of Preparation":5,"Juzu Bracelet":24,"TeardropLocket":10,"War Paint":5,"Ancient Tea Set":25,"Calling Bell":10,"Sozu":18,"Frozen Eye":0,"Mummified Hand":23,"Gambling Chip":10,"Bird Faced Urn":22,"Tiny Chest":10,"Prayer Wheel":11,"MealTicket":14,"Kunai":21,"PureWater":0},{"Yang":19,"Eternal Feather":39,"Omamori":9,"Bag of Preparation":12,"Juzu Bracelet":67,"TeardropLocket":28,"War Paint":12,"Ancient Tea Set":68,"Calling Bell":28,"Sozu":49,"Frozen Eye":0,"Mummified Hand":64,"Gambling Chip":28,"Bird Faced Urn":59,"Tiny Chest":28,"Prayer Wheel":31,"MealTicket":36,"Kunai":56,"PureWater":0}]},"card_choices":[{"not_picked":["DeceiveReality","ForeignInfluence"],"picked":"FollowUp","floor":1},{"not_picked":["CrushJoints","ThirdEye"],"picked":"FearNoEvil","floor":2},{"not_picked":["ClearTheMind","SignatureMove"],"picked":"CutThroughFate","floor":3},{"not_picked":["Evaluate","ClearTheMind"],"picked":"Wireheading","floor":6},{"not_picked":["Evaluate","SashWhip"],"picked":"Prostrate","floor":7},{"not_picked":["Halt","Prostrate","EmptyBody"],"picked":"SKIP","floor":11},{"not_picked":["Establishment","Indignation","Study"],"picked":"SKIP","floor":12},{"not_picked":["Crescendo","CutThroughFate"],"picked":"Tantrum","floor":13},{"not_picked":["Conclude","BowlingBash"],"picked":"Wireheading","floor":14},{"not_picked":["EmptyMind","SashWhip"],"picked":"ThirdEye+1","floor":18},{"not_picked":["Protect","JustLucky+1"],"picked":"Tantrum","floor":21},{"not_picked":["FollowUp","Protect"],"picked":"BowlingBash","floor":21},{"not_picked":["Worship","FearNoEvil"],"picked":"Evaluate+1","floor":22},{"not_picked":["CutThroughFate","Consecrate"],"picked":"TalkToTheHand","floor":22},{"not_picked":["DeceiveReality","EmptyBody"],"picked":"MasterReality","floor":24},{"not_picked":["FollowUp","InnerPeace","Halt"],"picked":"SKIP","floor":24},{"not_picked":["Protect","WindmillStrike","Evaluate"],"picked":"SKIP","floor":27},{"not_picked":["FlyingSleeves+1","TalkToTheHand"],"picked":"Scrawl","floor":30},{"not_picked":["Halt","Tantrum+1"],"picked":"FlurryOfBlows","floor":30},{"not_picked":["Protect","Crescendo"],"picked":"ClearTheMind","floor":31},{"not_picked":["Crescendo","EmptyBody"],"picked":"Weave","floor":31},{"not_picked":["DeceiveReality","FlyingSleeves"],"picked":"JustLucky+1","floor":35},{"not_picked":["Study+1","ClearTheMind+1"],"picked":"FlurryOfBlows+1","floor":35},{"not_picked":["FollowUp+1","Weave"],"picked":"Consecrate+1","floor":36},{"not_picked":["FollowUp+1","Consecrate","JustLucky+1"],"picked":"SKIP","floor":36},{"not_picked":["Halt","Study"],"picked":"Wallop+1","floor":37},{"not_picked":["Swivel","EmptyFist","WindmillStrike+1"],"picked":"SKIP","floor":37},{"not_picked":["WindmillStrike","Evaluate+1"],"picked":"DeceiveReality+1","floor":41},{"not_picked":["FlyingSleeves+1","SashWhip"],"picked":"WheelKick+1","floor":42},{"not_picked":["FollowUp+1","Crescendo","Brilliance"],"picked":"SKIP","floor":42},{"not_picked":["Consecrate+1","Prostrate"],"picked":"Nirvana+1","floor":44},{"not_picked":["SignatureMove","SashWhip"],"picked":"FearNoEvil","floor":45},{"not_picked":["PathToVictory+1","SashWhip","Consecrate+1"],"picked":"SKIP","floor":45},{"not_picked":["Wireheading","Vengeance"],"picked":"FlurryOfBlows+1","floor":48},{"not_picked":["Prostrate+1","Protect+1","EmptyFist"],"picked":"SKIP","floor":48}],"player_experience":1049652,"relics_obtained":[{"floor":6,"key":"Omamori"},{"floor":8,"key":"War Paint"},{"floor":9,"key":"Bag of Preparation"},{"floor":12,"key":"Yang"},{"floor":17,"key":"Tiny Chest"},{"floor":17,"key":"TeardropLocket"},{"floor":17,"key":"Gambling Chip"},{"floor":26,"key":"MealTicket"},{"floor":27,"key":"Eternal Feather"},{"floor":38,"key":"Kunai"},{"floor":41,"key":"Bird Faced Urn"},{"floor":43,"key":"Mummified Hand"},{"floor":44,"key":"Juzu Bracelet"},{"floor":46,"key":"Ancient Tea Set"}],"event_choices":[{"damage_healed":0,"gold_gain":0,"player_choice":"Grow","damage_taken":0,"max_hp_gain":0,"max_hp_loss":0,"event_name":"Living Wall","floor":5,"gold_loss":0,"cards_upgraded":["Adaptation"]},{"damage_healed":0,"gold_gain":0,"player_choice":"Bought 2 Potions","damage_taken":0,"max_hp_gain":0,"max_hp_loss":0,"event_name":"The Woman in Blue","floor":10,"gold_loss":0},{"cards_removed":["Defend_P"],"damage_healed":0,"gold_gain":0,"player_choice":"Gave Gold","damage_taken":0,"max_hp_gain":0,"max_hp_loss":0,"event_name":"Beggar","floor":19,"gold_loss":75},{"damage_healed":0,"gold_gain":0,"player_choice":"Stole Relic","damage_taken":0,"relics_obtained":["Prayer Wheel"],"max_hp_gain":0,"max_hp_loss":0,"event_name":"Addict","floor":20,"gold_loss":0,"cards_obtained":["Shame"]},{"damage_healed":0,"gold_gain":0,"player_choice":"Ignored","damage_taken":0,"max_hp_gain":0,"max_hp_loss":0,"event_name":"Tomb of Lord Red Mask","floor":39,"gold_loss":0},{"damage_healed":0,"gold_gain":0,"player_choice":"Fight","damage_taken":0,"max_hp_gain":0,"max_hp_loss":0,"event_name":"Mysterious Sphere","floor":41,"gold_loss":0},{"damage_healed":19,"gold_gain":0,"player_choice":"Writhe","damage_taken":0,"max_hp_gain":0,"max_hp_loss":0,"event_name":"Winding Halls","floor":47,"gold_loss":0,"cards_obtained":["Writhe"]}],"is_beta":false,"boss_relics":[{"not_picked":["Black Star","HolyWater"],"picked":"Calling Bell"},{"not_picked":["Astrolabe","Cursed Key"],"picked":"Sozu"}],"items_purged_floors":[4,29],"is_endless":false,"potions_floor_spawned":[1,2,11,12,14,21,27,36,37,41,44],"ascension_level":0}}