{"host":"5wwct7e0z3l0f094","time":1613461987,"event":{"mods":["AchievementEnabler","BaseMod","Downfall","Highlight Path","Minty Spire (QoL Compilation)","StSLib","SuperFastMode"],"gold_per_floor":[363,363,379,396,396,422,422,449,449,480,445,460,493,508,508,605,605,618,318,318,341,353,365,395,407,467,495,523,551,563,603,615,724,736,768,636,647,647,647,647,678,678,678,760,770,781,794,813,813,813],"floor_reached":51,"language":"ENG","playtime":2127,"items_purged":[],"score":1194,"play_id":"1b498e15-8943-4f8d-87b2-c51cb5ab8fae","local_time":"20210216025307","is_ascension_mode":true,"campfire_choices":[{"floor":7.0,"key":"REST"},{"floor":15.0,"key":"REST"},{"floor":23.0,"key":"REST"},{"floor":25.0,"key":"REST"},{"floor":32.0,"key":"REST"},{"data":"1","floor":40,"key":"LIFT"},{"floor":42,"key":"REST"},{"data":"2","floor":49,"key":"LIFT"}],"circlet_count":0,"master_deck":["AscendersBane","Strike_G","Strike_G","Strike_G","Strike_G","Strike_G","Defend_G","Defend_G+1","Defend_G","Defend_G","Defend_G","Survivor","Neutralize","Dagger Spray","Prepared","Cloak And Dagger","Wraith Form v2","Backstab","A Thousand Cuts","Blade Dance+1","Backstab","Cloak And Dagger","A Thousand Cuts","Wraith Form v2","Backstab+1","A Thousand Cuts","Decay","downfall:Bewildered","Parasite","Parasite"],"relics":["Ring of the Snake","Shuriken","Mercury Hourglass","Toy Ornithopter","Nunchaku","Omamori","White Beast Statue","Runic Dome","Ginger","MawBank","Tiny Chest","Girya","Cursed Key","Pen Nib","WarpedTongs","CaptainsWheel","Bag of Preparation","War Paint"],"acts_visited":["Exordium","TheCity","TheBeyond"],"potions_floor_usage":[33,33,41,41,47,50,50],"damage_taken":[{"damage":9.0,"enemies":"2 Louse","floor":1.0,"turns":3.0},{"damage":0.0,"enemies":"Cultist","floor":3.0,"turns":4.0},{"damage":0.0,"enemies":"Small Slimes","floor":4.0,"turns":3.0},{"damage":27.0,"enemies":"3 Sentries","floor":6.0,"turns":6.0},{"damage":26.0,"enemies":"Gremlin Nob","floor":8.0,"turns":4.0},{"damage":6.0,"enemies":"Lagavulin","floor":10.0,"turns":6.0},{"damage":4.0,"enemies":"Looter","floor":12.0,"turns":4.0},{"damage":11.0,"enemies":"3 Sentries","floor":13.0,"turns":6.0},{"damage":2.0,"enemies":"Red Slaver","floor":14.0,"turns":4.0},{"damage":41.0,"enemies":"The Guardian","floor":16.0,"turns":13.0},{"damage":28.0,"enemies":"Chosen","floor":18.0,"turns":6.0},{"damage":9.0,"enemies":"Shell Parasite","floor":21.0,"turns":5.0},{"damage":21.0,"enemies":"Centurion and Healer","floor":24.0,"turns":6.0},{"damage":10.0,"enemies":"3 Cultists","floor":27.0,"turns":5.0},{"damage":7.0,"enemies":"Snecko","floor":28.0,"turns":4.0},{"damage":1.0,"enemies":"Centurion and Healer","floor":29.0,"turns":5.0},{"damage":17.0,"enemies":"Book of Stabbing","floor":31.0,"turns":5.0},{"damage":75,"enemies":"Automaton","floor":33,"turns":10},{"damage":5,"enemies":"3 Darklings","floor":35,"turns":5},{"damage":9,"enemies":"Orb Walker","floor":37,"turns":3},{"damage":27,"enemies":"Giant Head","floor":41,"turns":7},{"damage":15,"enemies":"Writhing Mass","floor":45,"turns":6},{"damage":3,"enemies":"4 Shapes","floor":46,"turns":3},{"damage":0,"enemies":"Sphere and 2 Shapes","floor":47,"turns":4},{"damage":4,"enemies":"Writhing Mass","floor":48,"turns":7},{"damage":37,"enemies":"Donu and Deca","floor":50,"turns":8}],"seed_played":"2778551427007032136","potions_obtained":[{"floor":1.0,"key":"Swift Potion"},{"floor":6.0,"key":"Poison Potion"},{"floor":8.0,"key":"GhostInAJar"},{"floor":10.0,"key":"sneckomod:MuddlingPotion"},{"floor":14.0,"key":"FearPotion"},{"floor":16.0,"key":"DistilledChaos"},{"floor":18.0,"key":"LiquidBronze"},{"floor":21.0,"key":"Swift Potion"},{"floor":24.0,"key":"Block Potion"},{"floor":28.0,"key":"DuplicationPotion"},{"floor":29.0,"key":"bronze:BurnAndBuffPotion"},{"floor":30.0,"key":"FairyPotion"},{"floor":30.0,"key":"CultistPotion"},{"floor":31.0,"key":"Regen Potion"},{"floor":33,"key":"ColorlessPotion"},{"floor":35,"key":"SmokeBomb"},{"floor":37,"key":"GhostInAJar"},{"floor":41,"key":"Block Potion"},{"floor":45,"key":"LiquidBronze"},{"floor":47,"key":"Ancient Potion"},{"floor":48,"key":"CunningPotion"}],"is_trial":false,"path_per_floor":["M","?","M","M","T","E","R","E","T","E","?","M","E","M","R","B",null,"M","$","?","M","?","R","M","R","T","M","M","M","?","E","R","B",null,"M","$","M","?","T","R","E","R","T","T","M","M","M","M","R","B",null],"character_chosen":"THE_SILENT","items_purchased":["Ginger","Pen Nib"],"campfire_rested":6,"item_purchase_floors":[19,36],"current_hp_per_floor":[54,54,54,54,54,27,48,22,22,26,43,39,28,26,47,11,55,27,27,27,18,18,39,23,44,44,34,32,36,36,24,45,21,58,53,53,44,44,44,44,27,48,48,48,33,30,35,31,31,4],"gold":813,"neow_bonus":"TWO_FIFTY_GOLD","is_daily":false,"chose_seed":false,"campfire_upgraded":0,"win_rate":0.0,"timestamp":1613461987,"path_taken":["M","?","M","?","?","E","R","E","T","E","?","M","E","M","R","BOSS","M","$","?","M","?","R","?","R","T","M","M","M","?","E","R","BOSS","M","?","M","?","?","R","E","R","T","?","?","M","M","M","R","BOSS"],"items_purchased_type":["Relic","Relic"],"build_version":"2020-12-22","purchased_purges":0,"victory":true,"max_hp_per_floor":[70,70,70,70,70,70,70,70,70,70,70,70,70,70,70,70,70,70,70,70,70,70,70,70,70,70,70,70,70,70,70,70,70,70,70,70,70,70,70,70,70,70,70,70,70,70,70,70,70,70],"card_choices":[{"not_picked":["Cloak And Dagger","Flying Knee"],"picked":"Dagger Spray","floor":1.0},{"not_picked":["Deflect","PiercingWail","Cloak And Dagger"],"picked":"SKIP","floor":3.0},{"not_picked":["Dash","Deflect"],"picked":"Prepared","floor":4.0},{"not_picked":["All Out Attack","Sucker Punch"],"picked":"Cloak And Dagger","floor":6.0},{"not_picked":["Deflect","Cloak And Dagger"],"picked":"Wraith Form v2","floor":8.0},{"not_picked":["Prepared","Acrobatics"],"picked":"Backstab","floor":10.0},{"not_picked":["Deflect","Quick Slash","Bane"],"picked":"SKIP","floor":12.0},{"not_picked":["Endless Agony","Outmaneuver","Predator"],"picked":"SKIP","floor":13.0},{"not_picked":["Cloak And Dagger","Dagger Spray","Dagger Throw"],"picked":"SKIP","floor":14.0},{"not_picked":["Unload","Bullet Time"],"picked":"A Thousand Cuts","floor":16.0},{"not_picked":["Distraction","Bouncing Flask"],"picked":"Blade Dance","floor":18.0},{"not_picked":["Outmaneuver","Flying Knee","Slice"],"picked":"SKIP","floor":21.0},{"not_picked":["Cloak And Dagger","Acrobatics"],"picked":"Backstab","floor":24.0},{"not_picked":["Escape Plan","Bane","Backflip+1"],"picked":"SKIP","floor":27.0},{"not_picked":["Caltrops","Slice"],"picked":"Cloak And Dagger","floor":28.0},{"not_picked":["Deflect","Sucker Punch","Quick Slash"],"picked":"SKIP","floor":29.0},{"not_picked":["Calculated Gamble","Flying Knee"],"picked":"A Thousand Cuts","floor":31.0},{"not_picked":["Grand Finale","Envenom"],"picked":"Wraith Form v2","floor":33},{"not_picked":["Prepared","Sucker Punch"],"picked":"Backstab+1","floor":35},{"not_picked":["Deflect","Tactician+1","Flying Knee+1"],"picked":"SKIP","floor":37},{"not_picked":["All Out Attack+1","Dagger Spray+1"],"picked":"A Thousand Cuts","floor":41},{"not_picked":["Dagger Spray","Bane+1","Slice+1"],"picked":"SKIP","floor":45},{"not_picked":["Quick Slash","PiercingWail","Blur"],"picked":"SKIP","floor":46},{"not_picked":["Crippling Poison+1","Bouncing Flask+1","Bane+1"],"picked":"SKIP","floor":47},{"not_picked":["Poisoned Stab+1","Acrobatics+1","Cloak And Dagger"],"picked":"SKIP","floor":48}],"player_experience":333343,"relics_obtained":[{"floor":5.0,"key":"Shuriken"},{"floor":6.0,"key":"Mercury Hourglass"},{"floor":8.0,"key":"Toy Ornithopter"},{"floor":9.0,"key":"Nunchaku"},{"floor":10.0,"key":"Omamori"},{"floor":13.0,"key":"White Beast Statue"},{"floor":26.0,"key":"Tiny Chest"},{"floor":31.0,"key":"Girya"},{"floor":39,"key":"CaptainsWheel"},{"floor":41,"key":"Bag of Preparation"},{"floor":43,"key":"War Paint"}],"event_choices":[{"cards_removed":["Writhe"],"damage_healed":0.0,"max_hp_gain":0.0,"max_hp_loss":0.0,"gold_gain":0.0,"event_name":"Fountain of Cleansing","player_choice":"Removed Curses","floor":2.0,"gold_loss":0.0,"damage_taken":0.0},{"damage_healed":17.0,"max_hp_gain":0.0,"max_hp_loss":0.0,"gold_gain":0.0,"event_name":"The Cleric","player_choice":"Healed","floor":11.0,"gold_loss":35.0,"damage_taken":0.0},{"damage_healed":0.0,"max_hp_gain":0.0,"max_hp_loss":0.0,"gold_gain":0.0,"event_name":"The Mausoleum","player_choice":"Opened","floor":20.0,"gold_loss":0.0,"damage_taken":0.0,"relics_obtained":["MawBank"]},{"damage_healed":0.0,"max_hp_gain":0.0,"max_hp_loss":0.0,"gold_gain":0.0,"event_name":"The Woman in Blue","player_choice":"Bought 0 Potions","floor":22.0,"gold_loss":0.0,"damage_taken":0.0},{"damage_healed":0.0,"max_hp_gain":0.0,"max_hp_loss":0.0,"gold_gain":0.0,"event_name":"Lab","player_choice":"Got Potions","floor":30.0,"gold_loss":0.0,"damage_taken":0.0},{"damage_healed":0,"gold_gain":0,"player_choice":"Rummage","damage_taken":0,"relics_obtained":["WarpedTongs"],"max_hp_gain":0,"max_hp_loss":0,"event_name":"Accursed Blacksmith","floor":38,"gold_loss":0,"cards_obtained":["Pain"]}],"is_beta":false,"boss_relics":[{"not_picked":["Philosopher\u0027s Stone","Snecko Eye"],"picked":"Runic Dome"},{"not_picked":["Velvet Choker","Tiny House"],"picked":"Cursed Key"}],"items_purged_floors":[],"is_endless":false,"potions_floor_spawned":[1,6,8,10,14,16,18,21,24,27,28,29,31,33,35,37,41,45,46,47,48],"ascension_level":10}}