{"host":"idjwbq71yrpkph1r","time":1613516149,"event":{"mods":["Alarm Clock","BaseMod","Beaked The Cultist","Better Third Choice","Block Reminder","Colored Map","Colored Powertips","Conspire","Curses Come First","Displayed Cursed Tome","Hermit","Highlight Path","Hubris","Mimic Mod","Minty Spire (QoL Compilation)","Monster B Gone","Morshu Shopkeeper","Rare Cards Sparkle","Relic Stats","StSLib","The Blue Laboratory","The IronCluck","Wandering Minibosses","everything is the same but u backflip on backflip","slay the spire mod where everything is the same but ironclad has a cowboy hat"],"gold_per_floor":[117,133,143,66,66,66,21,37,37,51,1,1,19,52,52,148,148,160,160,173,173,173,173],"floor_reached":22,"language":"ENG","playtime":1387,"items_purged":[],"score":176,"play_id":"d9f06c70-adb7-4509-b6e6-77f6d0914e82","local_time":"20210216235549","is_ascension_mode":false,"campfire_choices":[{"data":"beaked:StickSmack","floor":6,"key":"SMITH"},{"floor":15,"key":"REST"}],"circlet_count":0,"master_deck":["beaked:Strike_Y","beaked:Strike_Y","beaked:Strike_Y","beaked:Defend_Y","beaked:Defend_Y","beaked:Defend_Y","beaked:Defend_Y","beaked:Ceremony","beaked:Ceremony","beaked:Ceremony","beaked:DigDeep+1","beaked:Evade","beaked:MimicWarrior","beaked:StickSmack+1","beaked:Daydream","beaked:Tweet","beaked:DigDeep","beaked:KnowThyFoe","beaked:Evade"],"relics":["beaked:MendingPlumage","Bronze Scales","hubris:OldNail","conspire:RunicOctahedron"],"acts_visited":["Exordium","TheCity"],"potions_floor_usage":[13,13],"damage_taken":[{"damage":13,"enemies":"2 Louse","floor":1,"turns":4},{"damage":17,"enemies":"Cultist","floor":2,"turns":5},{"damage":11,"enemies":"Jaw Worm","floor":3,"turns":6},{"damage":34,"enemies":"3 Louse","floor":8,"turns":5},{"damage":19,"enemies":"Blue Slaver","floor":10,"turns":4},{"damage":16,"enemies":"Lots of Slimes","floor":13,"turns":5},{"damage":56,"enemies":"conspire:MimicChest","floor":14,"turns":7},{"damage":48,"enemies":"Slime Boss","floor":16,"turns":10},{"damage":62,"enemies":"Shell Parasite","floor":18,"turns":7},{"damage":42,"enemies":"3 Byrds","floor":20,"turns":4},{"damage":8,"enemies":"Centurion and Healer","floor":22,"turns":1}],"seed_played":"-6994411439269303730","potions_obtained":[{"floor":2,"key":"Fire Potion"},{"floor":8,"key":"BlessingOfTheForge"},{"floor":10,"key":"blueLaboratory:AbyssPotion"},{"floor":14,"key":"Block Potion"},{"floor":18,"key":"Strength Potion"}],"is_trial":false,"path_per_floor":["M","M","M","$","?","R","$","M","T","M","?","?","M","?","R","B",null,"M","?","M","?","M"],"character_chosen":"BEAKED_THE_CULTIST","items_purchased":["beaked:StickSmack","beaked:Daydream"],"campfire_rested":1,"item_purchase_floors":[4,7],"current_hp_per_floor":[49,44,54,54,54,54,54,43,43,42,42,42,50,30,46,48,55,41,41,12,3,0,0],"gold":173,"neow_bonus":"TEN_PERCENT_HP_BONUS","is_daily":false,"chose_seed":false,"campfire_upgraded":1,"win_rate":0.0,"timestamp":1613516149,"path_taken":["M","M","M","$","?","R","?","M","T","M","?","?","M","?","R","BOSS","M","?","?","?","M"],"items_purchased_type":["Card","Card"],"build_version":"2020-12-22","purchased_purges":0,"victory":false,"max_hp_per_floor":[55,55,55,55,55,55,55,55,55,55,55,55,55,55,55,55,55,55,55,55,60,60,60],"relic_stats":{"counters":[11,58],"Bronze Scales":[158],"obtain_stats":[{"Bronze Scales":9,"conspire:RunicOctahedron":17,"beaked:MendingPlumage":0,"hubris:OldNail":14},{"Bronze Scales":4,"conspire:RunicOctahedron":8,"beaked:MendingPlumage":0,"hubris:OldNail":7},{"Bronze Scales":20,"conspire:RunicOctahedron":46,"beaked:MendingPlumage":0,"hubris:OldNail":36}]},"card_choices":[{"not_picked":["beaked:Resilience","beaked:BloodRitual"],"picked":"beaked:DigDeep","floor":1},{"not_picked":["beaked:Flinch","beaked:Resilience"],"picked":"beaked:Evade","floor":2},{"not_picked":["beaked:Insight","beaked:Flinch"],"picked":"beaked:MimicWarrior","floor":3},{"not_picked":["beaked:Pecker","beaked:Evade","beaked:BarbedWire"],"picked":"SKIP","floor":8},{"not_picked":["beaked:Windmill","beaked:MaddeningMurmurs"],"picked":"beaked:Tweet","floor":10},{"not_picked":["beaked:BounceBack","beaked:BraceForImpact","beaked:FeelMyPain"],"picked":"SKIP","floor":13},{"not_picked":["beaked:Resilience","beaked:WindBringer"],"picked":"beaked:DigDeep","floor":14},{"not_picked":["beaked:SacrificialScars","beaked:Sacrifice"],"picked":"beaked:KnowThyFoe","floor":16},{"not_picked":["beaked:TuckingFeathers","beaked:Brace","beaked:Daydream+1"],"picked":"SKIP","floor":18},{"not_picked":["beaked:Resilience+1","beaked:Mantra"],"picked":"beaked:Evade","floor":20}],"player_experience":371532,"relics_obtained":[{"floor":9,"key":"Bronze Scales"},{"floor":14,"key":"hubris:OldNail"}],"event_choices":[{"cards_removed":["beaked:Strike_Y"],"damage_healed":0,"gold_gain":0,"player_choice":"Offered Basic","damage_taken":0,"max_hp_gain":0,"max_hp_loss":0,"event_name":"Bonfire Elementals","floor":5,"gold_loss":0},{"cards_removed":["beaked:Strike_Y"],"damage_healed":0,"gold_gain":0,"player_choice":"Card Removal","damage_taken":0,"max_hp_gain":0,"max_hp_loss":0,"event_name":"The Cleric","floor":11,"gold_loss":50},{"damage_healed":0,"gold_gain":0,"player_choice":"Grow","damage_taken":0,"max_hp_gain":0,"max_hp_loss":0,"event_name":"Living Wall","floor":12,"gold_loss":0,"cards_upgraded":["beaked:DigDeep"]},{"cards_removed":["beaked:Strike_Y"],"damage_healed":0,"gold_gain":0,"player_choice":"Purged","damage_taken":0,"max_hp_gain":0,"max_hp_loss":0,"event_name":"Purifier","floor":19,"gold_loss":0},{"damage_healed":0,"gold_gain":0,"player_choice":"Shed Blood","damage_taken":14,"max_hp_gain":5,"max_hp_loss":0,"event_name":"Forgotten Altar","floor":21,"gold_loss":0}],"is_beta":false,"boss_relics":[{"not_picked":["hubris:Backtick","beaked:MawFillet"],"picked":"conspire:RunicOctahedron"}],"items_purged_floors":[],"is_endless":false,"potions_floor_spawned":[2,8,10,14,18,20],"killed_by":"Centurion and Healer","ascension_level":0}}