{"host":"mw3dmj42qtkbha4b","time":1613481611,"event":{"mods":["BaseMod","Colored Map","Colored Powertips","DeckTracker","Minty Spire (QoL Compilation)","StSLib","SuperFastMode"],"gold_per_floor":[116,9,9,9,19,19,50,50,50,81,99,99,133,133,133,212,262,282,282,302,217,22,22,22],"floor_reached":23,"language":"KOR","playtime":601,"items_purged":[],"score":485,"play_id":"a20e8bc4-3c30-4784-a588-9c80e6a93348","local_time":"20210216222011","is_ascension_mode":true,"campfire_choices":[{"data":"Vigilance","floor":6,"key":"SMITH"},{"data":"Strike_P","floor":15,"key":"SMITH"}],"circlet_count":0,"master_deck":["AscendersBane","Strike_P","Strike_P","Strike_P","Strike_P+1","Defend_P+1","Defend_P+1","Defend_P+1","Defend_P+1","Eruption+1","Vigilance+1","Apotheosis"],"relics":["PureWater","NeowsBlessing","StrikeDummy","Strawberry","Juzu Bracelet","War Paint","Tiny House","White Beast Statue"],"acts_visited":["Exordium","TheCity"],"potions_floor_usage":[6,10,13,16,18,20,23],"damage_taken":[{"damage":0,"enemies":"Cultist","floor":1,"turns":1},{"damage":0,"enemies":"Small Slimes","floor":5,"turns":1},{"damage":0,"enemies":"Gremlin Nob","floor":7,"turns":1},{"damage":25,"enemies":"3 Sentries","floor":10,"turns":9},{"damage":0,"enemies":"Jaw Worm","floor":11,"turns":2},{"damage":10,"enemies":"Lagavulin","floor":13,"turns":4},{"damage":15,"enemies":"The Guardian","floor":16,"turns":11},{"damage":10,"enemies":"Spheric Guardian","floor":18,"turns":4},{"damage":28,"enemies":"2 Thieves","floor":20,"turns":3},{"damage":42,"enemies":"Book of Stabbing","floor":23,"turns":2}],"seed_played":"8592476102006461379","potions_obtained":[{"floor":5,"key":"CultistPotion"},{"floor":10,"key":"AttackPotion"},{"floor":13,"key":"FearPotion"},{"floor":16,"key":"FairyPotion"},{"floor":17,"key":"BottledMiracle"},{"floor":18,"key":"Energy Potion"},{"floor":20,"key":"BottledMiracle"}],"is_trial":false,"path_per_floor":["M","$","?","$","M","R","E","$","T","E","M","T","E","?","R","B",null,"M","?","M","?","$","E"],"character_chosen":"WATCHER","items_purchased":["Fruit Juice","Apotheosis"],"campfire_rested":0,"item_purchase_floors":[2,22],"current_hp_per_floor":[61,61,41,41,41,46,46,46,46,28,28,28,18,23,23,8,71,61,34,6,6,6,0,0],"gold":22,"neow_bonus":"THREE_ENEMY_KILL","is_daily":false,"chose_seed":false,"campfire_upgraded":2,"win_rate":0.0,"timestamp":1613481611,"path_taken":["M","?","?","?","M","R","E","$","T","E","M","?","E","?","R","BOSS","M","?","M","?","$","E"],"items_purchased_type":["Potion","Card"],"build_version":"2020-12-22","purchased_purges":0,"victory":false,"max_hp_per_floor":[68,68,68,68,68,73,73,73,73,80,80,80,80,85,85,85,90,90,95,95,95,95,95,95],"card_choices":[{"not_picked":["Crescendo","WaveOfTheHand","CrushJoints"],"picked":"SKIP","floor":1},{"not_picked":["FollowUp","SashWhip","CarveReality"],"picked":"SKIP","floor":5},{"not_picked":["InnerPeace","Collect","JustLucky"],"picked":"SKIP","floor":7},{"not_picked":["WreathOfFlame","Tantrum","Protect"],"picked":"SKIP","floor":10},{"not_picked":["Vengeance","CrushJoints","CutThroughFate"],"picked":"SKIP","floor":11},{"not_picked":["Prostrate","ThirdEye","Sanctity"],"picked":"SKIP","floor":13},{"not_picked":["WaveOfTheHand","Weave","FlurryOfBlows"],"picked":"SKIP","floor":18},{"not_picked":["Protect","PathToVictory","FollowUp"],"picked":"SKIP","floor":20}],"player_experience":1817251,"relics_obtained":[{"floor":7,"key":"StrikeDummy"},{"floor":10,"key":"Strawberry"},{"floor":12,"key":"Juzu Bracelet"},{"floor":13,"key":"War Paint"}],"event_choices":[{"damage_healed":0,"gold_gain":0,"player_choice":"Entered Light","damage_taken":20,"max_hp_gain":0,"max_hp_loss":0,"event_name":"Shining Light","floor":3,"gold_loss":0,"cards_upgraded":["Eruption","Defend_P"]},{"damage_healed":0,"gold_gain":0,"player_choice":"Donut","damage_taken":0,"max_hp_gain":5,"max_hp_loss":0,"event_name":"Big Fish","floor":14,"gold_loss":0},{"damage_healed":0,"gold_gain":0,"player_choice":"Shed Blood","damage_taken":32,"max_hp_gain":5,"max_hp_loss":0,"event_name":"Forgotten Altar","floor":19,"gold_loss":0},{"damage_healed":0,"gold_gain":0,"player_choice":"Obtained Relic","damage_taken":0,"relics_obtained":["White Beast Statue"],"max_hp_gain":0,"max_hp_loss":0,"event_name":"Addict","floor":21,"gold_loss":85}],"is_beta":false,"boss_relics":[{"not_picked":["Velvet Choker","VioletLotus"],"picked":"Tiny House"}],"items_purged_floors":[],"is_endless":false,"potions_floor_spawned":[5,10,13,16,18,20],"killed_by":"Book of Stabbing","ascension_level":20}}