{"host":"ln8zowmpyx5bxamj","time":1613514951,"event":{"mods":["Act Like it!","BaseMod","Colored Map","Conspire","Gensokyo","GifTheSpireLib","Hallownest","Hubris","Minty Spire (QoL Compilation)","Permanent Neow","Prisma Mod","Replay The Spire","StSLib"],"gold_per_floor":[111,111,122,156,174,208,208,240,240,269,269,283,283,310,310,407,407,423,442,362,373,430,464,480,510,510,544,544,654,674,714,714,815,815,825,839,839,839,891,891,928,958,1011,1052,1080,1080,1080,1110,1110,1118],"floor_reached":51,"language":"ENG","playtime":9324,"items_purged":[],"score":1171,"play_id":"bd0cc40c-5524-4b2f-8e66-710604a582d4","local_time":"20210216163551","is_ascension_mode":true,"campfire_choices":[{"floor":7.0,"key":"REST"},{"floor":13.0,"key":"REST"},{"data":"PrismaMod:ChloeAnyPowerTrace","floor":15.0,"key":"SMITH"},{"data":"PrismaMod:ChloeUnlimitedBladeWorks","floor":28.0,"key":"SMITH"},{"floor":32.0,"key":"DIG"},{"floor":40.0,"key":"REST"},{"data":"PrismaMod:ChloeRhongomyniad","floor":47.0,"key":"SMITH"},{"data":"PrismaMod:ChloeDemonicTutor","floor":49.0,"key":"SMITH"}],"circlet_count":1,"master_deck":["PrismaMod:ChloeCommonAttack","PrismaMod:ChloeCommonAttack","PrismaMod:ChloeCommonAttack","PrismaMod:ChloeCommonAttack+1","PrismaMod:ChloeCommonAttack","PrismaMod:ChloeCommonDefend","PrismaMod:ChloeCommonDefend","PrismaMod:ChloeCommonDefend+1","PrismaMod:ChloeCommonDefend","PrismaMod:ChloeCommonDefend","PrismaMod:ChloeCheapAttack","PrismaMod:ChloeCheapDefend","PrismaMod:ChloeUnlimitedBladeWorks+1","PrismaMod:ChloeEyeOfTheEuryale","PrismaMod:ChloeRhongomyniad+1","PrismaMod:ChloeDemonicTutor+1","PrismaMod:ChloeAnyPowerTrace+1","PrismaMod:ChloeAnyRareTrace","Hallownest:skillCityofTearsMap","PrismaMod:ChloeRitsuka","PrismaMod:ChloeCarnivalAttack","PrismaMod:ChloeMordred","PrismaMod:ChloeCarnivalDefend","PrismaMod:ChloeUncommonDefend"],"relics":["PrismaMod:PrismaTraceOn","hubris:Towel","Regal Pillow","Unceasing Top","Boot","Matryoshka","Durian","Hallownest:DreamNailRelic","Dream Catcher","hubris:RunicObelisk","hubris:TenFootPole","Gremlin Horn","Replay:Bottled Snecko","Frozen Egg 2","conspire:BottledYoYo","Vajra","Replay:Baseball","Bag of Preparation","Philosopher\u0027s Stone","Hallownest:HeavyBlowRelic","PreservedInsect","hubris:CuriousFeather","hubris:BundleOfHerbs","HandDrill","Replay:Bandana","ReplayTheSpireMod:TigerMarble","Chameleon Ring","hubris:SlimyHat","Golden Egg","Circlet"],"acts_visited":["Exordium","Hallownest:Greenpath","Hallownest:CityofTears"],"potions_floor_usage":[50],"damage_taken":[{"damage":0.0,"enemies":"Hallownest:monsterHuskWarrior","floor":1.0,"turns":3.0},{"damage":0.0,"enemies":"Hallownest:monsterHuskGuard","floor":3.0,"turns":4.0},{"damage":27.0,"enemies":"Hallownest:eliteMossKnight","floor":4.0,"turns":9.0},{"damage":3.0,"enemies":"Hallownest:2_MossCreeps","floor":5.0,"turns":5.0},{"damage":0.0,"enemies":"Hallownest:eliteMossKnight","floor":6.0,"turns":6.0},{"damage":0.0,"enemies":"Hallownest:eliteCrystalGuardian","floor":8.0,"turns":5.0},{"damage":19.0,"enemies":"Hallownest:eliteMossKnight","floor":10.0,"turns":5.0},{"damage":13.0,"enemies":"Hallownest:1_Ooma_and_2_Uuma","floor":12.0,"turns":4.0},{"damage":13.0,"enemies":"Hallownest:eliteVengeflyKing","floor":14.0,"turns":8.0},{"damage":0.0,"enemies":"Hallownest:BossBrokenVessel","floor":16.0,"turns":13.0},{"damage":7.0,"enemies":"Hallownest:3_Youths","floor":18.0,"turns":5.0},{"damage":0.0,"enemies":"Hallownest:2_Mistakes","floor":19.0,"turns":5.0},{"damage":10.0,"enemies":"Hallownest:3_Mistakes","floor":21.0,"turns":10.0},{"damage":7.0,"enemies":"Hallownest:Glutton_and_Coward","floor":22.0,"turns":5.0},{"damage":0.0,"enemies":"Hallownest:eliteSoulWarrior","floor":23.0,"turns":6.0},{"damage":0.0,"enemies":"Hallownest:Warrior_and_Youth","floor":24.0,"turns":5.0},{"damage":2.0,"enemies":"Hallownest:eliteWatcherKnight","floor":25.0,"turns":13.0},{"damage":0.0,"enemies":"Hallownest:Nosk","floor":27.0,"turns":6.0},{"damage":0.0,"enemies":"Hallownest:monsterShrumalOgre","floor":30.0,"turns":4.0},{"damage":6.0,"enemies":"Hallownest:Glutton_and_Coward","floor":31.0,"turns":6.0},{"damage":4.0,"enemies":"Hallownest:BossGrimm","floor":33.0,"turns":6.0},{"damage":0.0,"enemies":"Hallownest:Shield_Heavy","floor":35.0,"turns":6.0},{"damage":0.0,"enemies":"Hallownest:3_Siblings","floor":36.0,"turns":6.0},{"damage":0.0,"enemies":"Hallownest:StalkingDevout","floor":41.0,"turns":4.0},{"damage":0.0,"enemies":"Hallownest:2_Soldiers_and_1_Guardian","floor":42.0,"turns":6.0},{"damage":0.0,"enemies":"Hallownest:eliteHiveKnight","floor":44.0,"turns":6.0},{"damage":0.0,"enemies":"Hallownest:Xero_Hu_Marmu","floor":45.0,"turns":4.0},{"damage":0.0,"enemies":"Hallownest:Slobbering_and_Violent","floor":48.0,"turns":4.0},{"damage":4,"enemies":"Hallownest:BossGreyPrinceZote","floor":50,"turns":7}],"seed_played":"-3443818953324041348","potions_obtained":[{"floor":5.0,"key":"Dexterity Potion"},{"floor":6.0,"key":"EntropicBrew"},{"floor":10.0,"key":"Languid Potion"},{"floor":14.0,"key":"EssenceOfSteel"},{"floor":18.0,"key":"PowerPotion"},{"floor":19.0,"key":"Toxic Potion"},{"floor":25.0,"key":"Swift Potion"},{"floor":29.0,"key":"LifebloodPotion"},{"floor":29.0,"key":"BlessingOfTheForge"},{"floor":31.0,"key":"EssenceOfSteel"},{"floor":33.0,"key":"PowerPotion"},{"floor":36.0,"key":"BlessingOfTheForge"},{"floor":41.0,"key":"AttackPotion"},{"floor":42.0,"key":"GamblersBrew"},{"floor":45.0,"key":"BlessingOfTheForge"},{"floor":48.0,"key":"Swift Potion"}],"is_trial":false,"path_per_floor":["M","?","M","?","M","E","R","E","T","E","?","M","R","E","R_BF","B",null,"M","M","?","M","M","E","M","E","T","E","R","?","M","M","R_BF","B",null,"M","M","?","$","T","R","E","M","T","E","M","?","R","M","R_BF","B",null],"character_chosen":"CHLOE","items_purchased":["PreservedInsect","hubris:CuriousFeather","hubris:BundleOfHerbs","HandDrill","Replay:Bandana"],"campfire_rested":3,"item_purchase_floors":[38,38,38,38,38],"current_hp_per_floor":[75,75,75,48,45,45,75,75,75,61,61,48,80,80,80,82,82,82,82,82,82,82,82,82,82,82,82,82,66,66,82,82,78,82,82,82,82,12,12,51,51,82,82,82,85,85,85,85,85,85],"gold":1118,"neow_bonus":"RANDOM_EVENT","is_daily":false,"chose_seed":false,"campfire_upgraded":4,"win_rate":0.0,"timestamp":1613514951,"path_taken":["M","?","M","?","M","E","R","E","T","E","?","?","R","E","R_BF","BOSS","M","M","?","M","M","E","M","E","T","E","R","?","M","?","R_BF","BOSS","M","M","?","?","?","R","E","M","T","E","?","?","R","M","R_BF","BOSS"],"items_purchased_type":["Relic","Relic","Relic","Relic","Relic"],"build_version":"2020-12-22","purchased_purges":0,"victory":true,"max_hp_per_floor":[75,75,75,75,75,75,75,75,75,80,80,80,80,80,80,82,82,82,82,82,82,82,82,82,82,82,82,82,82,82,82,82,82,82,82,82,82,82,82,82,82,82,82,82,85,85,85,85,85,85],"card_choices":[{"not_picked":["PrismaMod:ChloeCheapAttack","PrismaMod:ChloeCheapAttackTwo"],"picked":"PrismaMod:ChloeUnlimitedBladeWorks","floor":1.0},{"not_picked":["PrismaMod:ChloeCheapAttack","PrismaMod:ChloeExhaustOne"],"picked":"PrismaMod:ChloeRhongomyniad","floor":3.0},{"not_picked":["PrismaMod:ChloeCheapDefendTwo","PrismaMod:ChloeCheapAttackTwo"],"picked":"PrismaMod:ChloeDemonicTutor","floor":4.0},{"not_picked":["PrismaMod:ChloeExhaustOne","PrismaMod:ChloeBetterTracePools","PrismaMod:ChloeHalloween"],"picked":"SKIP","floor":5.0},{"not_picked":["PrismaMod:ChloeDiscardRecovery","PrismaMod:ChloeCommonAOEAttack"],"picked":"PrismaMod:ChloeAnyPowerTrace","floor":6.0},{"not_picked":["PrismaMod:ChloeCheapDefend","PrismaMod:ChloeEyeOfTheEuryale","PrismaMod:ChloeCheapDefendTwo"],"picked":"SKIP","floor":8.0},{"not_picked":["PrismaMod:ChloeExhaustTwo","PrismaMod:ChloeDiscardRecovery","PrismaMod:ChloeRuleBreaker"],"picked":"SKIP","floor":10.0},{"not_picked":["PrismaMod:ChloeRuleBreaker","PrismaMod:ChloeCheapDefendTwo","PrismaMod:ChloeDiscardRecovery"],"picked":"SKIP","floor":12.0},{"not_picked":["PrismaMod:ChloeMordred","PrismaMod:ChloeBetterTracePools","PrismaMod:ChloeCheapDefendTwo"],"picked":"SKIP","floor":14.0},{"not_picked":["PrismaMod:ChloeCarnivalAOEAttack","PrismaMod:ChloeAnyCommonTrace"],"picked":"PrismaMod:ChloeAnyRareTrace","floor":16.0},{"not_picked":["PrismaMod:ChloeMordred","PrismaMod:ChloeEyeOfTheEuryale","PrismaMod:ChloeCheapDefend"],"picked":"SKIP","floor":18.0},{"not_picked":["PrismaMod:ChloeRitsuka","PrismaMod:ChloeCheapDefend","PrismaMod:ChloeCheapAttackTwo+1"],"picked":"SKIP","floor":19.0},{"not_picked":["PrismaMod:ChloeCheapAttackTwo","PrismaMod:ChloeCaladbolg"],"picked":"PrismaMod:ChloeRitsuka","floor":21.0},{"not_picked":["PrismaMod:ChloeCommonAOEAttack","PrismaMod:ChloeCheapDefendTwo","PrismaMod:ChloeExhaustOne"],"picked":"SKIP","floor":22.0},{"not_picked":["PrismaMod:ChloeCheapDefendTwo+1","PrismaMod:ChloeUncommonAOEAttack"],"picked":"PrismaMod:ChloeCarnivalAttack","floor":23.0},{"not_picked":["PrismaMod:ChloeMaid","PrismaMod:ChloeGaeBolg"],"picked":"PrismaMod:ChloeMordred","floor":24.0},{"not_picked":["PrismaMod:ChloeDiscardRecovery+1","PrismaMod:ChloeMordred+1"],"picked":"PrismaMod:ChloeCarnivalDefend","floor":25.0},{"not_picked":["PrismaMod:ChloeCheapDefend","PrismaMod:ChloeUncommonAOEAttack","PrismaMod:ChloeDiscardRecovery+1"],"picked":"SKIP","floor":27.0},{"not_picked":["PrismaMod:ChloeRuleBreaker","PrismaMod:ChloeCheapDefendTwo+1","PrismaMod:ChloeExhaustOne"],"picked":"SKIP","floor":30.0},{"not_picked":["PrismaMod:ChloeCaladbolg","PrismaMod:ChloeGreatTracePools+1"],"picked":"PrismaMod:ChloeUncommonDefend","floor":31.0},{"not_picked":["PrismaMod:ChloeRhongomyniad","PrismaMod:ChloeCheapDefend+1","PrismaMod:ChloeExhaustTwo"],"picked":"SKIP","floor":35.0},{"not_picked":["PrismaMod:ChloeRuleBreaker","PrismaMod:ChloeCheapDefendTwo","PrismaMod:ChloeCarnivalAttack"],"picked":"SKIP","floor":36.0},{"not_picked":["PrismaMod:ChloeDiscardRecovery+1","PrismaMod:ChloeAnySkillTrace","PrismaMod:ChloeUncommonDefend+1"],"picked":"SKIP","floor":41.0},{"not_picked":["PrismaMod:ChloeExhaustOne","PrismaMod:ChloeUncommonAttack","PrismaMod:ChloeCheapDefendTwo+1"],"picked":"SKIP","floor":42.0},{"not_picked":["PrismaMod:ChloeExhaustTwo","PrismaMod:ChloeUncommonAttack","PrismaMod:ChloeCheapDefendTwo+1"],"picked":"SKIP","floor":44.0},{"not_picked":["PrismaMod:ChloeCheapDefendTwo","PrismaMod:ChloeCheapAttackTwo+1","PrismaMod:ChloeChristmas+1"],"picked":"SKIP","floor":45.0},{"not_picked":["PrismaMod:ChloeUncommonAOEAttack+1","PrismaMod:ChloeMaid","PrismaMod:ChloeExhaustTwo"],"picked":"SKIP","floor":48.0}],"player_experience":413618,"relics_obtained":[{"floor":4.0,"key":"Regal Pillow"},{"floor":6.0,"key":"Unceasing Top"},{"floor":8.0,"key":"Boot"},{"floor":9.0,"key":"Matryoshka"},{"floor":10.0,"key":"Durian"},{"floor":14.0,"key":"Dream Catcher"},{"floor":23.0,"key":"hubris:TenFootPole"},{"floor":25.0,"key":"Gremlin Horn"},{"floor":26.0,"key":"Replay:Bottled Snecko"},{"floor":26.0,"key":"Frozen Egg 2"},{"floor":27.0,"key":"conspire:BottledYoYo"},{"floor":29.0,"key":"Vajra"},{"floor":29.0,"key":"Replay:Baseball"},{"floor":32.0,"key":"Bag of Preparation"},{"floor":39.0,"key":"ReplayTheSpireMod:TigerMarble"},{"floor":41.0,"key":"Chameleon Ring"},{"floor":43.0,"key":"hubris:SlimyHat"},{"floor":44.0,"key":"Golden Egg"}],"event_choices":[],"is_beta":false,"boss_relics":[{"not_picked":["hubris:GrandSneckoEye","Honey Jar"],"picked":"hubris:RunicObelisk"},{"not_picked":["ReplayTheSpireMod:DimensionalGlitch","Kintsugi"],"picked":"Philosopher\u0027s Stone"}],"items_purged_floors":[],"is_endless":false,"potions_floor_spawned":[5,6,10,14,18,19,25,31,33,36,41,42,45,48],"ascension_level":1}}