{"host":"hkj1blq6xqcrzx6o","time":1613490981,"event":{"mods":["Act Like it!","BaseMod","Downfall","Gensokyo","Lobotomy","Marisa£®ÏF”Í°°ƒß¿Ì…≥£©","Minty Spire (QoL Compilation)","Quick Restart","Reimu£®≤©¿ˆ¡È√Œ£©","Remilia£®¿Ÿ√◊¿Ú—«£©","Replay The Spire","StSLib","The Servant 0.9.4","Youmu£®ªÍ∆«—˝√Œ£©"],"gold_per_floor":[99,114,185,185,198,198,198,216,234,234,244,261,0,12,26,130,130,130,150,162,162,179,179,202,233,243,243,150,150,162,42,52,171,221,221,217,127,143,143,194,194,209,225,225,242,5,20,57,68,68],"floor_reached":51,"language":"ZHS","playtime":2256,"items_purged":[],"score":744,"play_id":"53333914-1816-429e-9776-0abd3a987185","local_time":"20210216235621","is_ascension_mode":false,"campfire_choices":[{"data":"expansioncontent:StudyTheSpire","floor":18.0,"key":"SMITH"},{"floor":29,"key":"REST"}],"circlet_count":0,"master_deck":["Strike_RM","Strike_RM","Strike_RM","Defend_RM","Defend_RM","Defend_RM","Defend_RM","RedMoon","ScarletShoot","Strike_R+1","m_BronzeSurvivor","BloodHunter","MiserableFate","VampireSweep","BombardNight","Gensokyo:CrescentMoonSlash","BloodAndWine","NightDance","HunterOfTheNight+1","SuperhumanBloodyKnife+1","VampireFantasy","expansioncontent:StudyTheSpire+1","ScarletCoffin","ForbiddenFruit","ScarletDream","BloodRain","NightDance","Stigmanizer+1","Gensokyo:MenInBlack","ScarletSymphony","CleanRite:ReiMu+1","Stigmanizer+1","FavorOfDestiny","LeisurelyOfLord","DemonKingCradle","GlobalNightmare","Gensokyo:CustomPotion","FitfulNightmare","DevilSight","EternalNight+1","Ultimatum+1","Gensokyo:BlemishedSteel","ScarletSymphony","MastersStateliness+1"],"relics":["ScarletHat","Replay:Multitool","Replay:Mystery Machine","Gensokyo:OccultBall","AntiCross","SacredBark","Vajra","Happy Flower","Gensokyo:SpiderMask","Simple Rune","Tiny House","Onion Ring","Blue Candle","Replay:Wax Seal","Shuriken","ClockworkSouvenir"],"acts_visited":["Exordium","Gensokyo:Gensokyo","Gensokyo:Gensokyoer"],"potions_floor_usage":[33,33,42,50,50,50],"damage_taken":[{"damage":0.0,"enemies":"Gensokyo:Gryphon","floor":2.0,"turns":3.0},{"damage":0.0,"enemies":"Gensokyo:3_Fairies","floor":5.0,"turns":6.0},{"damage":7.0,"enemies":"Gensokyo:Python","floor":8.0,"turns":3.0},{"damage":1.0,"enemies":"Gensokyo:Gryphon_and_Rabbit","floor":9.0,"turns":3.0},{"damage":0.0,"enemies":"Gensokyo:2_Rabbits","floor":11.0,"turns":3.0},{"damage":15.0,"enemies":"Gensokyo:CorruptedTreant","floor":12.0,"turns":2.0},{"damage":2.0,"enemies":"downfall:FleeingMerchant","floor":13.0,"turns":4.0},{"damage":0.0,"enemies":"Gensokyo:LivingMonolith","floor":14.0,"turns":1.0},{"damage":2.0,"enemies":"Gensokyo:Kitsune","floor":15.0,"turns":3.0},{"damage":14.0,"enemies":"WA_ARCHETYPE_RETAIN","floor":16.0,"turns":5.0},{"damage":5.0,"enemies":"Gensokyo:AngelMirror","floor":19.0,"turns":1.0},{"damage":0.0,"enemies":"Gensokyo:2_Gloops","floor":20.0,"turns":2.0},{"damage":26.0,"enemies":"Gensokyo:Swordslinger","floor":22.0,"turns":5.0},{"damage":21.0,"enemies":"Gensokyo:Koishi","floor":25.0,"turns":3.0},{"damage":19,"enemies":"Gensokyo:Wraith","floor":26,"turns":4},{"damage":15,"enemies":"Gensokyo:Slime_Group","floor":30,"turns":3},{"damage":12,"enemies":"Gensokyo:Monolith_and_Dog","floor":32,"turns":4},{"damage":11,"enemies":"SI_MIRROR_ARCHETYPE","floor":33,"turns":8},{"damage":13,"enemies":"Gensokyo:AncientGuardian","floor":36,"turns":4},{"damage":11,"enemies":"Gensokyo:3_Boulders","floor":38,"turns":5},{"damage":5,"enemies":"Gensokyo:AtlasGolem","floor":42,"turns":4},{"damage":14,"enemies":"Gensokyo:4_Bats","floor":43,"turns":4},{"damage":1,"enemies":"Gensokyo:Sharpion","floor":45,"turns":2},{"damage":2,"enemies":"Gensokyo:Rafflesia","floor":47,"turns":3},{"damage":11,"enemies":"Gensokyo:SeedOfUnknown","floor":48,"turns":5},{"damage":28,"enemies":"Gensokyo:Dusk_and_Dawn","floor":49,"turns":4},{"damage":17,"enemies":"IC_BLOCK_ARCHETYPE","floor":50,"turns":4}],"seed_played":"6533257228534533846","potions_obtained":[{"floor":2.0,"key":"Elixir"},{"floor":5.0,"key":"Ancient Potion"},{"floor":14.0,"key":"Dexterity Potion"},{"floor":15.0,"key":"Languid Potion"},{"floor":26,"key":"Adrenaline Potion"},{"floor":30,"key":"Block Potion"},{"floor":33,"key":"Swift Potion"},{"floor":34,"key":"FearPotion"},{"floor":42,"key":"Adrenaline Potion"},{"floor":43,"key":"Milkshake"},{"floor":47,"key":"BlessingOfTheForge"},{"floor":48,"key":"Ancient Potion"}],"is_trial":false,"path_per_floor":["R","M","?","?","M","R","T","M","M","?","M","M","$","M","M","B",null,"R","M","M","?","M","?","T","E","M","R","COS","R","M","?","M","B",null,"R","M","?","M","?","T","T","M","M","?","M","COS","M","M","M","B",null],"character_chosen":"REMILIA","items_purchased":["expansioncontent:StudyTheSpire","ScarletCoffin"],"campfire_rested":1,"item_purchase_floors":[13,13],"current_hp_per_floor":[75,75,57,57,59,48,48,44,44,44,47,32,42,45,43,36,75,75,70,70,68,42,42,42,21,2,22,22,42,29,29,27,40,73,73,60,60,51,46,46,46,49,40,40,51,51,59,50,24,32],"gold":68,"neow_bonus":"ONE_RARE_RELIC","is_daily":false,"chose_seed":false,"campfire_upgraded":1,"win_rate":0.0,"timestamp":1613490981,"path_taken":["R","M","?","?","M","R","T","?","?","?","?","M","$","M","M","BOSS","R","M","M","?","?","?","T","E","M","R","COS","R","M","?","M","BOSS","R","M","?","?","?","?","T","M","?","?","M","COS","M","?","M","BOSS"],"items_purchased_type":["Card","Card"],"build_version":"2020-12-22","purchased_purges":0,"victory":true,"max_hp_per_floor":[75,75,75,75,75,75,75,75,75,75,75,75,75,75,75,75,75,75,75,75,68,68,68,68,68,68,68,68,68,68,68,68,68,73,73,73,73,73,73,73,73,73,73,73,73,73,73,73,73,73],"card_choices":[{"not_picked":["VampireKiss","UltimateOffering"],"picked":"MiserableFate","floor":2.0},{"not_picked":["UltimateOffering","EndlessAdversity"],"picked":"VampireSweep","floor":3.0},{"not_picked":["VampireSweep","BlasphemousPunishment"],"picked":"DevilSight","floor":3.0},{"not_picked":["Stigmanizer","CharismaGuard"],"picked":"BombardNight","floor":5.0},{"not_picked":["BombardNight","Septette"],"picked":"BloodAndWine","floor":8.0},{"not_picked":["MiserableFate","ScarletDevil"],"picked":"NightDance","floor":9.0},{"not_picked":["BloodyTrap","VampireSweep"],"picked":"HunterOfTheNight","floor":11.0},{"not_picked":["VampireKiss","ScarletImprint"],"picked":"SuperhumanBloodyKnife","floor":12.0},{"not_picked":["TwelveNightmare","StarOfDavid"],"picked":"VampireFantasy","floor":13.0},{"not_picked":["ScarletDevil","BlasphemousPunishment"],"picked":"ForbiddenFruit","floor":14.0},{"not_picked":["DiffusionOfMisfortune","FitfulNightmare"],"picked":"ScarletDream","floor":15.0},{"not_picked":["ChaoticDestiny","BloodyCatastrophe"],"picked":"BloodRain","floor":16.0},{"not_picked":["BloodHunter","VampireKiss"],"picked":"NightDance","floor":19.0},{"not_picked":["StarOfDavid","BloodyMagicSquare"],"picked":"Stigmanizer+1","floor":20.0},{"not_picked":["Gensokyo:TurboGranny","Gensokyo:SpontaneousHumanCombustion"],"picked":"Gensokyo:MenInBlack","floor":21.0},{"not_picked":["VampireSweep+1","TricksterDevil"],"picked":"ScarletSymphony","floor":22.0},{"not_picked":["UltimateOffering","BloodHunter+1","RedRainbow"],"picked":"SKIP","floor":25.0},{"not_picked":["RedRainbow","ScarletDevil"],"picked":"Stigmanizer+1","floor":26},{"not_picked":["RedRainbow","ScarletDevil"],"picked":"FavorOfDestiny","floor":30},{"not_picked":["ScarletNetherworld","BloodAndWine"],"picked":"LeisurelyOfLord","floor":32},{"not_picked":["CurseOfVladTepes","TransientEternity"],"picked":"DemonKingCradle","floor":33},{"not_picked":["VampireSweep","BlasphemousPunishment"],"picked":"GlobalNightmare","floor":34},{"not_picked":["ForbiddenFruit","ScarletDevil","Stigmanizer+1"],"picked":"SKIP","floor":36},{"not_picked":["ScarletDevilSign+1","BloodyTrap+1"],"picked":"FitfulNightmare","floor":38},{"not_picked":["DiffusionOfMisfortune","Stigmanizer+1"],"picked":"DevilSight","floor":42},{"not_picked":["NightDance+1","EndlessAdversity+1"],"picked":"EternalNight+1","floor":43},{"not_picked":["RedMagic","Stigmanizer"],"picked":"Ultimatum+1","floor":45},{"not_picked":["ScarletImprint","MiserableFate+1","ScarletDevil+1"],"picked":"SKIP","floor":47},{"not_picked":["VampirishNight+1","BloodRain"],"picked":"ScarletSymphony","floor":48},{"not_picked":["BlasphemousPunishment+1","StarOfDavid+1","RedNightlessCastle"],"picked":"SKIP","floor":48},{"not_picked":["BloodHunter+1","CharismaGuard+1"],"picked":"MastersStateliness+1","floor":49}],"player_experience":50606,"relics_obtained":[{"floor":3.0,"key":"Replay:Mystery Machine"},{"floor":7.0,"key":"AntiCross"},{"floor":11.0,"key":"Gensokyo:OccultBall"},{"floor":16.0,"key":"Gensokyo:OccultBall"},{"floor":24.0,"key":"Vajra"},{"floor":25.0,"key":"Happy Flower"},{"floor":33,"key":"Gensokyo:OccultBall"},{"floor":40,"key":"Replay:Wax Seal"},{"floor":41,"key":"Shuriken"}],"event_choices":[],"is_beta":false,"boss_relics":[{"not_picked":["Cursed Key","ReplayTheSpireMod:DimensionalGlitch"],"picked":"SacredBark"},{"not_picked":["Replay:Bronze Core","Kintsugi"],"picked":"Tiny House"}],"items_purged_floors":[],"is_endless":false,"potions_floor_spawned":[2,5,14,15,26,30,32,33,38,43,47,48],"ascension_level":0}}