{"host":"1t0llcfp0lo7rmr4","time":1613486502,"event":{"mods":["AchievementEnabler","Aspiration","BaseMod","Beaked The Cultist","Better Note","Block Reminder","Colored Powertips","GifTheSpireLib","Hermit","Hubris","Jorbs\u0027s Wanderer Trilogy","Minty Spire (QoL Compilation)","Permanent Neow","Potionbrewer","Quick Restart","Relic Filter","Replay The Spire","StSLib","SuperFastMode","The Bladedancer","The Bug Knight","The Cursed","The Death Knight","The Druid","The Elementalist","The Exalted","The Forsaken","The Judge","The Poker Player","The Runesmith"],"gold_per_floor":[111,31,31,45,62,62,93,93,93,173,173,186,212,225,225,328,328,345,435,451,451,466,466,466,478,478,478,513,527,527,557,557,557,557],"floor_reached":33,"language":"ENG","playtime":1110,"items_purged":[],"score":368,"play_id":"bf6a09dc-7b50-4c3e-b455-4b9a83d7f6b7","local_time":"20210217014142","is_ascension_mode":true,"campfire_choices":[{"floor":6.0,"key":"RECALL"},{"data":"DeathKnight:Contagion","floor":8.0,"key":"SMITH"},{"data":"DeathKnight:RuneTap","floor":11.0,"key":"SMITH"},{"floor":15.0,"key":"REST"},{"floor":23.0,"key":"REST"},{"floor":27.0,"key":"REST"},{"floor":32,"key":"REST"}],"circlet_count":0,"master_deck":["DeathKnight:Strike_DeathKnight","DeathKnight:Strike_DeathKnight","DeathKnight:Strike_DeathKnight","DeathKnight:Strike_DeathKnight","DeathKnight:Strike_DeathKnight+1","DeathKnight:Defend_DeathKnight","DeathKnight:Defend_DeathKnight","DeathKnight:Defend_DeathKnight","DeathKnight:Defend_DeathKnight","DeathKnight:Defend_DeathKnight","DeathKnight:RuneTap+1","DeathKnight:RuneStrike+1","DeathKnight:Contagion+1","DeathKnight:PlagueStrike","DeathKnight:PlagueStrike","DeathKnight:FoulBulwark","DeathKnight:PathOfFrost","DeathKnight:AntiMagicShell","DeathKnight:RunicDetonation","DeathKnight:BladedArmor+1","DeathKnight:DeathStrike"],"relics":["DeathKnight:BrokenRuneblade","Replay:Wax Seal","TungstenRod","aspiration:HummingbirdHeart","theForsaken:Gavel","Black Star","hubris:Towel","aspiration:FrozenJewel","Letter Opener","Red Mask"],"acts_visited":["Exordium","TheCity"],"potions_floor_usage":[31],"damage_taken":[{"damage":0.0,"enemies":"Small Slimes","floor":1.0,"turns":4.0},{"damage":1.0,"enemies":"Jaw Worm","floor":4.0,"turns":3.0},{"damage":0.0,"enemies":"2 Louse","floor":5.0,"turns":3.0},{"damage":0.0,"enemies":"Replay:BlueRogue","floor":7.0,"turns":5.0},{"damage":4.0,"enemies":"Lots of Slimes","floor":12.0,"turns":5.0},{"damage":15.0,"enemies":"Lagavulin","floor":13.0,"turns":5.0},{"damage":2.0,"enemies":"3 Louse","floor":14.0,"turns":3.0},{"damage":0.0,"enemies":"Hexaghost","floor":16.0,"turns":7.0},{"damage":11.0,"enemies":"Chosen","floor":18.0,"turns":5.0},{"damage":14.0,"enemies":"Spheric Guardian","floor":20.0,"turns":5.0},{"damage":6.0,"enemies":"Snecko","floor":22.0,"turns":6.0},{"damage":21.0,"enemies":"Centurion and Healer","floor":25.0,"turns":7.0},{"damage":8.0,"enemies":"Slavers","floor":28.0,"turns":4.0},{"damage":14.0,"enemies":"3 Cultists","floor":29.0,"turns":6.0},{"damage":15,"enemies":"Masked Bandits","floor":31,"turns":5},{"damage":49,"enemies":"hubris:MusketHawk","floor":33,"turns":6}],"seed_played":"8807934425968879611","potions_obtained":[{"floor":1.0,"key":"potionbrewer:CleansingPotion"},{"floor":5.0,"key":"PowerPotion"},{"floor":16.0,"key":"SkillPotion"},{"floor":28.0,"key":"SkillPotion"}],"is_trial":false,"path_per_floor":["M","$","?","M","M","R","E","R","T","?","R","M","E","M","R","B",null,"M","?","M","?","M","R","?","M","T","R","E","M","?","?","R","B"],"character_chosen":"DEATH_KNIGHT","items_purchased":["DeathKnight:Contagion"],"campfire_rested":4,"item_purchase_floors":[2],"current_hp_per_floor":[75,75,60,59,59,59,59,59,59,59,59,55,40,38,60,60,75,64,54,40,40,34,56,43,22,22,46,38,24,24,9,33,0,0],"gold":557,"neow_bonus":"RANDOM_COMMON_RELIC","is_daily":false,"chose_seed":false,"campfire_upgraded":2,"win_rate":0.0,"timestamp":1613486502,"path_taken":["M","$","?","M","M","R","E","R","T","?","R","M","E","M","R","BOSS","M","?","?","?","M","R","?","M","T","R","E","M","?","?","R","BOSS"],"items_purchased_type":["Card"],"build_version":"2020-12-22","purchased_purges":0,"victory":false,"max_hp_per_floor":[75,75,75,75,75,75,75,75,75,75,75,75,75,75,75,75,75,75,75,75,75,75,75,80,80,80,80,80,80,80,80,80,80,80],"card_choices":[{"not_picked":["DeathKnight:UnholyAssault","DeathKnight:ChainsOfIce","DeathKnight:BladedArmor"],"picked":"SKIP","floor":1.0},{"not_picked":["DeathKnight:UnholyFrenzy","DeathKnight:RaiseAlly"],"picked":"DeathKnight:PlagueStrike","floor":4.0},{"not_picked":["DeathKnight:BloodPact","DeathKnight:DeathGrip"],"picked":"DeathKnight:PlagueStrike","floor":5.0},{"not_picked":["DeathKnight:HornOfWinter","DeathKnight:Marrowrend","DeathKnight:Obliterate"],"picked":"SKIP","floor":7.0},{"not_picked":["DeathKnight:ShatteringStrikes","DeathKnight:BludPresence"],"picked":"DeathKnight:FoulBulwark","floor":12.0},{"not_picked":["DeathKnight:ScourgeStrike","DeathKnight:Marrowrend"],"picked":"DeathKnight:PathOfFrost","floor":13.0},{"not_picked":["DeathKnight:HartStrike","DeathKnight:Pestilence"],"picked":"DeathKnight:AntiMagicShell","floor":14.0},{"not_picked":["DeathKnight:BoneStorm","DeathKnight:ReapingStrike"],"picked":"DeathKnight:RunicDetonation","floor":16.0},{"not_picked":["DeathKnight:RaiseAlly+1","DeathKnight:RunicCorruption","DeathKnight:Parry+1"],"picked":"SKIP","floor":18.0},{"not_picked":["DeathKnight:BludPresence","DeathKnight:Ossuary","DeathKnight:ReapingStrike"],"picked":"SKIP","floor":20.0},{"not_picked":["DeathKnight:BoneSpear","DeathKnight:Obliterate"],"picked":"DeathKnight:BladedArmor+1","floor":22.0},{"not_picked":["DeathKnight:HornOfWinter+1","DeathKnight:AntiMagicShell","DeathKnight:DeathGrip"],"picked":"SKIP","floor":25.0},{"not_picked":["DeathKnight:Obliterate","DeathKnight:Parry","DeathKnight:UnholyFrenzy"],"picked":"SKIP","floor":28.0},{"not_picked":["DeathKnight:Ossuary","DeathKnight:RuneShock","DeathKnight:BloodStrike+1"],"picked":"SKIP","floor":29.0},{"not_picked":["DeathKnight:BloodStrike+1","DeathKnight:HartStrike"],"picked":"DeathKnight:DeathStrike","floor":31}],"player_experience":872951,"relics_obtained":[{"floor":7.0,"key":"TungstenRod"},{"floor":9.0,"key":"aspiration:HummingbirdHeart"},{"floor":13.0,"key":"theForsaken:Gavel"},{"floor":28.0,"key":"aspiration:FrozenJewel"},{"floor":28.0,"key":"Letter Opener"},{"floor":31,"key":"Red Mask"}],"event_choices":[{"damage_healed":0.0,"max_hp_gain":0.0,"max_hp_loss":0.0,"gold_gain":0.0,"event_name":"Shining Light","player_choice":"Entered Light","floor":3.0,"gold_loss":0.0,"damage_taken":15.0,"cards_upgraded":["DeathKnight:Strike_DeathKnight","DeathKnight:RuneStrike"]},{"damage_healed":0.0,"max_hp_gain":0.0,"max_hp_loss":0.0,"gold_gain":90.0,"event_name":"Knowing Skull","player_choice":"GOLD ","floor":19.0,"potions_obtained":[],"gold_loss":0.0,"damage_taken":12.0,"cards_obtained":[]},{"damage_healed":0.0,"max_hp_gain":5.0,"max_hp_loss":0.0,"gold_gain":0.0,"event_name":"Forgotten Altar","player_choice":"Shed Blood","floor":24.0,"gold_loss":0.0,"damage_taken":19.0},{"damage_healed":0,"gold_gain":0,"player_choice":"Fought Bandits","damage_taken":0,"max_hp_gain":0,"max_hp_loss":0,"event_name":"Masked Bandits","floor":31,"gold_loss":0}],"is_beta":false,"boss_relics":[{"not_picked":["Snecko Eye","theForsaken:PaleLantern"],"picked":"Black Star"}],"items_purged_floors":[],"is_endless":false,"potions_floor_spawned":[1,5,16,18,22,28],"killed_by":"hubris:MusketHawk","ascension_level":1}}