{"host":"a1eatafr7pisesky","time":1613460755,"event":{"mods":["AchievementEnabler","BaseMod","Colored Map","Keyboard Shortcuts","Minty Spire (QoL Compilation)","Say the Spire","StSLib","SuperFastMode","everything is the same but u backflip on backflip"],"gold_per_floor":[117,117,127,202,202,232,232,244,244,244,264,290,303,50,50,125,125,143,143,153,153,164,164,189,189,189,189,15,28,28,57,57,132,132,152,27,81,81,96,96,96,125,125,125,144,159,159,159,159,159,159],"floor_reached":50,"language":"KOR","playtime":1143,"items_purged":["Strike_G","Writhe","Strike_G"],"score":974,"play_id":"0242b99c-1a2c-470a-b434-30ac945ab629","local_time":"20210216163235","is_ascension_mode":true,"campfire_choices":[{"data":"Crippling Poison","floor":7.0,"key":"SMITH"},{"data":"Poisoned Stab","floor":10.0,"key":"SMITH"},{"floor":15.0,"key":"REST"},{"floor":23.0,"key":"REST"},{"floor":27.0,"key":"REST"},{"floor":30.0,"key":"REST"},{"floor":32.0,"key":"REST"},{"data":"PiercingWail","floor":40.0,"key":"SMITH"},{"data":"Backflip","floor":41.0,"key":"SMITH"},{"floor":44.0,"key":"REST"},{"floor":47.0,"key":"REST"},{"floor":49.0,"key":"RECALL"}],"circlet_count":0,"master_deck":["AscendersBane","Strike_G","Strike_G","Defend_G","Defend_G","Defend_G","Defend_G","Defend_G","Survivor","Neutralize","Crippling Poison+1","Blade Dance","Poisoned Stab+1","Noxious Fumes","Deadly Poison","Accuracy","Corpse Explosion","Die Die Die","Backflip+1","PiercingWail+1","Accuracy","Acrobatics","Blade Dance+1","Footwork+1","Prepared+1"],"relics":["Ring of the Snake","NeowsBlessing","Ninja Scroll","Torii","Bottled Lightning","Toy Ornithopter","SlaversCollar","Nilry\u0027s Codex","WingedGreaves","Omamori","Gremlin Horn","Pantograph","Philosopher\u0027s Stone","Tough Bandages","White Beast Statue"],"acts_visited":["Exordium","TheCity","TheBeyond"],"potions_floor_usage":[50,50],"damage_taken":[{"damage":0.0,"enemies":"Jaw Worm","floor":1.0,"turns":1.0},{"damage":0.0,"enemies":"Cultist","floor":3.0,"turns":1.0},{"damage":0.0,"enemies":"Gremlin Nob","floor":6.0,"turns":1.0},{"damage":0.0,"enemies":"2 Louse","floor":8.0,"turns":2.0},{"damage":2.0,"enemies":"2 Fungi Beasts","floor":11.0,"turns":2.0},{"damage":6.0,"enemies":"Lagavulin","floor":12.0,"turns":5.0},{"damage":0.0,"enemies":"Exordium Wildlife","floor":13.0,"turns":3.0},{"damage":10.0,"enemies":"Slime Boss","floor":16.0,"turns":4.0},{"damage":1.0,"enemies":"3 Byrds","floor":18.0,"turns":3.0},{"damage":30.0,"enemies":"2 Thieves","floor":20.0,"turns":4.0},{"damage":1.0,"enemies":"Chosen and Byrds","floor":22.0,"turns":4.0},{"damage":17.0,"enemies":"Slavers","floor":24.0,"turns":2.0},{"damage":20.0,"enemies":"Centurion and Healer","floor":29.0,"turns":4.0},{"damage":32.0,"enemies":"Book of Stabbing","floor":31.0,"turns":6.0},{"damage":49.0,"enemies":"Collector","floor":33.0,"turns":9.0},{"damage":17.0,"enemies":"3 Shapes","floor":35.0,"turns":4.0},{"damage":39.0,"enemies":"2 Orb Walkers","floor":37.0,"turns":4.0},{"damage":15.0,"enemies":"3 Darklings","floor":39.0,"turns":3.0},{"damage":25.0,"enemies":"Reptomancer","floor":42.0,"turns":6.0},{"damage":22.0,"enemies":"Spire Growth","floor":45.0,"turns":5.0},{"damage":0.0,"enemies":"4 Shapes","floor":46.0,"turns":7.0},{"damage":69,"enemies":"Time Eater","floor":50,"turns":12}],"seed_played":"-2723376737904693681","potions_obtained":[{"floor":1.0,"key":"LiquidBronze"},{"floor":8.0,"key":"EssenceOfSteel"},{"floor":11.0,"key":"DuplicationPotion"},{"floor":12.0,"key":"SteroidPotion"},{"floor":18.0,"key":"Energy Potion"},{"floor":24.0,"key":"BlessingOfTheForge"},{"floor":29.0,"key":"DuplicationPotion"},{"floor":35.0,"key":"Poison Potion"},{"floor":37.0,"key":"Poison Potion"},{"floor":39.0,"key":"SpeedPotion"},{"floor":45.0,"key":"Dexterity Potion"},{"floor":46.0,"key":"GhostInAJar"}],"is_trial":false,"path_per_floor":["M","?","M","?","?","E","R","M","T","R","M","E","M","$","R","B",null,"M","?","M","?","M","R","E","?","T","R","$","M","R","E","R","B",null,"M","$","?","?","M","R","R","E","T","R","M","M","R","?","R","B"],"character_chosen":"THE_SILENT","items_purchased":["Corpse Explosion","Accuracy"],"campfire_rested":7,"item_purchase_floors":[14,28],"current_hp_per_floor":[59,59,59,48,41,41,41,41,41,41,39,33,33,33,52,52,63,62,62,32,11,15,34,17,17,17,36,36,16,35,8,27,8,52,35,35,1,54,39,39,39,14,14,30,13,18,34,26,26,0,0],"gold":159,"neow_bonus":"THREE_ENEMY_KILL","is_daily":false,"chose_seed":false,"campfire_upgraded":4,"win_rate":0.0,"timestamp":1613460755,"path_taken":["M","?","?","?","?","E","R","M","T","R","M","E","?","$","R","BOSS","M","?","M","?","M","R","E","?","T","R","$","?","R","E","R","BOSS","M","$","?","?","?","R","R","E","T","R","M","M","R","?","R","BOSS"],"items_purchased_type":["Card","Card"],"build_version":"2020-12-22","purchased_purges":3,"victory":false,"max_hp_per_floor":[66,66,66,66,66,66,66,66,66,66,66,66,66,66,66,66,66,66,66,66,66,66,66,66,66,66,66,66,66,66,66,66,66,66,66,66,66,54,54,54,54,54,54,54,54,54,54,54,54,54,54],"card_choices":[{"not_picked":["Prepared","Underhanded Strike"],"picked":"Crippling Poison","floor":1.0},{"not_picked":["Dash","Prepared"],"picked":"Blade Dance","floor":3.0},{"not_picked":["Blade Dance","Backflip"],"picked":"Poisoned Stab","floor":6.0},{"not_picked":["Bullet Time","Deflect","All Out Attack"],"picked":"SKIP","floor":8.0},{"not_picked":["Quick Slash","Poisoned Stab"],"picked":"Noxious Fumes","floor":11.0},{"not_picked":["Predator","Backflip"],"picked":"Deadly Poison","floor":12.0},{"not_picked":["Dagger Spray","Prepared"],"picked":"Accuracy","floor":13.0},{"not_picked":["Phantasmal Killer","Venomology"],"picked":"Die Die Die","floor":16.0},{"not_picked":["All Out Attack+1","Quick Slash"],"picked":"Backflip","floor":18.0},{"not_picked":["Outmaneuver","All Out Attack+1","Slice"],"picked":"SKIP","floor":20.0},{"not_picked":["Masterful Stab","Caltrops","Prepared"],"picked":"SKIP","floor":22.0},{"not_picked":["Concentrate","Acrobatics"],"picked":"PiercingWail","floor":24.0},{"not_picked":["Sucker Punch","Tools of the Trade"],"picked":"Acrobatics","floor":29.0},{"not_picked":["Flying Knee","Underhanded Strike","Grand Finale"],"picked":"SKIP","floor":31.0},{"not_picked":["Eviscerate+1","Dagger Spray","Slice+1"],"picked":"SKIP","floor":35.0},{"not_picked":["Poisoned Stab","Acrobatics"],"picked":"Blade Dance+1","floor":39.0},{"not_picked":["Deflect","Sucker Punch"],"picked":"Footwork+1","floor":42.0},{"not_picked":["Underhanded Strike","Dagger Throw"],"picked":"Prepared+1","floor":45.0},{"not_picked":["All Out Attack","Bane","Footwork"],"picked":"SKIP","floor":46.0}],"player_experience":454764,"relics_obtained":[{"floor":6.0,"key":"Torii"},{"floor":9.0,"key":"Bottled Lightning"},{"floor":12.0,"key":"Toy Ornithopter"},{"floor":21.0,"key":"Nilry\u0027s Codex"},{"floor":24.0,"key":"WingedGreaves"},{"floor":26.0,"key":"Gremlin Horn"},{"floor":31.0,"key":"Pantograph"},{"floor":37.0,"key":"Tough Bandages"},{"floor":42.0,"key":"White Beast Statue"}],"event_choices":[{"damage_healed":0.0,"max_hp_gain":0.0,"max_hp_loss":0.0,"gold_gain":0.0,"event_name":"WeMeetAgain","player_choice":"Gave Potion","floor":2.0,"gold_loss":0.0,"damage_taken":0.0,"relics_obtained":["Ninja Scroll"]},{"damage_healed":0.0,"max_hp_gain":0.0,"max_hp_loss":0.0,"gold_gain":75.0,"event_name":"World of Goop","player_choice":"Gather Gold","floor":4.0,"gold_loss":0.0,"damage_taken":11.0},{"cards_removed":["Strike_G"],"damage_healed":0.0,"max_hp_gain":0.0,"max_hp_loss":0.0,"gold_gain":0.0,"event_name":"Golden Wing","player_choice":"Card Removal","floor":5.0,"gold_loss":0.0,"damage_taken":7.0},{"damage_healed":0.0,"max_hp_gain":0.0,"max_hp_loss":0.0,"gold_gain":0.0,"event_name":"Ghosts","player_choice":"Ignored","floor":19.0,"gold_loss":0.0,"damage_taken":0.0},{"damage_healed":0.0,"max_hp_gain":0.0,"max_hp_loss":0.0,"gold_gain":0.0,"event_name":"Cursed Tome","player_choice":"Obtained Book","floor":21.0,"gold_loss":0.0,"damage_taken":21.0},{"damage_healed":0.0,"max_hp_gain":0.0,"max_hp_loss":0.0,"gold_gain":0.0,"event_name":"The Mausoleum","player_choice":"Opened","floor":25.0,"gold_loss":0.0,"damage_taken":0.0,"relics_obtained":["Omamori"],"cards_obtained":["Writhe"]},{"damage_healed":0.0,"max_hp_gain":0.0,"max_hp_loss":0.0,"gold_gain":0.0,"event_name":"Mysterious Sphere","player_choice":"Fight","floor":37.0,"gold_loss":0.0,"damage_taken":0.0},{"damage_healed":54.0,"max_hp_gain":0.0,"max_hp_loss":12.0,"gold_gain":0.0,"event_name":"The Moai Head","player_choice":"Heal","floor":38.0,"gold_loss":0.0,"damage_taken":0.0},{"damage_healed":0.0,"max_hp_gain":0.0,"max_hp_loss":0.0,"gold_gain":0.0,"event_name":"Wheel of Change","player_choice":"Damaged","floor":48.0,"gold_loss":0.0,"damage_taken":8.0}],"is_beta":false,"boss_relics":[{"not_picked":["Runic Dome","Snecko Eye"],"picked":"SlaversCollar"},{"not_picked":["Fusion Hammer","Coffee Dripper"],"picked":"Philosopher\u0027s Stone"}],"items_purged_floors":[14,28,36],"is_endless":false,"potions_floor_spawned":[1,8,11,12,18,24,29,35,37,39,45,46],"killed_by":"Time Eater","ascension_level":16}}