{"host":"vfjw5z5u57sxa51v","time":1613506974,"event":{"mods":["AchievementEnabler","Act Like it!","Aspiration","BaseMod","Bestiary","Better Altar","Better Match","Better Note","Better Sensory Stone","Better Skull","Better Synergies","Better Third Choice","BetterRewards","CCEM2","Colored Map","Conspire","Dota2Spire","Downfall","GifTheSpireLib","GungeonMod","Halation","Highlight Path","Hubris","Infinite Spire","Jedi Mod","Minty Spire (QoL Compilation)","Permanent Neow","Reliquary","Replay The Spire","Shop Mod","Spicy Shops","StSLib","Stuff the Spire","The Cursed","The Disciple","The Gatherer","Unceasing Turn Reminder","everything is the same but u backflip on backflip"],"gold_per_floor":[118,118,193,193,3,28,46,74,74,74,86,13,13,29,29,132,132,143,143,159,159,171,171,187,201,201,201,219,239,239,256,256,256,256],"floor_reached":33,"language":"DEU","playtime":1937,"items_purged":["Regret"],"score":284,"play_id":"6869eade-b12c-4ff2-abf1-d85fe79736e4","local_time":"20210216212254","is_ascension_mode":false,"campfire_choices":[{"data":"Underhanded Strike","floor":13,"key":"SMITH"},{"floor":15,"key":"REST"},{"data":"Tools of the Trade","floor":23,"key":"SMITH"},{"floor":32,"key":"REST"}],"circlet_count":0,"master_deck":["Strike_G+1","Strike_G+1","Strike_G+1","Strike_G+1","Strike_G+1","Defend_G+1","Defend_G+1","Defend_G+1","Defend_G+1","Defend_G+1","Survivor","Neutralize","Underhanded Strike+1","Noxious Fumes","Calculated Gamble","StuffTheSpire:BumpUp+1","Dagger Throw","StuffTheSpire:ClusterCrunch","Tools of the Trade+1","ReplayTheSpireMod:Speed Training+1","Predator+1","Underhanded Strike","hubris:SlightOfHand+1","Underhanded Strike+1"],"relics":["Ring of the Snake","halation:PinkSoulGem","StuffTheSpire:Gunfinga","Membership Card","CCEMRelics:SoftDrink","ReplayFunnel","halation:Toothbrush","reliquary:KillPill","StuffTheSpire:Experiment12","aspiration:SecretTechniqueScroll","MutagenicStrength","Dota2Spire:DivineRapier"],"acts_visited":["Exordium","TheCity"],"potions_floor_usage":[6,16,29,33,33],"damage_taken":[{"damage":0,"enemies":"2 Louse","floor":1,"turns":3},{"damage":12,"enemies":"Gremlin Nob","floor":6,"turns":2},{"damage":0,"enemies":"Small Slimes","floor":7,"turns":4},{"damage":5,"enemies":"Replay:BlueRogue","floor":8,"turns":5},{"damage":3,"enemies":"Jaw Worm","floor":11,"turns":2},{"damage":8,"enemies":"Large Slime","floor":14,"turns":4},{"damage":60,"enemies":"Fading Forest","floor":16,"turns":11},{"damage":10,"enemies":"3 Byrds","floor":18,"turns":3},{"damage":12,"enemies":"Chosen","floor":20,"turns":5},{"damage":22,"enemies":"Snake Plant","floor":22,"turns":3},{"damage":8,"enemies":"Centurion and Healer","floor":24,"turns":6},{"damage":5,"enemies":"3 Cultists","floor":25,"turns":5},{"damage":1,"enemies":"Shelled Parasite and Fungi","floor":28,"turns":5},{"damage":0,"enemies":"Sentry and Sphere","floor":29,"turns":3},{"damage":3,"enemies":"Chosen and Byrds","floor":31,"turns":3},{"damage":31,"enemies":"Collector","floor":33,"turns":2}],"seed_played":"8569310813733881851","potions_obtained":[{"floor":0,"key":"Languid Potion"},{"floor":0,"key":"AttackPotion"},{"floor":0,"key":"Death Potion"},{"floor":6,"key":"jedi:StrikingPotion"},{"floor":20,"key":"PowerPotion"},{"floor":30,"key":"EntropicBrew"},{"floor":30,"key":"DemoMod:LeadSkinPotion"},{"floor":31,"key":"Energy Potion"}],"is_trial":false,"path_per_floor":["M","?","?","?","$","E","M","E","T","?","M","$","R","M","R","B",null,"M","?","M","?","M","R","M","M","T","?","M","M","?","M","R","B"],"character_chosen":"THE_SILENT","items_purchased":["Membership Card","reliquary:KillPill","StuffTheSpire:Experiment12"],"campfire_rested":2,"item_purchase_floors":[5,12,12],"current_hp_per_floor":[70,70,59,59,59,47,47,42,42,42,39,39,39,31,52,10,70,60,60,48,48,26,26,18,13,13,13,12,12,12,9,30,0,0],"gold":256,"neow_bonus":"THREE_SMALL_POTIONS","is_daily":false,"chose_seed":false,"campfire_upgraded":2,"win_rate":0.0,"timestamp":1613506974,"path_taken":["M","?","?","?","$","E","?","E","T","?","?","$","R","M","R","BOSS","M","?","M","?","M","R","M","M","T","?","M","M","?","?","R","BOSS"],"items_purchased_type":["Relic","Relic","Relic"],"build_version":"2020-12-22","purchased_purges":1,"victory":false,"max_hp_per_floor":[70,70,70,70,70,70,70,70,70,70,70,70,70,70,70,70,70,70,70,70,70,70,70,70,70,70,70,70,70,70,70,70,70,70],"card_choices":[{"not_picked":["PiercingWail","Sucker Punch"],"picked":"Underhanded Strike","floor":1},{"not_picked":["Crippling Poison","Blur"],"picked":"Noxious Fumes","floor":6},{"not_picked":["ReplayTheSpireMod:Shiv Toss","StuffTheSpire:Python"],"picked":"Calculated Gamble","floor":7},{"not_picked":["Outmaneuver","Backflip"],"picked":"StuffTheSpire:BumpUp","floor":8},{"not_picked":["Burst","Calculated Gamble"],"picked":"Dagger Throw","floor":11},{"not_picked":["jedi:pocketpoison","Backflip"],"picked":"StuffTheSpire:ClusterCrunch","floor":14},{"not_picked":["aspiration:Lunge","Atom Bomb"],"picked":"Tools of the Trade","floor":16},{"not_picked":["Leg Sweep","Distraction"],"picked":"ReplayTheSpireMod:Speed Training+1","floor":18},{"not_picked":["Blade Dance","Backstab"],"picked":"Predator+1","floor":20},{"not_picked":["Hidden Blade","ReplayTheSpireMod:Exploit Weakness","All Out Attack"],"picked":"SKIP","floor":22},{"not_picked":["Sucker Punch","Dagger Spray"],"picked":"Underhanded Strike","floor":24},{"not_picked":["Toxin Wave","StuffTheSpire:ClusterCrunch","Backstab"],"picked":"SKIP","floor":25},{"not_picked":["Sucker Punch+1","jedi:pocketpoison"],"picked":"hubris:SlightOfHand+1","floor":28},{"not_picked":["PiercingWail+1","StuffTheSpire:Incursion"],"picked":"Underhanded Strike+1","floor":29},{"not_picked":["Crippling Poison","Quick Slash","StuffTheSpire:Python"],"picked":"SKIP","floor":31}],"player_experience":25335,"relics_obtained":[{"floor":6,"key":"CCEMRelics:SoftDrink"},{"floor":8,"key":"ReplayFunnel"},{"floor":9,"key":"halation:Toothbrush"},{"floor":26,"key":"reliquary:FerryPass"},{"floor":28,"key":"Dota2Spire:DivineRapier"}],"event_choices":[{"damage_healed":0,"gold_gain":75,"player_choice":"Gold","damage_taken":11,"max_hp_gain":0,"max_hp_loss":0,"event_name":"betterThird:BetterGoop","floor":3,"gold_loss":0},{"damage_healed":0,"gold_gain":0,"player_choice":"Box","damage_taken":0,"relics_obtained":["StuffTheSpire:Gunfinga"],"max_hp_gain":0,"max_hp_loss":0,"event_name":"Big Fish","floor":4,"gold_loss":0,"cards_obtained":["Regret"]},{"damage_healed":0,"gold_gain":0,"player_choice":"Forge","damage_taken":0,"max_hp_gain":0,"max_hp_loss":0,"event_name":"Accursed Blacksmith","floor":10,"gold_loss":0,"cards_upgraded":["StuffTheSpire:BumpUp"]},{"damage_healed":0,"gold_gain":0,"player_choice":"Ignored","damage_taken":0,"max_hp_gain":0,"max_hp_loss":0,"event_name":"betterNote:BetterNote","floor":19,"gold_loss":0,"cards_obtained":["downfall:Haunted"]},{"damage_healed":0,"gold_gain":0,"player_choice":"Inject Mutagens","damage_taken":0,"relics_obtained":["MutagenicStrength"],"max_hp_gain":0,"max_hp_loss":0,"event_name":"Drug Dealer","floor":21,"gold_loss":0},{"damage_healed":0,"gold_gain":0,"player_choice":"Simplicity","damage_taken":0,"max_hp_gain":0,"max_hp_loss":10,"event_name":"betterThird:BetterWriting","floor":27,"gold_loss":0},{"damage_healed":0,"gold_gain":0,"player_choice":"Got Potions","damage_taken":0,"max_hp_gain":0,"max_hp_loss":0,"event_name":"Lab","floor":30,"gold_loss":0}],"is_beta":false,"boss_relics":[{"not_picked":["conspire:RunicOctahedron","Tiny House"],"picked":"aspiration:SecretTechniqueScroll"}],"items_purged_floors":[5],"is_endless":false,"potions_floor_spawned":[1,6,7,14,20,22,31],"killed_by":"Collector","ascension_level":0}}