{"host":"tzwikg9s6mkzv6w0","time":1613486838,"event":{"mods":["BaseMod","Good Game Mod","Minty Spire (QoL Compilation)","Spicy Shops","StSLib"],"gold_per_floor":[111,124,124,137,137,137,163,163,163,198,209,209,221,40,40,136,136,156,171,171,446,458,458,470,497,523,262,282,3,3,32,32,131,131,151,202,219,233,246,277,277,295,295,307,307,307,16,26,26,26,26,26,26,58,58],"floor_reached":56,"language":"ZHS","playtime":1957,"items_purged":["Strike_B","Strike_B","Defend_B","Regret","Defend_B","Defend_B","Defend_B"],"score":1685,"play_id":"e3d63ce9-a617-4996-89dd-78bb325ce162","local_time":"20210216224718","is_ascension_mode":true,"campfire_choices":[{"data":"Biased Cognition","floor":6.0,"key":"SMITH"},{"data":"Blizzard","floor":8.0,"key":"SMITH"},{"data":"Coolheaded","floor":12.0,"key":"SMITH"},{"data":"Turbo","floor":15.0,"key":"SMITH"},{"data":"Coolheaded","floor":23.0,"key":"SMITH"},{"floor":30,"key":"REST"},{"data":"Hologram","floor":32,"key":"SMITH"},{"data":"Dualcast","floor":41,"key":"SMITH"},{"floor":49,"key":"RECALL"},{"data":"Zap","floor":52,"key":"SMITH"}],"circlet_count":0,"master_deck":["Zap+1","Dualcast+1","Biased Cognition+1","Blizzard+1","Coolheaded+1","Turbo+1","Electrodynamics","Coolheaded+1","Glacier","Hologram+1","Ball Lightning+1","Panacea","Fission","Chill+1","Skim+1","Double Energy+1","Capacitor"],"relics":["Cracked Core","REME:ComplimentaryCards","Regal Pillow","Shuriken","Blood Vial","InkBottle","Happy Flower","Membership Card","Empty Cage","Ginger","TheAbacus","Bag of Preparation","Runic Capacitor","Incense Burner","Runic Pyramid","FossilizedHelix","Vajra","Molten Egg 2","Lantern","Bottled Tornado"],"acts_visited":["Exordium","TheCity","TheBeyond","TheEnding"],"potions_floor_usage":[55,55,55],"damage_taken":[{"damage":2.0,"enemies":"Jaw Worm","floor":1.0,"turns":4.0},{"damage":0.0,"enemies":"Cultist","floor":2.0,"turns":3.0},{"damage":9.0,"enemies":"2 Louse","floor":4.0,"turns":3.0},{"damage":2.0,"enemies":"Gremlin Nob","floor":7.0,"turns":4.0},{"damage":2.0,"enemies":"Lagavulin","floor":10.0,"turns":6.0},{"damage":2.0,"enemies":"Exordium Wildlife","floor":11.0,"turns":3.0},{"damage":2.0,"enemies":"Red Slaver","floor":13.0,"turns":3.0},{"damage":0.0,"enemies":"Slime Boss","floor":16.0,"turns":7.0},{"damage":26.0,"enemies":"Shell Parasite","floor":18.0,"turns":6.0},{"damage":0.0,"enemies":"3 Byrds","floor":19.0,"turns":2.0},{"damage":12.0,"enemies":"Snake Plant","floor":22.0,"turns":5.0},{"damage":15.0,"enemies":"Shelled Parasite and Fungi","floor":24.0,"turns":7.0},{"damage":26.0,"enemies":"Book of Stabbing","floor":25.0,"turns":6.0},{"damage":4.0,"enemies":"3 Cultists","floor":28.0,"turns":3.0},{"damage":0,"enemies":"Gremlin Leader","floor":31,"turns":4},{"damage":0,"enemies":"Champ","floor":33,"turns":9},{"damage":0,"enemies":"3 Darklings","floor":35,"turns":2},{"damage":0,"enemies":"2 Orb Walkers","floor":36,"turns":2},{"damage":0,"enemies":"Orb Walker","floor":37,"turns":2},{"damage":0,"enemies":"Spire Growth","floor":38,"turns":4},{"damage":0,"enemies":"Maw","floor":39,"turns":5},{"damage":0,"enemies":"Reptomancer","floor":40,"turns":3},{"damage":0,"enemies":"Writhing Mass","floor":42,"turns":3},{"damage":22,"enemies":"4 Shapes","floor":44,"turns":2},{"damage":0,"enemies":"Spire Growth","floor":48,"turns":2},{"damage":0,"enemies":"Awakened One","floor":50,"turns":3},{"damage":0,"enemies":"Shield and Spear","floor":54,"turns":1},{"damage":5,"enemies":"The Heart","floor":55,"turns":5}],"seed_played":"-8087936842598316540","potions_obtained":[{"floor":1.0,"key":"EntropicBrew"},{"floor":2.0,"key":"DuplicationPotion"},{"floor":4.0,"key":"AttackPotion"},{"floor":19.0,"key":"Energy Potion"},{"floor":22.0,"key":"AttackPotion"},{"floor":24.0,"key":"FocusPotion"},{"floor":31,"key":"AttackPotion"},{"floor":36,"key":"PotionOfCapacity"},{"floor":37,"key":"FocusPotion"}],"is_trial":false,"path_per_floor":["M","M","?","M","?","R","E","R","T","E","M","R","M","$","R","B",null,"M","M","?","?","M","R","M","E","T","$","M","$","R","E","R","B",null,"M","?","M","M","M","E","R","M","T","M","?","?","$","M","R","B",null,"R","$","E","B",null],"character_chosen":"DEFECT","items_purchased":["Membership Card","TheAbacus","Bag of Preparation","Runic Capacitor","Panacea","Lantern"],"campfire_rested":1,"item_purchase_floors":[14,27,27,29,29,47],"current_hp_per_floor":[73,73,70,61,61,61,59,59,59,59,59,59,59,59,59,61,75,49,51,51,51,41,41,28,4,4,4,2,2,39,41,41,43,75,75,75,75,75,75,75,75,75,75,53,53,53,53,55,55,57,75,75,75,75,70],"gold":58,"neow_bonus":"RANDOM_COMMON_RELIC","is_daily":false,"chose_seed":false,"campfire_upgraded":8,"win_rate":0.0,"timestamp":1613486838,"path_taken":["M","M","?","M","?","R","E","R","T","E","M","R","?","?","R","BOSS","M","M","?","?","?","R","?","E","T","$","M","$","R","E","R","BOSS","M","?","M","M","M","E","R","M","T","M","?","?","$","M","R","BOSS","R","$","E","BOSS"],"items_purchased_type":["Relic","Relic","Relic","Relic","Card","Relic"],"build_version":"2020-12-22","purchased_purges":7,"victory":true,"max_hp_per_floor":[75,75,75,75,75,75,75,75,75,75,75,75,75,75,75,75,75,75,75,75,75,75,75,75,75,75,75,75,75,75,75,75,75,75,75,75,75,75,75,75,75,75,75,75,75,75,75,75,75,75,75,75,75,75,75],"card_choices":[{"not_picked":["Chaos","Streamline"],"picked":"Blizzard","floor":1.0},{"not_picked":["Leap","Barrage"],"picked":"Coolheaded","floor":2.0},{"not_picked":["Go for the Eyes","Rebound"],"picked":"Cold Snap","floor":4.0},{"not_picked":["Redo","Go for the Eyes","Darkness"],"picked":"SKIP","floor":7.0},{"not_picked":["BootSequence","Steam Power"],"picked":"Turbo","floor":10.0},{"not_picked":["Steam","All For One","Stack"],"picked":"SKIP","floor":11.0},{"not_picked":["Consume","Static Discharge","Stack"],"picked":"SKIP","floor":13.0},{"not_picked":["Creative AI","Amplify"],"picked":"Electrodynamics","floor":16.0},{"not_picked":["Force Field+1","Go for the Eyes","Redo"],"picked":"SKIP","floor":18.0},{"not_picked":["Ball Lightning","Conserve Battery+1"],"picked":"Coolheaded","floor":19.0},{"not_picked":["Fusion","Go for the Eyes+1","Stack"],"picked":"SKIP","floor":22.0},{"not_picked":["Steam","Rebound"],"picked":"Hologram","floor":24.0},{"not_picked":["Sweeping Beam","Leap+1"],"picked":"Ball Lightning+1","floor":25.0},{"not_picked":["Cold Snap","Static Discharge","Auto Shields"],"picked":"SKIP","floor":28.0},{"not_picked":["Reprogram+1","Hologram+1","Redo"],"picked":"SKIP","floor":31},{"not_picked":["Core Surge","Rainbow"],"picked":"Fission","floor":33},{"not_picked":["Reinforced Body","Storm+1","Streamline"],"picked":"SKIP","floor":35},{"not_picked":["Hello World","Sweeping Beam+1"],"picked":"Chill+1","floor":36},{"not_picked":["Undo","Rebound+1","Coolheaded"],"picked":"SKIP","floor":37},{"not_picked":["Cold Snap+1","Aggregate+1"],"picked":"Skim+1","floor":38},{"not_picked":["Barrage","Stack+1"],"picked":"Double Energy+1","floor":39},{"not_picked":["Double Energy","Conserve Battery+1","Turbo+1"],"picked":"SKIP","floor":40},{"not_picked":["Compile Driver","Self Repair","Static Discharge+1"],"picked":"SKIP","floor":42},{"not_picked":["Go for the Eyes+1","Hologram","Steam Power"],"picked":"SKIP","floor":44},{"not_picked":["Stack","Hologram+1","Cold Snap+1"],"picked":"SKIP","floor":48},{"not_picked":["Go for the Eyes+1","Redo"],"picked":"Capacitor","floor":54}],"player_experience":102740,"relics_obtained":[{"floor":7.0,"key":"Blood Vial"},{"floor":9.0,"key":"InkBottle"},{"floor":10.0,"key":"Happy Flower"},{"floor":25.0,"key":"Ginger"},{"floor":31,"key":"Incense Burner"},{"floor":36,"key":"FossilizedHelix"},{"floor":40,"key":"Vajra"},{"floor":43,"key":"Molten Egg 2"},{"floor":54,"key":"Bottled Tornado"}],"event_choices":[{"damage_healed":0.0,"max_hp_gain":0.0,"max_hp_loss":0.0,"gold_gain":0.0,"event_name":"Scrap Ooze","player_choice":"Success","floor":3.0,"gold_loss":0.0,"damage_taken":3.0,"relics_obtained":["Shuriken"]},{"damage_healed":0.0,"max_hp_gain":0.0,"max_hp_loss":0.0,"gold_gain":0.0,"event_name":"Lab","player_choice":"Got Potions","floor":5.0,"gold_loss":0.0,"damage_taken":0.0},{"damage_healed":0.0,"max_hp_gain":0.0,"max_hp_loss":0.0,"gold_gain":0.0,"event_name":"The Library","player_choice":"Read","floor":20.0,"gold_loss":0.0,"damage_taken":0.0,"cards_obtained":["Glacier"]},{"damage_healed":0.0,"max_hp_gain":0.0,"max_hp_loss":0.0,"gold_gain":275.0,"event_name":"Golden Shrine","player_choice":"Desecrate","floor":21.0,"gold_loss":0.0,"damage_taken":0.0,"cards_obtained":["Regret"]},{"damage_healed":0,"gold_gain":0,"player_choice":"Fight","damage_taken":0,"max_hp_gain":0,"max_hp_loss":0,"event_name":"Mysterious Sphere","floor":36,"gold_loss":0},{"cards_removed":["Cold Snap"],"damage_healed":0,"gold_gain":0,"player_choice":"Removed Attack","damage_taken":0,"max_hp_gain":0,"max_hp_loss":0,"event_name":"Falling","floor":45,"gold_loss":0},{"damage_healed":0,"gold_gain":0,"player_choice":"Ignored","damage_taken":0,"max_hp_gain":0,"max_hp_loss":0,"event_name":"Tomb of Lord Red Mask","floor":46,"gold_loss":0}],"is_beta":false,"boss_relics":[{"not_picked":["Nuclear Battery","Snecko Eye"],"picked":"Empty Cage"},{"not_picked":["Tiny House","Philosopher\u0027s Stone"],"picked":"Runic Pyramid"}],"items_purged_floors":[14,27,27,29,29,47,47],"is_endless":false,"potions_floor_spawned":[1,2,4,19,22,24,31,36,37,44,54],"ascension_level":3}}