{"host":"v86vpwf004p2esb7","time":1613503572,"event":{"mods":["AchievementEnabler","BaseMod","BetterRewards","Colored Powertips","Minty Spire (QoL Compilation)","Quick Restart","StSLib","Transform Curses"],"gold_per_floor":[120,120,135,135,153,153,153],"floor_reached":6,"language":"ENG","playtime":259,"items_purged":[],"score":47,"play_id":"bf5802b7-8f4f-4c77-9c31-3eb947c4d24a","local_time":"20210216112612","is_ascension_mode":true,"campfire_choices":[],"circlet_count":0,"master_deck":["Strike_B","Strike_B","Strike_B","Strike_B","Defend_B","Defend_B","Defend_B","Defend_B","Zap","Dualcast","Defragment","Defragment+1","Heatsinks","Gash"],"relics":["Cracked Core","DataDisk","CeramicFish","Singing Bowl","Membership Card","White Beast Statue","Symbiotic Virus","Torii"],"acts_visited":["Exordium"],"potions_floor_usage":[3,6],"damage_taken":[{"damage":1,"enemies":"Small Slimes","floor":1,"turns":3},{"damage":8,"enemies":"Jaw Worm","floor":3,"turns":3},{"damage":1,"enemies":"Cultist","floor":5,"turns":4},{"damage":31,"enemies":"Gremlin Nob","floor":6,"turns":3}],"seed_played":"2356499564885237072","potions_obtained":[{"floor":1,"key":"Strength Potion"},{"floor":3,"key":"DuplicationPotion"},{"floor":5,"key":"Energy Potion"}],"is_trial":false,"path_per_floor":["M","?","M","?","M","E"],"character_chosen":"DEFECT","items_purchased":["DataDisk","Defragment","CeramicFish","Singing Bowl","Defragment","Membership Card","White Beast Statue","Heatsinks","Symbiotic Virus"],"campfire_rested":0,"item_purchase_floors":[0,0,0,0,0,0,0,0,0],"current_hp_per_floor":[19,19,13,13,14,0,0],"gold":153,"neow_bonus":"","is_daily":false,"chose_seed":false,"campfire_upgraded":0,"win_rate":0.0,"timestamp":1613503572,"path_taken":["M","?","M","?","M","E"],"items_purchased_type":["Relic","Card","Relic","Relic","Card","Relic","Relic","Card","Relic"],"build_version":"2020-12-22","purchased_purges":0,"victory":false,"max_hp_per_floor":[75,75,77,77,79,79,79],"card_choices":[{"not_picked":["Sweeping Beam","BootSequence"],"picked":"Gash","floor":1},{"not_picked":["Redo","Tempest","Rebound"],"picked":"Singing Bowl","floor":3},{"not_picked":["Streamline","FTL","Go for the Eyes"],"picked":"Singing Bowl","floor":5}],"player_experience":278392,"relics_obtained":[],"event_choices":[{"damage_healed":0,"gold_gain":0,"player_choice":"Ignored","damage_taken":0,"max_hp_gain":0,"max_hp_loss":0,"event_name":"Shining Light","floor":2,"gold_loss":0},{"damage_healed":0,"gold_gain":0,"player_choice":"Grow","damage_taken":0,"max_hp_gain":0,"max_hp_loss":0,"event_name":"Living Wall","floor":4,"gold_loss":0,"cards_upgraded":["Defragment"]}],"is_beta":false,"boss_relics":[],"items_purged_floors":[],"is_endless":false,"potions_floor_spawned":[1,3,5],"killed_by":"Gremlin Nob","ascension_level":6}}