{"host":"nzc89rt2v0ulh15o","time":1613496722,"event":{"mods":["2.2 Compatiblity","BaseMod","Downfall","Hermit","Hubris","Jorbs\u0027s Wanderer Trilogy","Minty Spire (QoL Compilation)","Replay The Spire","Shade Mod","Shop Mod","StSLib","The Bug Knight","The Construct","The Cursed","The Disciple","The Hierophant","The Runesmith","The Servant 0.9.4"],"gold_per_floor":[121,145,145,171,190,190,233,233,233,266,266,294,318,335,335,443,443,434,434,434,454,482,513,513,550,550,550,176,201,229,144,144,245,245,265,290,290,290,311,311,311,311,311,26,44,44,67,81,81,85],"floor_reached":51,"language":"SPA","playtime":2982,"items_purged":["Runesmith:Strike_RS+1"],"score":810,"play_id":"3ac7f451-2082-498d-9a39-a8e4be0c6ee7","local_time":"20210216113202","is_ascension_mode":true,"campfire_choices":[{"data":"Runesmith:Fortify","floor":6.0,"key":"SMITH"},{"data":"Runesmith:FrozenChisel","floor":8.0,"key":"SMITH"},{"floor":15.0,"key":"REST"},{"floor":24,"key":"REST"},{"floor":27,"key":"REST"},{"data":"Runesmith:Superposition","floor":32,"key":"SMITH"},{"floor":40,"key":"REST"},{"data":"Runesmith:CraftPrismatica","floor":42,"key":"SMITH"},{"floor":46,"key":"REST"},{"floor":49,"key":"REST"}],"circlet_count":0,"master_deck":["Runesmith:Strike_RS+1","Runesmith:Strike_RS+1","Runesmith:Strike_RS+1","Runesmith:Defend_RS","Runesmith:Defend_RS","Runesmith:Defend_RS","Runesmith:Defend_RS","Runesmith:CraftFirestone","Runesmith:Fortify+1","Runesmith:EarthShield","Runesmith:CraftMagma","Runesmith:CraftMagma","Runesmith:FrozenChisel+1","Runesmith:DoubleUp+1","Runesmith:CraftProtectio","Runesmith:HeatedChisel","Runesmith:CraftObretio","Runesmith:GrandSlam","Runesmith:Superposition+1","Runesmith:EnergizedChisel","Runesmith:CraftPrismatica+1","Runesmith:CraftMagma+1","Runesmith:EarthShield+1","Parasite","Runesmith:Accelerate+1"],"relics":["Runesmith:CoreCrystal","Replay:Bandana","Replay:Bottled Eggs","Vajra","Bronze Scales","Odd Mushroom","hubris:Towel","Enchiridion","Pet Ghost","Regal Pillow","Bottled Lightning","Strawberry","hubris:EmptyBottle","Orichalcum","Letter Opener","Runesmith:EmergencyProvisions","TungstenRod"],"acts_visited":["Exordium","TheCity","TheBeyond"],"potions_floor_usage":[33,36,36,39,45,45,47,47],"damage_taken":[{"damage":1.0,"enemies":"Cultist","floor":1.0,"turns":3.0},{"damage":0.0,"enemies":"2 Louse","floor":2.0,"turns":2.0},{"damage":1.0,"enemies":"Small Slimes","floor":4.0,"turns":3.0},{"damage":1.0,"enemies":"Looter","floor":5.0,"turns":3.0},{"damage":19.0,"enemies":"Gremlin Nob","floor":7.0,"turns":5.0},{"damage":9.0,"enemies":"The Mushroom Lair","floor":10.0,"turns":3.0},{"damage":10.0,"enemies":"Exordium Wildlife","floor":12.0,"turns":3.0},{"damage":13.0,"enemies":"Gremlin Gang","floor":13.0,"turns":4.0},{"damage":4.0,"enemies":"Exordium Thugs","floor":14.0,"turns":5.0},{"damage":0.0,"enemies":"Fading Forest","floor":16.0,"turns":11.0},{"damage":12,"enemies":"2 Thieves","floor":18,"turns":4},{"damage":0,"enemies":"Chosen","floor":21,"turns":4},{"damage":16,"enemies":"Centurion and Healer","floor":22,"turns":5},{"damage":8,"enemies":"Replay:Snechameleon","floor":23,"turns":8},{"damage":0,"enemies":"Book of Stabbing","floor":25,"turns":6},{"damage":7,"enemies":"Snake Plant","floor":30,"turns":4},{"damage":56,"enemies":"hubris:MusketHawk","floor":33,"turns":10},{"damage":1,"enemies":"Orb Walker","floor":35,"turns":4},{"damage":24,"enemies":"3 Darklings","floor":36,"turns":6},{"damage":39,"enemies":"Writhing Mass","floor":39,"turns":6},{"damage":41,"enemies":"Spire Growth","floor":45,"turns":7},{"damage":49,"enemies":"Transient","floor":47,"turns":5},{"damage":16,"enemies":"Writhing Mass","floor":48,"turns":8},{"damage":18,"enemies":"Time Eater","floor":50,"turns":12}],"seed_played":"-8283870448366194160","potions_obtained":[{"floor":1.0,"key":"SmokeBomb"},{"floor":5.0,"key":"SpeedPotion"},{"floor":12.0,"key":"Toxic Potion"},{"floor":14.0,"key":"Regen Potion"},{"floor":16,"key":"Venom Potion"},{"floor":18,"key":"BlessingOfTheForge"},{"floor":30,"key":"Dexterity Potion"},{"floor":33,"key":"AttackPotion"},{"floor":39,"key":"GamblersBrew"},{"floor":45,"key":"Weak Potion"}],"is_trial":false,"path_per_floor":["M","M","T","M","M","R","E","R","T","?","?","M","M","M","R","B",null,"M","?","?","M","M","E","R","E","T","R","$","T","M","?","R","B",null,"M","M","?","?","M","R","?","R","T","$","M","R","M","M","R","B",null],"character_chosen":"RUNESMITH_CLASS","items_purchased":["Strawberry","hubris:EmptyBottle","TungstenRod"],"campfire_rested":6,"item_purchase_floors":[28,28,44],"current_hp_per_floor":[69,69,69,68,67,67,48,48,48,39,39,29,16,12,33,58,70,58,42,42,42,26,18,39,39,39,70,77,77,70,70,70,14,77,76,52,71,71,32,70,70,70,70,70,29,67,18,2,40,22],"gold":85,"neow_bonus":"RANDOM_COMMON_RELIC","is_daily":false,"chose_seed":false,"campfire_upgraded":4,"win_rate":0.0,"timestamp":1613496722,"path_taken":["M","M","?","M","M","R","E","R","T","?","?","M","M","M","R","BOSS","BOSS","M","?","?","?","M","E","R","E","T","R","?","?","M","?","R","BOSS","M","M","?","?","?","R","?","R","T","?","M","R","M","M","R","BOSS"],"items_purchased_type":["Relic","Relic","Relic"],"build_version":"2020-12-22","purchased_purges":1,"victory":true,"max_hp_per_floor":[70,70,70,70,70,70,70,70,70,70,70,70,70,70,70,70,70,70,70,70,70,70,70,70,70,70,70,77,77,77,77,77,77,77,77,77,77,77,77,77,77,77,77,77,77,77,77,77,77,77],"card_choices":[{"not_picked":["Runesmith:ChaoticBlast","Runesmith:CraftProtectio","Runesmith:Overpower"],"picked":"SKIP","floor":1.0},{"not_picked":["Runesmith:Reinforce","Runesmith:FrozenChisel"],"picked":"Runesmith:EarthShield","floor":2.0},{"not_picked":["Runesmith:RuneHurl","Runesmith:HammerThrow"],"picked":"Runesmith:CraftMagma","floor":4.0},{"not_picked":["Runesmith:StaticCage","Runesmith:Accelerate"],"picked":"Runesmith:CraftMagma","floor":5.0},{"not_picked":["Runesmith:UnstableHammer","Runesmith:OneForEveryone"],"picked":"Runesmith:FrozenChisel","floor":7.0},{"not_picked":["Runesmith:HeatExchange","Runesmith:EarthShield"],"picked":"Runesmith:DoubleUp","floor":10.0},{"not_picked":["Runesmith:Supernova","Runesmith:Overpower"],"picked":"Runesmith:CraftProtectio","floor":12.0},{"not_picked":["Runesmith:Malloc","Runesmith:FrozenChisel"],"picked":"Runesmith:HeatedChisel","floor":13.0},{"not_picked":["Runesmith:Overpower","Runesmith:Reinforce"],"picked":"Runesmith:CraftObretio","floor":14.0},{"not_picked":["Runesmith:CraftIndustria","Runesmith:ReplicatingBarrier"],"picked":"Runesmith:GrandSlam","floor":16},{"not_picked":["Runesmith:RuneHurl+1","Runesmith:Attraction+1","Runesmith:FieryHammer"],"picked":"SKIP","floor":18},{"not_picked":["Runesmith:HammerTime","Runesmith:DoubleUp","Runesmith:HeatExchange"],"picked":"SKIP","floor":21},{"not_picked":["Runesmith:Attraction","Runesmith:RuneHurl","Runesmith:FieryHammer"],"picked":"SKIP","floor":22},{"not_picked":["Runesmith:ChaoticBlast","Runesmith:CraftProtectio"],"picked":"Runesmith:Superposition","floor":23},{"not_picked":["Runesmith:FrozenChisel+1","Runesmith:NegativeSpace+1"],"picked":"Runesmith:EnergizedChisel","floor":25},{"not_picked":["Runesmith:Repurpose","Runesmith:Attraction"],"picked":"Runesmith:CraftPrismatica","floor":30},{"not_picked":["Runesmith:Duplicate","Runesmith:CraftPrismatica"],"picked":"Runesmith:CreatorForm","floor":33},{"not_picked":["Runesmith:EnergizedChisel+1","Runesmith:HammerAndChisel","Runesmith:FieryHammer"],"picked":"SKIP","floor":35},{"not_picked":["Runesmith:HammerTime","Runesmith:EnergizedChisel"],"picked":"Runesmith:CraftMagma+1","floor":36},{"not_picked":["Runesmith:Repurpose+1","Runesmith:Malloc+1","Runesmith:UnstableHammer+1"],"picked":"SKIP","floor":39},{"not_picked":["Runesmith:Terraform+1","Runesmith:Firewall"],"picked":"Runesmith:EarthShield+1","floor":45},{"not_picked":["Runesmith:StaticCage","Runesmith:DuctTape","Runesmith:CraftProtectio+1"],"picked":"SKIP","floor":47},{"not_picked":["Runesmith:HeatedChisel+1","Runesmith:CraftProtectio"],"picked":"Runesmith:Accelerate+1","floor":48}],"player_experience":485364,"relics_obtained":[{"floor":3.0,"key":"Replay:Bottled Eggs"},{"floor":7.0,"key":"Vajra"},{"floor":9.0,"key":"Bronze Scales"},{"floor":10.0,"key":"Odd Mushroom"},{"floor":19,"key":"Enchiridion"},{"floor":23,"key":"Pet Ghost"},{"floor":25,"key":"Regal Pillow"},{"floor":26,"key":"Bottled Lightning"},{"floor":29,"key":"Orichalcum"},{"floor":43,"key":"Runesmith:EmergencyProvisions"}],"event_choices":[{"damage_healed":0.0,"max_hp_gain":0.0,"max_hp_loss":0.0,"gold_gain":0.0,"event_name":"Mushrooms","player_choice":"Fought Mushrooms","floor":10.0,"gold_loss":0.0,"damage_taken":0.0},{"damage_healed":0,"gold_gain":0,"player_choice":"Obtained Book","damage_taken":16,"max_hp_gain":0,"max_hp_loss":0,"event_name":"Cursed Tome","floor":19,"gold_loss":0},{"damage_healed":0,"gold_gain":0,"player_choice":"Upgraded","damage_taken":0,"max_hp_gain":0,"max_hp_loss":0,"event_name":"Upgrade Shrine","floor":20,"gold_loss":0,"cards_upgraded":["Runesmith:DoubleUp"]},{"damage_healed":0,"gold_gain":0,"player_choice":"Obtained Relic","damage_taken":0,"relics_obtained":["Letter Opener"],"max_hp_gain":0,"max_hp_loss":0,"event_name":"Addict","floor":31,"gold_loss":85},{"damage_healed":19,"gold_gain":0,"player_choice":"Writhe","damage_taken":0,"max_hp_gain":0,"max_hp_loss":0,"event_name":"Winding Halls","floor":37,"gold_loss":0,"cards_obtained":["Writhe"]},{"cards_removed":["Writhe"],"damage_healed":0,"gold_gain":0,"player_choice":"Purged","damage_taken":0,"max_hp_gain":0,"max_hp_loss":0,"event_name":"Purifier","floor":38,"gold_loss":0},{"cards_removed":["Runesmith:CreatorForm"],"damage_healed":0,"gold_gain":0,"player_choice":"Removed Power","damage_taken":0,"max_hp_gain":0,"max_hp_loss":0,"event_name":"Falling","floor":41,"gold_loss":0}],"is_beta":false,"boss_relics":[{"not_picked":["ChewingGum","hubris:VirtuousBlindfold","bronze:MakeshiftBattery"]},{"not_picked":["Calling Bell","hubris:TerracottaHorce"],"picked":"Runesmith:CoreCrystal"}],"items_purged_floors":[28],"is_endless":false,"potions_floor_spawned":[1,5,12,14,16,18,25,30,33,39,45],"ascension_level":2}}