{"host":"cd7awanv0x2msn9z","time":1613500729,"event":{"mods":["BaseMod","Downfall","Minty Spire (QoL Compilation)","Replay The Spire","StSLib","SuperFastMode"],"gold_per_floor":[114,114,114,114,114,114,189,189,189,189,25,41,54,1,1,1,1],"floor_reached":16,"language":"ZHS","playtime":1014,"items_purged":[],"score":86,"play_id":"ebb79db2-c99a-4bdd-adfe-1c1288e3cf61","local_time":"20210217023849","is_ascension_mode":false,"campfire_choices":[{"data":"ReplayTheSpireMod:Shiv Toss","floor":6,"key":"SMITH"},{"data":"Neutralize","floor":8,"key":"SMITH"},{"data":"Survivor","floor":10,"key":"SMITH"},{"data":"Acrobatics","floor":15,"key":"SMITH"},{"data":"PiercingWail","floor":15,"key":"SMITH"}],"circlet_count":0,"master_deck":["Strike_G","Strike_G","Strike_G","Strike_G","Strike_G","Defend_G","Defend_G","Defend_G","Defend_G","Survivor+1","Neutralize+1","Sadistic Nature+1","ReplayTheSpireMod:Shiv Toss+1","ReplayTheSpireMod:Splinters","PiercingWail+1","Acrobatics+1"],"relics":["Ring of the Snake","Replay:Bottled Steam","Bag of Marbles","Eternal Feather","ReplayTheSpireMod:CursedCoin","Replay:Arrowhead"],"acts_visited":["Exordium"],"potions_floor_usage":[16],"damage_taken":[{"damage":5,"enemies":"Small Slimes","floor":1,"turns":4},{"damage":0,"enemies":"Jaw Worm","floor":12,"turns":3},{"damage":1,"enemies":"2 Louse","floor":13,"turns":3},{"damage":29,"enemies":"Hexaghost","floor":16,"turns":9}],"seed_played":"-5307307485429086540","potions_obtained":[{"floor":12,"key":"champ:CounterPotion"}],"is_trial":false,"path_per_floor":["M","?","T","?","?","R","?","R","T","R","$","M","M","$","R","B"],"character_chosen":"THE_SILENT","items_purchased":["ReplayTheSpireMod:CursedCoin","Replay:Arrowhead","Acrobatics"],"campfire_rested":0,"item_purchase_floors":[11,11,14],"current_hp_per_floor":[44,32,32,32,25,25,14,14,14,20,20,20,19,19,28,0,0],"gold":1,"neow_bonus":"RANDOM_COLORLESS_2","is_daily":false,"chose_seed":false,"campfire_upgraded":5,"win_rate":0.0,"timestamp":1613500729,"path_taken":["M","?","?","?","?","R","?","R","T","R","?","M","M","$","R","BOSS"],"items_purchased_type":["Relic","Relic","Card"],"build_version":"2020-12-22","purchased_purges":0,"victory":false,"max_hp_per_floor":[70,70,70,70,70,70,70,70,70,70,70,70,70,70,70,70,70],"card_choices":[{"not_picked":["Midas Touch","Chrysalis"],"picked":"Sadistic Nature","floor":0},{"not_picked":["Sucker Punch","Eviscerate"],"picked":"ReplayTheSpireMod:Shiv Toss","floor":1},{"not_picked":["Calculated Gamble","Dagger Throw"],"picked":"PiercingWail","floor":12},{"not_picked":["Deadly Poison","Dash","Deflect"],"picked":"SKIP","floor":13}],"player_experience":67403,"relics_obtained":[{"floor":3,"key":"Bag of Marbles"},{"floor":9,"key":"Eternal Feather"}],"event_choices":[{"damage_healed":0,"gold_gain":0,"player_choice":"Success","damage_taken":12,"relics_obtained":["Replay:Bottled Steam"],"max_hp_gain":0,"max_hp_loss":0,"event_name":"Scrap Ooze","floor":2,"gold_loss":0},{"damage_healed":0,"gold_gain":0,"player_choice":"Grow","damage_taken":0,"max_hp_gain":0,"max_hp_loss":0,"event_name":"Living Wall","floor":4,"gold_loss":0,"cards_upgraded":["Sadistic Nature"]},{"cards_removed":["Defend_G"],"damage_healed":0,"gold_gain":0,"player_choice":"Card Removal","damage_taken":7,"max_hp_gain":0,"max_hp_loss":0,"event_name":"Golden Wing","floor":5,"gold_loss":0},{"damage_healed":0,"gold_gain":75,"player_choice":"Gather Gold","damage_taken":11,"max_hp_gain":0,"max_hp_loss":0,"event_name":"World of Goop","floor":7,"gold_loss":0}],"is_beta":false,"boss_relics":[],"items_purged_floors":[],"is_endless":false,"potions_floor_spawned":[12],"killed_by":"Hexaghost","ascension_level":0}}