{"host":"6vv0uythevi5qk1w","time":1613477834,"event":{"mods":["Act Like it!","BaseMod","Downfall","Gensokyo","Marisa£®ÏF”Í°°ƒß¿Ì…≥£©","Minty Spire (QoL Compilation)","Replay The Spire","StSLib"],"gold_per_floor":[116,132,132,144,144,144,194,194,194,235,235,277,277,202,202,322,322,360,79,29,69,69,422,422,422,447,704,798,798,798,798,798],"floor_reached":31,"language":"ZHS","playtime":1735,"items_purged":["Strike_MRS"],"score":420,"play_id":"ea22bcd4-7d78-4884-9714-6c89c37b2bc6","local_time":"20210216201714","is_ascension_mode":true,"campfire_choices":[{"data":"WitchOfGreed","floor":6.0,"key":"SMITH"},{"data":"SuperNova","floor":13.0,"key":"SMITH"},{"data":"Acceleration","floor":15.0,"key":"SMITH"},{"data":"ManaRampage","floor":25.0,"key":"SMITH"},{"data":"Gensokyo:MenInBlack","floor":30,"key":"SMITH"}],"circlet_count":0,"master_deck":["Defend_MRS","Defend_MRS","MasterSpark","UpSweep","AsteroidBelt","StarlightTyphoon","WitchOfGreed+1","SuperNova+1","Acceleration+1","ManaRampage+1","Gensokyo:BlemishedSteel","Trip+1","hexamod:Hexaguard","Gensokyo:FourOfAKind","Gensokyo:FourOfAKind","Gensokyo:FourOfAKind","Gensokyo:FourOfAKind","Slimebound:Recollect","Gensokyo:MenInBlack+1"],"relics":["MiniHakkero","ExperimentalFamiliar","Singing Bowl","Happy Flower","RampagingMagicTools","PrismaticShard","Molten Egg 2","Replay:Baseball","Meat on the Bone"],"acts_visited":["Exordium","Gensokyo:Gensokyo"],"potions_floor_usage":[31],"damage_taken":[{"damage":0.0,"enemies":"Gensokyo:3_Fairies","floor":1.0,"turns":3.0},{"damage":0.0,"enemies":"Gensokyo:Gryphon","floor":2.0,"turns":2.0},{"damage":0.0,"enemies":"Gensokyo:2_Kodama","floor":4.0,"turns":1.0},{"damage":11.0,"enemies":"Gensokyo:Cirno","floor":7.0,"turns":5.0},{"damage":0.0,"enemies":"Gensokyo:5_Fairies","floor":10.0,"turns":2.0},{"damage":0.0,"enemies":"Gensokyo:Python_and_Kodama","floor":12.0,"turns":3.0},{"damage":7.0,"enemies":"Gensokyo:Kokoro","floor":16.0,"turns":11.0},{"damage":2.0,"enemies":"Gensokyo:3_Dogs","floor":18.0,"turns":3.0},{"damage":0.0,"enemies":"Gensokyo:2_Gloops","floor":21.0,"turns":5.0},{"damage":33.0,"enemies":"Gensokyo:Koishi","floor":23.0,"turns":5.0},{"damage":25.0,"enemies":"Gensokyo:Tenshi","floor":27.0,"turns":5.0},{"damage":5,"enemies":"Gensokyo:Monolith_and_Dog","floor":28,"turns":3},{"damage":0,"enemies":"Gensokyo:Slime_Group","floor":31,"turns":4}],"seed_played":"-31521373488108739","potions_obtained":[{"floor":4.0,"key":"DistilledChaos"},{"floor":10.0,"key":"Reflective Coating"},{"floor":12.0,"key":"Doom Potion"},{"floor":12.0,"key":"GamblersBrew"},{"floor":18.0,"key":"Elixir"},{"floor":18.0,"key":"ColorlessPotion"},{"floor":21.0,"key":"GamblersBrew"},{"floor":21.0,"key":"Languid Potion"},{"floor":23.0,"key":"Fire Potion"},{"floor":27.0,"key":"Dexterity Potion"},{"floor":28,"key":"Death Potion"},{"floor":28,"key":"FearPotion"},{"floor":28,"key":"BlessingOfTheForge"}],"is_trial":false,"path_per_floor":["M","M","?","M","?","R","E","?","T","M","?","M","R","$","R","B",null,"M","COS","?","M","?","E","?","R","T","E","M","?","R","M"],"character_chosen":"MARISA","items_purchased":[],"campfire_rested":0,"item_purchase_floors":[],"current_hp_per_floor":[68,68,57,57,27,27,16,16,16,16,16,18,18,18,18,11,61,61,61,68,68,68,35,35,35,35,12,19,19,19,19,19],"gold":798,"neow_bonus":"CURSED_BOSS_RELIC","is_daily":false,"chose_seed":false,"campfire_upgraded":5,"win_rate":0.0,"timestamp":1613477834,"path_taken":["M","M","?","M","?","R","E","?","T","?","?","?","R","?","R","BOSS","M","COS","?","M","?","E","?","R","T","E","?","?","R","M"],"items_purchased_type":[],"build_version":"2020-12-22","purchased_purges":1,"victory":false,"max_hp_per_floor":[75,75,75,75,75,75,75,75,75,75,75,77,77,77,77,77,77,79,79,86,86,86,86,61,61,61,63,63,57,57,57,57],"card_choices":[{"not_picked":["IllusionStar","DoubleSpark"],"picked":"AsteroidBelt","floor":1.0},{"not_picked":["GrandCross","GasGiant"],"picked":"StarlightTyphoon","floor":2.0},{"not_picked":["IllusionStar","PowerUp"],"picked":"WitchOfGreed","floor":4.0},{"not_picked":["AsteroidBelt","StarBarrage","LuminesStrike"],"picked":"SKIP","floor":7.0},{"not_picked":["UnstableBomb","GalacticHalo"],"picked":"Acceleration","floor":10.0},{"not_picked":["ChargingUp","MeteoricShower","Robbery"],"picked":"Singing Bowl","floor":12.0},{"not_picked":["BigCrunch","BinaryStars"],"picked":"ManaRampage","floor":16.0},{"not_picked":["EarthLightRay","PropBag","DarkMatter"],"picked":"Singing Bowl","floor":18.0},{"not_picked":["hexamod:NightmareStrike+1","bronze:Branch"],"picked":"Trip+1","floor":21.0},{"not_picked":["champ:BerserkerStyle","Chill+1"],"picked":"hexamod:Hexaguard","floor":23.0},{"not_picked":["Slimebound:SplitSpecialist","Fasting2","Twin Strike+1"],"picked":"Singing Bowl","floor":27.0},{"not_picked":["Swift Strike+1","sneckomod:UnknownClassHEXA_GHOST_PURPLE"],"picked":"Slimebound:Recollect","floor":28},{"not_picked":["Gensokyo:LochNessMonster+1","Gensokyo:Apocalypse+1"],"picked":"Gensokyo:MenInBlack","floor":29}],"player_experience":550938,"relics_obtained":[{"floor":7.0,"key":"Pocketwatch"},{"floor":9.0,"key":"Singing Bowl"},{"floor":23.0,"key":"Molten Egg 2"},{"floor":26.0,"key":"Replay:Baseball"},{"floor":27.0,"key":"Meat on the Bone"}],"event_choices":[],"is_beta":false,"boss_relics":[{"not_picked":["Cursed Key","Runic Pyramid"],"picked":"RampagingMagicTools"}],"items_purged_floors":[14],"is_endless":false,"potions_floor_spawned":[4,12,18,21],"killed_by":"Gensokyo:Slime_Group","ascension_level":6}}