{"host":"szp1d6dso4pv7ddl","time":1613448933,"event":{"mods":["AchievementEnabler","Alarm Clock","BaseMod","Bestiary","Block Reminder","Colored Map","Colored Powertips","Curses Come First","Dark Map","Displayed Cursed Tome","Highlight Path","Minty Spire (QoL Compilation)","Permanent Neow","Quick Restart","Relic Sorter","Relic Stats","StSLib","Synergy Search"],"gold_per_floor":[111,34,48,58,58,58,108,120,172,204,204,34,53,63,63,137,137,156,156,38,38,88,88,88],"floor_reached":23,"language":"ENG","playtime":901,"items_purged":["Strike_G"],"score":378,"play_id":"d5e61c0e-68ae-44e3-a15c-2e042180b8a3","local_time":"20210215201533","is_ascension_mode":true,"campfire_choices":[{"floor":6,"key":"REST"},{"floor":11,"key":"REST"},{"floor":15,"key":"REST"}],"circlet_count":0,"master_deck":["AscendersBane","Defend_G","Defend_G","Defend_G","Defend_G","Survivor","Neutralize","Sucker Punch","Noxious Fumes","Noxious Fumes","Dash","Deadly Poison","Footwork","Caltrops","Deflect","Crippling Poison","Cloak And Dagger","Venomology","Dash","PiercingWail","Footwork","Dash","Unload","Unload"],"relics":["Empty Cage","Bag of Marbles","Bronze Scales","SlaversCollar"],"acts_visited":["Exordium","TheCity"],"potions_floor_usage":[16,23],"damage_taken":[{"damage":14,"enemies":"Cultist","floor":1,"turns":6},{"damage":7,"enemies":"Jaw Worm","floor":3,"turns":5},{"damage":2,"enemies":"Small Slimes","floor":4,"turns":4},{"damage":4,"enemies":"Red Slaver","floor":8,"turns":5},{"damage":38,"enemies":"Gremlin Nob","floor":10,"turns":5},{"damage":1,"enemies":"Looter","floor":13,"turns":4},{"damage":6,"enemies":"Large Slime","floor":14,"turns":6},{"damage":15,"enemies":"The Guardian","floor":16,"turns":8},{"damage":18,"enemies":"Spheric Guardian","floor":18,"turns":5},{"damage":49,"enemies":"Slavers","floor":23,"turns":4}],"seed_played":"9131536514418904423","potions_obtained":[{"floor":1,"key":"ColorlessPotion"},{"floor":13,"key":"Ancient Potion"}],"is_trial":false,"path_per_floor":["M","$","M","M","?","R","?","M","T","E","R","$","M","M","R","B",null,"M","?","$","?","?","E"],"character_chosen":"THE_SILENT","items_purchased":["Noxious Fumes","Caltrops","Deflect","Footwork","Dash"],"campfire_rested":3,"item_purchase_floors":[2,12,12,20,20],"current_hp_per_floor":[45,45,38,36,29,48,48,44,44,6,25,25,24,18,37,22,55,37,37,37,37,37,0,0],"gold":88,"neow_bonus":"BOSS_RELIC","is_daily":false,"chose_seed":false,"campfire_upgraded":0,"win_rate":0.0,"timestamp":1613448933,"path_taken":["M","?","M","?","?","R","?","M","T","E","R","$","M","M","R","BOSS","M","?","$","?","?","E"],"items_purchased_type":["Card","Card","Card","Card","Card"],"build_version":"2020-12-22","purchased_purges":1,"victory":false,"max_hp_per_floor":[66,66,66,66,66,66,66,66,66,66,66,66,66,66,66,66,66,66,66,66,66,66,66,66],"relic_stats":{"counters":[10,52],"Bronze Scales":[71],"obtain_stats":[{"SlaversCollar":17,"Bronze Scales":10,"Bag of Marbles":9,"Empty Cage":0,"Ring of the Snake":0},{"SlaversCollar":8,"Bronze Scales":5,"Bag of Marbles":4,"Empty Cage":0,"Ring of the Snake":0},{"SlaversCollar":43,"Bronze Scales":25,"Bag of Marbles":20,"Empty Cage":0,"Ring of the Snake":0}]},"card_choices":[{"not_picked":["Expertise","Backflip"],"picked":"Sucker Punch","floor":1},{"not_picked":["Acrobatics","Flechettes"],"picked":"Noxious Fumes","floor":3},{"not_picked":["Acrobatics","Setup"],"picked":"Dash","floor":4},{"not_picked":["Underhanded Strike","Dagger Throw"],"picked":"Deadly Poison","floor":8},{"not_picked":["Reflex","All Out Attack"],"picked":"Footwork","floor":10},{"not_picked":["Die Die Die","Finisher"],"picked":"Crippling Poison","floor":13},{"not_picked":["Blade Dance","Underhanded Strike"],"picked":"Cloak And Dagger","floor":14},{"not_picked":["A Thousand Cuts","Unload"],"picked":"Venomology","floor":16},{"not_picked":["Slice","Flechettes"],"picked":"Dash","floor":18}],"player_experience":1585709,"relics_obtained":[{"floor":9,"key":"Bag of Marbles"},{"floor":10,"key":"Bronze Scales"}],"event_choices":[{"cards_removed":["Strike_G"],"damage_healed":0,"gold_gain":0,"player_choice":"Card Removal","damage_taken":7,"max_hp_gain":0,"max_hp_loss":0,"event_name":"Golden Wing","floor":5,"gold_loss":0},{"damage_healed":0,"gold_gain":50,"player_choice":"Pray","damage_taken":0,"max_hp_gain":0,"max_hp_loss":0,"event_name":"Golden Shrine","floor":7,"gold_loss":0},{"damage_healed":0,"gold_gain":0,"player_choice":"Read","damage_taken":0,"max_hp_gain":0,"max_hp_loss":0,"event_name":"The Library","floor":19,"gold_loss":0,"cards_obtained":["PiercingWail"]},{"damage_healed":0,"gold_gain":0,"cards_transformed":["Strike_G","Strike_G"],"player_choice":"Became Test Subject","damage_taken":0,"max_hp_gain":0,"max_hp_loss":0,"event_name":"Drug Dealer","floor":21,"gold_loss":0,"cards_obtained":["Unload","Unload"]},{"damage_healed":0,"gold_gain":50,"player_choice":"Stole From Cult","damage_taken":0,"max_hp_gain":0,"max_hp_loss":0,"event_name":"Nest","floor":22,"gold_loss":0}],"is_beta":false,"boss_relics":[{"not_picked":["Tiny House","Snecko Eye"],"picked":"SlaversCollar"}],"items_purged_floors":[12],"is_endless":false,"potions_floor_spawned":[1,13,14,18],"killed_by":"Slavers","ascension_level":20}}