{"host":"1v3mnj67s3trvm6y","time":1613465967,"event":{"mods":["Astrologer","BaseMod","Challenge The Spire","Minty Spire (QoL Compilation)","StSLib"],"gold_per_floor":[109,126,139,155,170,198,198,198,280,290,319,338,355,374,374,476,476,492,512,512,523,330,330,349,349,349],"floor_reached":25,"language":"ENG","playtime":1498,"items_purged":["astrologer:Strike"],"score":221,"play_id":"0c57b0b1-dca5-4f49-aba7-21e082a652cd","local_time":"20210216175927","is_ascension_mode":false,"campfire_choices":[{"floor":8,"key":"REST"},{"floor":15,"key":"REST"},{"data":"astrologer:Starfield","floor":23,"key":"SMITH"}],"circlet_count":0,"master_deck":["astrologer:Strike+1","astrologer:Strike","astrologer:Strike","astrologer:Defend","astrologer:Defend","astrologer:Defend","astrologer:Defend","astrologer:NorthStar","astrologer:TheFool","astrologer:CosmicExpanse","astrologer:Strength","astrologer:FrozenStar","astrologer:Stardust","astrologer:LonelyStar","astrologer:TheTower","astrologer:StarOfMisfortune","astrologer:Starfield+1","astrologer:GlassStar","astrologer:StarOfMisfortune","astrologer:TheMagician","astrologer:StarOfRegret","astrologer:Prismatic+1","astrologer:Eclipse","astrologer:ReadTheStars"],"relics":["astrologer:SkyMirror","Smiling Mask","CultistMask","Shuriken","Girya","SlaversCollar","Lee\u0027s Waffle"],"acts_visited":["Exordium","TheCity"],"potions_floor_usage":[5,6,16,25],"damage_taken":[{"damage":0,"enemies":"Jaw Worm","floor":1,"turns":3},{"damage":1,"enemies":"Cultist","floor":2,"turns":4},{"damage":0,"enemies":"2 Louse","floor":3,"turns":2},{"damage":5,"enemies":"Large Slime","floor":4,"turns":5},{"damage":6,"enemies":"Exordium Thugs","floor":5,"turns":5},{"damage":47,"enemies":"Gremlin Nob","floor":6,"turns":5},{"damage":4,"enemies":"Exordium Wildlife","floor":10,"turns":4},{"damage":19,"enemies":"Lagavulin","floor":11,"turns":7},{"damage":7,"enemies":"Large Slime","floor":12,"turns":4},{"damage":5,"enemies":"Exordium Thugs","floor":13,"turns":4},{"damage":0,"enemies":"2 Fungi Beasts","floor":14,"turns":4},{"damage":39,"enemies":"Slime Boss","floor":16,"turns":9},{"damage":16,"enemies":"Chosen","floor":18,"turns":6},{"damage":11,"enemies":"Spheric Guardian","floor":19,"turns":5},{"damage":22,"enemies":"Cultist and Chosen","floor":21,"turns":6},{"damage":37,"enemies":"3 Cultists","floor":24,"turns":6},{"damage":47,"enemies":"Gremlin Leader","floor":25,"turns":6}],"seed_played":"7743482083198094883","potions_obtained":[{"floor":1,"key":"GamblersBrew"},{"floor":3,"key":"GamblersBrew"},{"floor":5,"key":"Fruit Juice"},{"floor":10,"key":"SpeedPotion"},{"floor":13,"key":"Regen Potion"}],"is_trial":false,"path_per_floor":["M","M","M","M","M","E","?","R","T","M","E","M","M","M","R","B",null,"M","M","?","M","$","R","M","E"],"character_chosen":"ASTROLOGER","items_purchased":["Lee\u0027s Waffle"],"campfire_rested":2,"item_purchase_floors":[22],"current_hp_per_floor":[70,69,69,64,63,16,16,38,38,34,15,8,3,3,25,1,75,59,48,48,26,82,82,45,0,0],"gold":349,"neow_bonus":"UPGRADE_CARD","is_daily":false,"chose_seed":false,"campfire_upgraded":1,"win_rate":0.0,"timestamp":1613465967,"path_taken":["M","M","M","M","M","E","?","R","T","M","E","?","M","M","R","BOSS","M","M","?","M","$","R","M","E"],"items_purchased_type":["Relic"],"build_version":"2020-12-22","purchased_purges":1,"victory":false,"max_hp_per_floor":[70,70,70,70,75,75,75,75,75,75,75,75,75,75,75,75,75,75,75,75,75,82,82,82,82,82],"card_choices":[{"not_picked":["astrologer:NeutronStar","astrologer:Still"],"picked":"astrologer:CosmicExpanse","floor":1},{"not_picked":["astrologer:SpaceDust","astrologer:FrozenStar"],"picked":"astrologer:Strength","floor":2},{"not_picked":["astrologer:Radiance","astrologer:Moonlight"],"picked":"astrologer:FrozenStar","floor":3},{"not_picked":["astrologer:MeteorShower","astrologer:Still"],"picked":"astrologer:Stardust","floor":4},{"not_picked":["astrologer:Justice","astrologer:Stardust"],"picked":"astrologer:LonelyStar","floor":5},{"not_picked":["astrologer:Conjunction","astrologer:Radiance"],"picked":"astrologer:TheTower","floor":6},{"not_picked":["astrologer:Radiance","astrologer:CometStrike"],"picked":"astrologer:StarOfMisfortune","floor":10},{"not_picked":["astrologer:WheelofFortune","astrologer:CometStrike"],"picked":"astrologer:Starfield","floor":11},{"not_picked":["astrologer:NeutronStar","astrologer:Radiance"],"picked":"astrologer:GlassStar","floor":12},{"not_picked":["astrologer:MeteorShower","astrologer:CometStrike","astrologer:Stardust"],"picked":"SKIP","floor":13},{"not_picked":["astrologer:Conjunction","astrologer:TheHighPriestess"],"picked":"astrologer:StarOfMisfortune","floor":14},{"not_picked":["astrologer:Starfield","astrologer:Alignment"],"picked":"astrologer:TheMagician","floor":16},{"not_picked":["astrologer:CometStrike","astrologer:Still"],"picked":"astrologer:StarOfRegret","floor":18},{"not_picked":["astrologer:FrozenStar","astrologer:LonelyStar"],"picked":"astrologer:Prismatic+1","floor":19},{"not_picked":["astrologer:Retelling","astrologer:Radiance"],"picked":"astrologer:Eclipse","floor":21},{"not_picked":["astrologer:NeutronStar","astrologer:Opposition"],"picked":"astrologer:ReadTheStars","floor":24}],"player_experience":1539270,"relics_obtained":[{"floor":6,"key":"Smiling Mask"},{"floor":9,"key":"Shuriken"},{"floor":11,"key":"Girya"}],"event_choices":[{"damage_healed":0,"gold_gain":0,"player_choice":"Trade","damage_taken":0,"relics_obtained":["CultistMask"],"max_hp_gain":0,"max_hp_loss":0,"event_name":"FaceTrader","floor":7,"gold_loss":0},{"damage_healed":0,"gold_gain":0,"player_choice":"Ignored","damage_taken":0,"max_hp_gain":0,"max_hp_loss":0,"event_name":"Ghosts","floor":20,"gold_loss":0}],"is_beta":false,"boss_relics":[{"not_picked":["Coffee Dripper","Pandora\u0027s Box"],"picked":"SlaversCollar"}],"items_purged_floors":[22],"is_endless":false,"potions_floor_spawned":[1,3,5,10,13],"killed_by":"Gremlin Leader","ascension_level":0}}