{"host":"bf5upntvbdompq33","time":1613454104,"event":{"mods":["BaseMod","Bestiary","Colored Map","Colored Powertips","Curses Come First","Highlight Path","Minty Spire (QoL Compilation)","StSLib","ojb\u0027s Info Mod"],"gold_per_floor":[119,119,294,307,160,160,37,69,93,123,137,137,157,175,175,270,270,285,298,129,129,0,0,19,19,19,39,53,68,102,131,143,155,155],"floor_reached":33,"language":"ENG","playtime":3167,"items_purged":["Doubt","Doppelganger"],"score":471,"play_id":"cb50bc39-c049-42c8-89eb-f3aa193ff8de","local_time":"20210215224144","is_ascension_mode":true,"campfire_choices":[{"data":"Neutralize","floor":6,"key":"SMITH"},{"data":"Acrobatics","floor":12,"key":"SMITH"},{"data":"Deflect","floor":15,"key":"SMITH"},{"floor":23,"key":"REST"},{"floor":25,"key":"REST"},{"floor":32,"key":"REST"}],"circlet_count":0,"master_deck":["AscendersBane","Survivor","Neutralize+1","Terror","All Out Attack","Calculated Gamble","Backflip","Dagger Spray","Dagger Throw","Dagger Throw","Acrobatics+1","Deflect+1","Backflip","Wraith Form v2","Skewer","Expertise","Escape Plan","Slice","Bane","Masterful Stab","Glass Knife","Blade Dance","Malaise","Quick Slash","Backstab","Well Laid Plans","Necronomicurse","Outmaneuver","Slice","Quick Slash+1","Sucker Punch"],"relics":["Ring of the Snake","NeowsBlessing","Bird Faced Urn","Blood Vial","Akabeko","Orichalcum","Pandora\u0027s Box","Necronomicon","Shuriken","MawBank"],"acts_visited":["Exordium","TheCity"],"potions_floor_usage":[10,16,24,28],"damage_taken":[{"damage":0,"enemies":"Cultist","floor":1,"turns":1},{"damage":0,"enemies":"Small Slimes","floor":4,"turns":1},{"damage":0,"enemies":"3 Sentries","floor":8,"turns":1},{"damage":13,"enemies":"Gremlin Nob","floor":10,"turns":3},{"damage":0,"enemies":"Jaw Worm","floor":11,"turns":2},{"damage":0,"enemies":"Exordium Thugs","floor":13,"turns":3},{"damage":6,"enemies":"Red Slaver","floor":14,"turns":3},{"damage":14,"enemies":"The Guardian","floor":16,"turns":16},{"damage":5,"enemies":"Spheric Guardian","floor":18,"turns":3},{"damage":20,"enemies":"2 Thieves","floor":19,"turns":3},{"damage":15,"enemies":"Centurion and Healer","floor":24,"turns":3},{"damage":4,"enemies":"Chosen and Byrds","floor":27,"turns":4},{"damage":0,"enemies":"3 Cultists","floor":28,"turns":5},{"damage":14,"enemies":"Centurion and Healer","floor":29,"turns":5},{"damage":27,"enemies":"Slavers","floor":30,"turns":5},{"damage":12,"enemies":"Shelled Parasite and Fungi","floor":31,"turns":4},{"damage":52,"enemies":"Champ","floor":33,"turns":7}],"seed_played":"1869744578374214051","potions_obtained":[{"floor":1,"key":"Ancient Potion"},{"floor":4,"key":"SteroidPotion"},{"floor":11,"key":"Block Potion"},{"floor":16,"key":"CunningPotion"},{"floor":18,"key":"Fire Potion"},{"floor":27,"key":"Poison Potion"},{"floor":31,"key":"Swift Potion"}],"is_trial":false,"path_per_floor":["M","T","?","M","$","R","$","E","T","E","M","R","M","M","R","B",null,"M","M","$","?","?","R","M","R","T","M","M","M","E","M","R","B"],"character_chosen":"THE_SILENT","items_purchased":["Calculated Gamble","Backflip","Dagger Spray","Dagger Throw","Well Laid Plans"],"campfire_rested":3,"item_purchase_floors":[5,7,7,7,20],"current_hp_per_floor":[63,63,63,63,63,63,63,63,63,52,54,54,56,52,52,40,63,60,42,42,26,26,47,36,57,57,55,59,51,26,20,41,0,0],"gold":155,"neow_bonus":"THREE_ENEMY_KILL","is_daily":false,"chose_seed":false,"campfire_upgraded":3,"win_rate":0.0,"timestamp":1613454104,"path_taken":["M","?","?","M","$","R","?","E","T","E","M","R","M","?","R","BOSS","M","M","$","?","?","R","M","R","T","M","M","M","E","M","R","BOSS"],"items_purchased_type":["Card","Card","Card","Card","Card"],"build_version":"2020-12-22","purchased_purges":2,"victory":false,"max_hp_per_floor":[70,70,70,70,70,70,70,70,70,70,70,70,70,70,70,70,70,70,70,70,70,70,70,70,70,70,70,70,70,70,70,70,70,70],"card_choices":[{"not_picked":["Dodge and Roll","Underhanded Strike"],"picked":"Terror","floor":1},{"not_picked":["Predator","Dagger Spray"],"picked":"All Out Attack","floor":4},{"not_picked":["Poisoned Stab","All Out Attack"],"picked":"Dagger Throw","floor":8},{"not_picked":["Heel Hook","Blade Dance","Bane"],"picked":"SKIP","floor":10},{"not_picked":["Cloak And Dagger","Expertise"],"picked":"Acrobatics","floor":11},{"not_picked":["Noxious Fumes","Blade Dance"],"picked":"Deflect","floor":13},{"not_picked":["PiercingWail","Eviscerate"],"picked":"Backflip","floor":14},{"not_picked":["Storm of Steel","Unload"],"picked":"Wraith Form v2","floor":16},{"not_picked":["Acrobatics","Backflip+1"],"picked":"Quick Slash","floor":18},{"not_picked":["Acrobatics","Distraction"],"picked":"Backstab","floor":19},{"not_picked":["Deadly Poison+1","Dagger Throw"],"picked":"Outmaneuver","floor":24},{"not_picked":["Poisoned Stab","Prepared"],"picked":"Slice","floor":27},{"not_picked":["Cloak And Dagger+1","Finisher+1","Blade Dance"],"picked":"SKIP","floor":28},{"not_picked":["Cloak And Dagger","Reflex"],"picked":"Quick Slash+1","floor":29},{"not_picked":["Dagger Throw","Reflex+1","Crippling Poison"],"picked":"SKIP","floor":30},{"not_picked":["Backflip","Catalyst"],"picked":"Sucker Punch","floor":31}],"player_experience":1599791,"relics_obtained":[{"floor":2,"key":"Bird Faced Urn"},{"floor":8,"key":"Blood Vial"},{"floor":9,"key":"Akabeko"},{"floor":10,"key":"Orichalcum"},{"floor":21,"key":"Necronomicon"},{"floor":26,"key":"Shuriken"},{"floor":30,"key":"MawBank"}],"event_choices":[{"damage_healed":0,"gold_gain":175,"player_choice":"AGREE","damage_taken":0,"max_hp_gain":0,"max_hp_loss":0,"event_name":"Liars Game","floor":3,"gold_loss":0,"cards_obtained":["Doubt"]},{"damage_healed":0,"gold_gain":0,"player_choice":"Obtained Book","damage_taken":16,"max_hp_gain":0,"max_hp_loss":0,"event_name":"Cursed Tome","floor":21,"gold_loss":0},{"damage_healed":0,"gold_gain":0,"player_choice":"Paid Fearfully","damage_taken":0,"max_hp_gain":0,"max_hp_loss":0,"event_name":"Masked Bandits","floor":22,"gold_loss":129}],"is_beta":false,"boss_relics":[{"not_picked":["Calling Bell","Velvet Choker"],"picked":"Pandora\u0027s Box"}],"items_purged_floors":[5,20],"is_endless":false,"potions_floor_spawned":[1,4,11,16,18,19,27,31],"killed_by":"Champ","ascension_level":11}}