{"host":"5on5jp4vj4dvuydb","time":1613519341,"event":{"mods":["2.2 Compatiblity","BaseMod","Clockwork Mod","Colored Map","Colored Powertips","Dio Mod","GungeonMod","Halation","Hero for Fun","Highlight Path","Jedi Mod","Melee Mod","Minty Spire (QoL Compilation)","Morshu Shopkeeper","Small Relic Pack","StSLib","The Animator"],"gold_per_floor":[113,113,126,140,155,189,205,220,271,24,40,40,54,85,85,187,187,201,126,145,161,180,180,180,192,192,207,218,29,41,54,54,150,150,168,179,190,201,201,201,226,226,271,287,3,19,46,12,12,12,12,12,12,43,43],"floor_reached":56,"language":"ENG","playtime":9262,"items_purged":[],"score":1181,"play_id":"90603e48-07d2-4373-87e4-fd2fe4e13e57","local_time":"20210216184901","is_ascension_mode":false,"campfire_choices":[{"floor":12.0,"key":"REST"},{"floor":15.0,"key":"REST"},{"floor":23.0,"key":"RECALL"},{"floor":32,"key":"REST"},{"floor":40,"key":"REST"},{"floor":42,"key":"REST"},{"floor":49,"key":"REST"},{"data":"meleeMod_Grab","floor":52,"key":"SMITH"}],"circlet_count":0,"master_deck":["meleeMod_Jab","meleeMod_Jab","meleeMod_Shield","meleeMod_Shield","meleeMod_NeutralAir","meleeMod_BackAir","meleeMod_Knee","meleeMod_Grab+1","meleeMod_FalconKick","meleeMod_ForwardTilt","meleeMod_UpTilt","meleeMod_UpAir","meleeMod_WallJump","meleeMod_Knee","meleeMod_SweetSpot","meleeMod_BackAir+1","meleeMod_MindReader+1","meleeMod_Cautious+1","meleeMod_UpSmash+1","meleeMod_FalconKick+1","meleeMod_Gentleman+1","meleeMod_DashDance","meleeMod_UpAir+1","meleeMod_Cautious+1","meleeMod_Randall","meleeMod_ForwardTilt+1","meleeMod_ShieldPoke+1","meleeMod_WallJump","meleeMod_ShieldPoke+1","meleeMod_UpSmash+1","meleeMod_SweetSpot+1","meleeMod_SoftKnee+1","meleeMod_BlueFalcon+1","meleeMod_BackAir+1","meleeMod_HaxDash+1","meleeMod_NoDI","meleeMod_DIMixUp","meleeMod_DropZone+1","meleeMod_FalconDive","meleeMod_SoftKnee+1","meleeMod_Pause","meleeMod_Randall+1","meleeMod_Grab","meleeMod_HaxDash+1"],"relics":["meleeMod_LosersMang0","Unceasing Top","Frozen Egg 2","Molten Egg 2","Busted Crown","Ancient Tea Set","Lizard Tail","Astrolabe","meleeMod_AutoLCanceling","MealTicket","meleeMod_PeoplesChamp","Regal Pillow","Ornamental Fan"],"acts_visited":["Exordium","TheCity","TheBeyond","TheEnding"],"potions_floor_usage":[28,30,33,33,50,54,54,55],"damage_taken":[{"damage":5.0,"enemies":"2 Louse","floor":1.0,"turns":2.0},{"damage":0.0,"enemies":"Cultist","floor":3.0,"turns":2.0},{"damage":0.0,"enemies":"Small Slimes","floor":4.0,"turns":1.0},{"damage":7.0,"enemies":"Gremlin Gang","floor":5.0,"turns":5.0},{"damage":13.0,"enemies":"Lagavulin","floor":6.0,"turns":4.0},{"damage":15.0,"enemies":"Exordium Wildlife","floor":7.0,"turns":4.0},{"damage":8.0,"enemies":"Large Slime","floor":8.0,"turns":4.0},{"damage":7.0,"enemies":"Lots of Slimes","floor":11.0,"turns":3.0},{"damage":1.0,"enemies":"Exordium Thugs","floor":13.0,"turns":3.0},{"damage":20.0,"enemies":"3 Sentries","floor":14.0,"turns":8.0},{"damage":41.0,"enemies":"Slime Boss","floor":16.0,"turns":11.0},{"damage":10.0,"enemies":"Shell Parasite","floor":18.0,"turns":5.0},{"damage":0.0,"enemies":"Chosen","floor":20.0,"turns":3.0},{"damage":9.0,"enemies":"Centurion and Healer","floor":21.0,"turns":6.0},{"damage":29.0,"enemies":"3 Cultists","floor":22.0,"turns":6.0},{"damage":19.0,"enemies":"Snake Plant","floor":25.0,"turns":3.0},{"damage":0,"enemies":"Chosen and Byrds","floor":27,"turns":5},{"damage":4,"enemies":"Shelled Parasite and Fungi","floor":28,"turns":5},{"damage":23,"enemies":"3 Cultists","floor":30,"turns":5},{"damage":0,"enemies":"Centurion and Healer","floor":31,"turns":5},{"damage":8,"enemies":"Collector","floor":33,"turns":10},{"damage":18,"enemies":"3 Darklings","floor":35,"turns":5},{"damage":16,"enemies":"3 Shapes","floor":36,"turns":4},{"damage":0,"enemies":"Transient","floor":37,"turns":5},{"damage":17,"enemies":"Spire Growth","floor":38,"turns":4},{"damage":32,"enemies":"Nemesis","floor":41,"turns":9},{"damage":18,"enemies":"Sphere and 2 Shapes","floor":44,"turns":4},{"damage":0,"enemies":"Jaw Worm Horde","floor":46,"turns":2},{"damage":23,"enemies":"Giant Head","floor":47,"turns":5},{"damage":47,"enemies":"Awakened One","floor":50,"turns":13},{"damage":46,"enemies":"Shield and Spear","floor":54,"turns":8},{"damage":94,"enemies":"The Heart","floor":55,"turns":9}],"seed_played":"-8840389540069638027","potions_obtained":[{"floor":4.0,"key":"EssenceOfSteel"},{"floor":7.0,"key":"BlessingOfTheForge"},{"floor":8.0,"key":"LiquidMemories"},{"floor":25.0,"key":"Fire Potion"},{"floor":28,"key":"Regen Potion"},{"floor":31,"key":"PowerPotion"},{"floor":33,"key":"Explosive Potion"},{"floor":35,"key":"DuplicationPotion"},{"floor":38,"key":"Block Potion"},{"floor":54,"key":"AttackPotion"}],"is_trial":false,"path_per_floor":["M","?","M","M","M","E","M","M","T","$","M","R","M","E","R","B",null,"M","?","M","M","M","R","?","M","T","M","M","$","M","M","R","B",null,"M","M","M","M","?","R","E","R","T","M","$","M","E","$","R","B",null,"R","$","E","B",null],"character_chosen":"FALCON","items_purchased":["Frozen Egg 2","meleeMod_Randall","meleeMod_ForwardTilt+1","meleeMod_ShieldPoke+1","meleeMod_WallJump","meleeMod_DropZone+1","meleeMod_FalconDive","meleeMod_PeoplesChamp","meleeMod_SoftKnee+1","meleeMod_Grab"],"campfire_rested":6,"item_purchase_floors":[10,29,29,29,29,45,45,45,45,48],"current_hp_per_floor":[88,88,88,88,81,68,53,45,45,45,38,65,64,44,71,30,93,83,83,83,74,45,45,45,26,26,26,22,22,11,11,38,30,93,75,59,59,42,42,69,37,64,64,46,61,61,38,53,93,46,93,93,93,47,1],"gold":43,"neow_bonus":"TEN_PERCENT_HP_BONUS","is_daily":false,"chose_seed":false,"campfire_upgraded":1,"win_rate":0.0,"timestamp":1613519341,"path_taken":["M","?","M","M","M","E","M","M","T","$","M","R","?","E","R","BOSS","M","?","M","M","M","R","?","M","T","?","M","$","M","M","R","BOSS","M","M","?","M","?","R","E","R","T","M","$","M","E","$","R","BOSS","R","$","E","BOSS"],"items_purchased_type":["Relic","Card","Card","Card","Card","Card","Card","Relic","Card","Card"],"build_version":"2020-12-22","purchased_purges":0,"victory":true,"max_hp_per_floor":[93,93,93,93,93,93,93,93,93,93,93,93,93,93,93,93,93,93,93,93,93,93,93,93,93,93,93,93,93,93,93,93,93,93,93,93,93,93,93,93,93,93,93,93,93,93,93,93,93,93,93,93,93,93,93],"card_choices":[{"not_picked":["meleeMod_DIMixUp","meleeMod_BackAir"],"picked":"meleeMod_Knee","floor":1.0},{"not_picked":["meleeMod_DownAir","meleeMod_DashDance"],"picked":"meleeMod_Grab","floor":3.0},{"not_picked":["meleeMod_Cautious","meleeMod_ShieldPoke"],"picked":"meleeMod_FalconKick","floor":4.0},{"not_picked":["meleeMod_Grab","meleeMod_Fishing"],"picked":"meleeMod_ForwardTilt","floor":5.0},{"not_picked":["meleeMod_Gentleman","meleeMod_BMoveSpecialist"],"picked":"meleeMod_UpTilt","floor":6.0},{"not_picked":["meleeMod_Cautious","meleeMod_FalconKick"],"picked":"meleeMod_UpAir","floor":7.0},{"not_picked":["meleeMod_GetUpAttack","meleeMod_DownSmash"],"picked":"meleeMod_WallJump","floor":8.0},{"not_picked":["meleeMod_FalconDive","meleeMod_FalconPunch"],"picked":"meleeMod_Knee","floor":11.0},{"not_picked":["meleeMod_Gentleman","meleeMod_FalconKick"],"picked":"meleeMod_SweetSpot","floor":13.0},{"not_picked":["meleeMod_WallJump","meleeMod_FalconKick+1"],"picked":"meleeMod_BackAir+1","floor":14.0},{"not_picked":["meleeMod_EdgeGuard","meleeMod_Roll"],"picked":"meleeMod_MindReader+1","floor":16.0},{"not_picked":[],"picked":"meleeMod_Cautious+1","floor":18.0},{"not_picked":[],"picked":"meleeMod_UpSmash+1","floor":20.0},{"not_picked":[],"picked":"meleeMod_FalconKick+1","floor":21.0},{"not_picked":[],"picked":"meleeMod_Gentleman+1","floor":22.0},{"not_picked":[],"picked":"meleeMod_DashDance","floor":25.0},{"not_picked":[],"picked":"meleeMod_UpAir+1","floor":27},{"not_picked":[],"picked":"meleeMod_Cautious+1","floor":28},{"not_picked":[],"picked":"meleeMod_ShieldPoke+1","floor":30},{"not_picked":[],"picked":"meleeMod_UpSmash+1","floor":31},{"not_picked":[],"picked":"meleeMod_BackAir+1","floor":35},{"not_picked":["meleeMod_DashDance"],"picked":"SKIP","floor":36},{"not_picked":[],"picked":"meleeMod_HaxDash+1","floor":37},{"not_picked":["meleeMod_WaveLand+1"],"picked":"SKIP","floor":38},{"not_picked":[],"picked":"meleeMod_NoDI","floor":41},{"not_picked":[],"picked":"meleeMod_DIMixUp","floor":44},{"not_picked":[],"picked":"meleeMod_Pause","floor":46},{"not_picked":[],"picked":"meleeMod_Randall+1","floor":47},{"not_picked":[],"picked":"meleeMod_HaxDash+1","floor":54}],"player_experience":12670,"relics_obtained":[{"floor":6.0,"key":"Unceasing Top"},{"floor":14.0,"key":"Molten Egg 2"},{"floor":24.0,"key":"Ancient Tea Set"},{"floor":26.0,"key":"Lizard Tail"},{"floor":41,"key":"meleeMod_AutoLCanceling"},{"floor":43,"key":"MealTicket"},{"floor":47,"key":"Regal Pillow"},{"floor":54,"key":"Ornamental Fan"}],"event_choices":[{"damage_healed":0.0,"max_hp_gain":0.0,"max_hp_loss":0.0,"gold_gain":0.0,"event_name":"NoteForYourself","player_choice":"Ignored","floor":2.0,"gold_loss":0.0,"damage_taken":0.0},{"cards_removed":["meleeMod_Jab"],"damage_healed":0.0,"max_hp_gain":0.0,"max_hp_loss":0.0,"gold_gain":0.0,"event_name":"Beggar","player_choice":"Gave Gold","floor":19.0,"gold_loss":75.0,"damage_taken":0.0},{"damage_healed":0.0,"max_hp_gain":0.0,"max_hp_loss":0.0,"gold_gain":0.0,"event_name":"Wheel of Change","player_choice":"Relic","floor":24.0,"gold_loss":0.0,"damage_taken":0.0}],"is_beta":false,"boss_relics":[{"not_picked":["Philosopher\u0027s Stone","Coffee Dripper"],"picked":"Busted Crown"},{"not_picked":["Sozu","Tiny House"],"picked":"Astrolabe"}],"items_purged_floors":[],"is_endless":false,"potions_floor_spawned":[4,7,8,11,22,25,27,28,31,33,35,36,38,54],"ascension_level":0}}