{"host":"5ezk7t18wcb10u1o","time":1613470465,"event":{"mods":["BaseMod","Bestiary","Colored Powertips","Minty Spire (QoL Compilation)","Relic Sorter"],"gold_per_floor":[109,119,119,130,55,55,72,86,86,86,113,133,133,103,103,103,103],"floor_reached":16,"language":"ENG","playtime":1279,"items_purged":["Eruption"],"score":138,"play_id":"84f735c2-0cf1-4fd4-aaf5-3a4c173474b0","local_time":"20210216101425","is_ascension_mode":true,"campfire_choices":[{"data":"Evaluate","floor":6.0,"key":"SMITH"},{"floor":13,"key":"REST"},{"data":"Prostrate","floor":15,"key":"SMITH"}],"circlet_count":0,"master_deck":["Strike_P","Strike_P","Strike_P","Strike_P","Defend_P","Defend_P","Defend_P","Vigilance","Prostrate+1","Evaluate+1","Crescendo","Perseverance","WaveOfTheHand","WreathOfFlame"],"relics":["PureWater","Singing Bowl","Eternal Feather","Pen Nib"],"acts_visited":["Exordium"],"potions_floor_usage":[11],"damage_taken":[{"damage":0.0,"enemies":"Small Slimes","floor":1.0,"turns":5.0},{"damage":0.0,"enemies":"Jaw Worm","floor":2.0,"turns":4.0},{"damage":0.0,"enemies":"Cultist","floor":4.0,"turns":5.0},{"damage":12.0,"enemies":"Lots of Slimes","floor":7.0,"turns":7.0},{"damage":8.0,"enemies":"Exordium Thugs","floor":8.0,"turns":5.0},{"damage":24,"enemies":"Lagavulin","floor":11,"turns":6},{"damage":8,"enemies":"Exordium Wildlife","floor":12,"turns":9},{"damage":0,"enemies":"Looter","floor":14,"turns":4},{"damage":22,"enemies":"The Guardian","floor":16,"turns":6}],"seed_played":"-4133481380507056910","potions_obtained":[{"floor":8.0,"key":"Strength Potion"},{"floor":12,"key":"FearPotion"}],"is_trial":false,"path_per_floor":["M","M","?","M","$","R","M","M","T","?","E","M","R","M","R","B"],"character_chosen":"WATCHER","items_purchased":[],"campfire_rested":1,"item_purchase_floors":[],"current_hp_per_floor":[72,72,65,65,65,65,53,45,45,45,23,15,45,47,53,31,31],"gold":103,"neow_bonus":"TEN_PERCENT_HP_BONUS","is_daily":false,"chose_seed":false,"campfire_upgraded":2,"win_rate":0.0,"timestamp":1613470465,"path_taken":["M","M","?","M","$","R","M","M","T","?","E","?","R","M","R","BOSS"],"items_purchased_type":[],"build_version":"2020-12-22","purchased_purges":1,"victory":false,"max_hp_per_floor":[79,79,79,79,79,79,79,79,79,79,81,81,81,83,83,83,83],"card_choices":[{"not_picked":["CutThroughFate","Evaluate"],"picked":"Prostrate","floor":1.0},{"not_picked":["FlyingSleeves","ThirdEye"],"picked":"Evaluate","floor":2.0},{"not_picked":["CrushJoints","PathToVictory"],"picked":"Crescendo","floor":4.0},{"not_picked":["Protect","BowlingBash"],"picked":"Perseverance","floor":7.0},{"not_picked":["Tantrum","InnerPeace"],"picked":"WaveOfTheHand","floor":8.0},{"not_picked":["CrushJoints","Scrawl","Adaptation"],"picked":"Singing Bowl","floor":11},{"not_picked":["SashWhip","CutThroughFate"],"picked":"WreathOfFlame","floor":12},{"not_picked":["Crescendo","Tantrum","Sanctity"],"picked":"Singing Bowl","floor":14}],"player_experience":1225877,"relics_obtained":[{"floor":9.0,"key":"Eternal Feather"},{"floor":11,"key":"Pen Nib"}],"event_choices":[{"damage_healed":0.0,"max_hp_gain":0.0,"max_hp_loss":0.0,"gold_gain":0.0,"event_name":"Scrap Ooze","player_choice":"Success","floor":3.0,"gold_loss":0.0,"damage_taken":7.0,"relics_obtained":["Singing Bowl"]},{"cards_removed":["Defend_P"],"damage_healed":0.0,"max_hp_gain":0.0,"max_hp_loss":0.0,"gold_gain":0.0,"event_name":"Purifier","player_choice":"Purged","floor":10.0,"gold_loss":0.0,"damage_taken":0.0}],"is_beta":false,"boss_relics":[],"items_purged_floors":[5],"is_endless":false,"potions_floor_spawned":[8,12],"killed_by":"The Guardian","ascension_level":7}}