{"host":"Hova","time":1613476890,"event":{"mods":["AchievementEnabler","Aspiration","BaseMod","Better Match","Better Note","Colored Map","Colored Powertips","DeckTracker","Downfall","Energized Spire","Hubris","Infinite Spire","Minty Spire (QoL Compilation)","Rare Cards Sparkle","Reliquary","Remilia??????","Replay The Spire","Shop Mod","StSLib","SuperFastMode","The Clintock","The Cursed","The Death Knight","The Necromancer","The Servant 0.9.4"],"gold_per_floor":[116,116,41,41,41,41,58,75,100,138,198,216,216,242,242,382,382,426,426,426,445,445,532,582,618,618,649,661,661],"floor_reached":28,"language":"ENG","playtime":2721,"items_purged":["Defend_RM","Defend_RM"],"score":300,"play_id":"4beb7878-627c-46d0-a4d3-704f6e28bab3","local_time":"20210216150130","is_ascension_mode":false,"campfire_choices":[{"data":"infinitespire:FutureSight","floor":6,"key":"SMITH"},{"data":"ChaoticDestiny","floor":13,"key":"SMITH"},{"data":"BloodRain","floor":15,"key":"SMITH"}],"circlet_count":0,"master_deck":["Strike_RM","Strike_RM","Strike_RM","Strike_RM","Defend_RM","Defend_RM","RedMoon","ScarletShoot","EternalNight","infinitespire:FutureSight+1","FavorOfDestiny","GlobalNightmare","ChaoticDestiny+1","MastersStateliness","BloodRain+1","BloodyHallows","BloodAndWine+1","infinitespire:UltimateForm","infinitespire:SevenWalls","ReplayTheSpireMod:Book of Names","UnstableMagic+1","ChaoticDestiny","TheCursedMod:Dregs"],"relics":["ScarletHat","Ring of Panic","Ring of Fury","Durian","reliquary:Aerogel","Replay:Bandana","aspiration:RunicSpoon","Toolbox","Cursed Key","Toolbox","hubris:ToyBattleship","aspiration:HiddenCompartment"],"acts_visited":["Exordium","TheCity"],"potions_floor_usage":[11,12,21,23,27],"damage_taken":[{"damage":3,"enemies":"Small Slimes","floor":1,"turns":3},{"damage":0,"enemies":"Jaw Worm","floor":7,"turns":4},{"damage":0,"enemies":"Cultist","floor":8,"turns":4},{"damage":0,"enemies":"2 Fungi Beasts","floor":10,"turns":4},{"damage":47,"enemies":"Gremlin Nob","floor":11,"turns":7},{"damage":3,"enemies":"Looter","floor":12,"turns":2},{"damage":13,"enemies":"Lots of Slimes","floor":14,"turns":4},{"damage":1,"enemies":"Slime Boss","floor":16,"turns":3},{"damage":10,"enemies":"Shell Parasite","floor":18,"turns":4},{"damage":20,"enemies":"2 Thieves","floor":21,"turns":4},{"damage":22,"enemies":"Book of Stabbing","floor":23,"turns":5},{"damage":18,"enemies":"Snake Plant","floor":24,"turns":3},{"damage":60,"enemies":"Slavers","floor":25,"turns":4},{"damage":11,"enemies":"3 Cultists","floor":27,"turns":5},{"damage":44,"enemies":"Shelled Parasite and Fungi","floor":28,"turns":3}],"seed_played":"-2533174315717450543","potions_obtained":[{"floor":7,"key":"Dexterity Potion"},{"floor":8,"key":"Flashbang"},{"floor":10,"key":"LiquidBronze"},{"floor":12,"key":"Reflective Coating"},{"floor":12,"key":"Flashbang"},{"floor":16,"key":"Slimebound:ThreeZeroPotion"},{"floor":25,"key":"Energy Potion"},{"floor":27,"key":"DeathKnight:RimePotion"}],"is_trial":false,"path_per_floor":["M","?","$","?","T","R","M","M","T","M","?","M","R","M","R","B",null,"M","AVR","?","M","?","E","M","E","T","M","M"],"character_chosen":"REMILIA","items_purchased":[],"campfire_rested":0,"item_purchase_floors":[],"current_hp_per_floor":[79,79,79,59,64,64,64,67,67,69,43,41,41,30,30,33,87,77,77,77,59,59,49,31,44,44,36,0,0],"gold":661,"neow_bonus":"TEN_PERCENT_HP_BONUS","is_daily":false,"chose_seed":false,"campfire_upgraded":3,"win_rate":0.0,"timestamp":1613476890,"path_taken":["M","?","$","?","?","R","?","M","T","M","?","M","R","M","R","BOSS","M","AVR","?","M","?","E","M","E","T","M","?"],"items_purchased_type":[],"build_version":"2020-11-17","purchased_purges":2,"victory":false,"max_hp_per_floor":[82,82,82,82,87,87,87,87,87,87,87,87,87,87,87,87,87,87,87,87,87,87,87,87,87,87,87,87,87],"card_choices":[{"not_picked":["ScarletDevil","RedNightlessCastle"],"picked":"EternalNight","floor":1},{"not_picked":["infinitespire:Punishment","infinitespire:Collect"],"picked":"infinitespire:FutureSight","floor":4},{"not_picked":["VampireKiss","Septette"],"picked":"FavorOfDestiny","floor":7},{"not_picked":["UnderTheZenith","ScarletDevil"],"picked":"GlobalNightmare","floor":8},{"not_picked":["UnstableMagic","ReincarnationDial"],"picked":"ChaoticDestiny","floor":10},{"not_picked":["ScarletDevil","DevilSight"],"picked":"MastersStateliness","floor":12},{"not_picked":["HunterOfTheNight","RedRainbow"],"picked":"BloodRain","floor":14},{"not_picked":["EquivalentExchange","QueenOfMidnight"],"picked":"BloodyHallows","floor":16},{"not_picked":["VampireKiss","NightDance"],"picked":"BloodAndWine+1","floor":18},{"not_picked":["BloodyMagicSquare","MastersStateliness","CharismaGuard"],"picked":"SKIP","floor":21},{"not_picked":["NightDance","CharismaGuard","StarOfDavid+1"],"picked":"SKIP","floor":23},{"not_picked":["NightDance","BloodHunter+1"],"picked":"UnstableMagic+1","floor":24},{"not_picked":["MastersStateliness","Maim"],"picked":"ChaoticDestiny","floor":25},{"not_picked":["EndlessAdversity","StarOfDavid","UnstableMagic"],"picked":"SKIP","floor":27}],"player_experience":30124,"relics_obtained":[{"floor":2,"key":"Ring of Panic"},{"floor":2,"key":"Ring of Fury"},{"floor":5,"key":"Durian"},{"floor":9,"key":"reliquary:Aerogel"},{"floor":11,"key":"Replay:Bandana"},{"floor":23,"key":"reliquary:SculptingSteel"},{"floor":25,"key":"hubris:ToyBattleship"},{"floor":26,"key":"aspiration:HiddenCompartment"}],"event_choices":[{"damage_healed":0,"gold_gain":30,"player_choice":"Searched \u00272\u0027 times","damage_taken":0,"max_hp_gain":0,"max_hp_loss":0,"event_name":"Dead Adventurer","floor":11,"gold_loss":0},{"cards_removed":["Amnesia"],"damage_healed":0,"gold_gain":0,"player_choice":"Removed Curses","damage_taken":0,"max_hp_gain":0,"max_hp_loss":0,"event_name":"Fountain of Cleansing","floor":22,"gold_loss":0}],"is_beta":true,"boss_relics":[{"not_picked":["Fusion Hammer","Busted Crown"],"picked":"aspiration:RunicSpoon"}],"items_purged_floors":[3,19],"is_endless":false,"potions_floor_spawned":[7,10,12,16,18,25,27],"killed_by":"Shelled Parasite and Fungi","ascension_level":0}}