{"host":"dlqyscxstsnu98l1","time":1613504601,"event":{"mods":["AchievementEnabler","BaseMod","Colored Map","Colored Powertips","GifTheSpireLib","Highlight Path","Minty Spire (QoL Compilation)","Random Character Button","SacredBarkPlus","StSLib","everything is the same but u backflip on backflip"],"gold_per_floor":[365,12,12,32,32,57,9,20,44,44,78,97,97,113,113,218,218,233,158,168,184,184,212,212,245,245,40,56,69,69,82,82,82,82],"floor_reached":33,"language":"ENG","playtime":1288,"items_purged":[],"score":403,"play_id":"2f866c8e-70b8-411c-9f93-20bf8f65cb81","local_time":"20210216134321","is_ascension_mode":true,"campfire_choices":[{"data":"Chill","floor":10,"key":"SMITH"},{"data":"Capacitor","floor":13,"key":"SMITH"},{"data":"Capacitor","floor":15,"key":"SMITH"},{"floor":24,"key":"REST"},{"floor":32,"key":"REST"}],"circlet_count":0,"master_deck":["Strike_B","Strike_B","Strike_B","Defend_B","Defend_B","Defend_B","Defend_B","Zap","Dualcast","Compile Driver","Capacitor+1","Ball Lightning","Chill+1","Conserve Battery","Zap","FTL","Auto Shields","Cold Snap","Barrage","Genetic Algorithm","Genetic Algorithm","Capacitor+1","Electrodynamics","Genetic Algorithm","Heatsinks","Double Energy","Multi-Cast","Aggregate","Steam","Auto Shields","White Noise+1","Barrage+1"],"relics":["Cracked Core","Blood Vial","Bronze Scales","Happy Flower","PreservedInsect","Cursed Key","Orichalcum","Smiling Mask","Bottled Flame","Frozen Egg 2","MealTicket"],"acts_visited":["Exordium","TheCity"],"potions_floor_usage":[11,11,16,16,16,25,28,31,33],"damage_taken":[{"damage":1,"enemies":"Cultist","floor":1,"turns":3},{"damage":0,"enemies":"Small Slimes","floor":4,"turns":3},{"damage":20,"enemies":"3 Sentries","floor":6,"turns":7},{"damage":5,"enemies":"Jaw Worm","floor":8,"turns":4},{"damage":0,"enemies":"Gremlin Nob","floor":11,"turns":4},{"damage":0,"enemies":"Exordium Wildlife","floor":12,"turns":3},{"damage":5,"enemies":"2 Fungi Beasts","floor":14,"turns":4},{"damage":4,"enemies":"Slime Boss","floor":16,"turns":5},{"damage":0,"enemies":"3 Byrds","floor":18,"turns":1},{"damage":18,"enemies":"Shell Parasite","floor":20,"turns":5},{"damage":18,"enemies":"Snake Plant","floor":21,"turns":4},{"damage":26,"enemies":"Book of Stabbing","floor":23,"turns":5},{"damage":19,"enemies":"Gremlin Leader","floor":25,"turns":7},{"damage":1,"enemies":"Chosen and Byrds","floor":28,"turns":4},{"damage":3,"enemies":"Snecko","floor":29,"turns":4},{"damage":17,"enemies":"Snake Plant","floor":31,"turns":5},{"damage":54,"enemies":"Champ","floor":33,"turns":11}],"seed_played":"-3340090500955115347","potions_obtained":[{"floor":1,"key":"FocusPotion"},{"floor":6,"key":"DuplicationPotion"},{"floor":8,"key":"Block Potion"},{"floor":11,"key":"EssenceOfDarkness"},{"floor":14,"key":"EssenceOfDarkness"},{"floor":23,"key":"DistilledChaos"},{"floor":25,"key":"Fire Potion"},{"floor":29,"key":"EssenceOfSteel"},{"floor":31,"key":"BlessingOfTheForge"}],"is_trial":false,"path_per_floor":["M","$","?","M","?","E","$","M","T","R","E","M","R","M","R","B",null,"M","?","M","M","?","E","R","E","T","$","M","M","?","M","R","B"],"character_chosen":"DEFECT","items_purchased":["Blood Vial","Capacitor","Ball Lightning","Chill","Conserve Battery","Cold Snap","MealTicket","Steam"],"campfire_rested":2,"item_purchase_floors":[2,2,2,2,2,7,27,27],"current_hp_per_floor":[67,67,67,68,73,53,53,50,50,50,52,54,54,51,51,49,67,69,69,53,37,37,13,34,17,17,17,18,17,17,2,23,0,0],"gold":82,"neow_bonus":"TWO_FIFTY_GOLD","is_daily":false,"chose_seed":false,"campfire_upgraded":3,"win_rate":0.0,"timestamp":1613504601,"path_taken":["M","$","?","?","?","E","?","M","T","R","E","M","R","M","R","BOSS","M","?","M","M","?","E","R","E","T","?","?","M","?","M","R","BOSS"],"items_purchased_type":["Relic","Card","Card","Card","Card","Card","Relic","Card"],"build_version":"2020-12-22","purchased_purges":0,"victory":false,"max_hp_per_floor":[68,68,68,68,73,73,73,73,73,73,73,73,73,73,73,73,73,73,73,73,73,73,73,73,73,73,73,73,73,73,73,73,73,73],"card_choices":[{"not_picked":["Skim","Double Energy"],"picked":"Compile Driver","floor":1},{"not_picked":["Sweeping Beam","Gash"],"picked":"FTL","floor":4},{"not_picked":["Heatsinks","Tempest"],"picked":"Auto Shields","floor":6},{"not_picked":["Gash","Beam Cell"],"picked":"Barrage","floor":8},{"not_picked":["Heatsinks","Capacitor"],"picked":"Genetic Algorithm","floor":11},{"not_picked":["Barrage","Compile Driver"],"picked":"Genetic Algorithm","floor":12},{"not_picked":["Leap","Hologram"],"picked":"Capacitor","floor":14},{"not_picked":["Machine Learning","Amplify"],"picked":"Electrodynamics","floor":16},{"not_picked":["Cold Snap+1","Ball Lightning+1"],"picked":"Genetic Algorithm","floor":18},{"not_picked":["Beam Cell","Ball Lightning"],"picked":"Heatsinks","floor":20},{"not_picked":["Force Field+1","Stack"],"picked":"Double Energy","floor":21},{"not_picked":["Hyperbeam","Barrage"],"picked":"Multi-Cast","floor":23},{"not_picked":["BootSequence","Turbo"],"picked":"Aggregate","floor":25},{"not_picked":["Cold Snap","Coolheaded"],"picked":"Auto Shields","floor":28},{"not_picked":["Skim+1","Compile Driver+1"],"picked":"White Noise+1","floor":29},{"not_picked":["Steam Power","Cold Snap"],"picked":"Barrage+1","floor":31}],"player_experience":224016,"relics_obtained":[{"floor":6,"key":"Bronze Scales"},{"floor":9,"key":"Happy Flower"},{"floor":11,"key":"PreservedInsect"},{"floor":23,"key":"Smiling Mask"},{"floor":25,"key":"Bottled Flame"},{"floor":26,"key":"Frozen Egg 2"}],"event_choices":[{"damage_healed":0,"gold_gain":0,"player_choice":"1 cards matched","damage_taken":0,"max_hp_gain":0,"max_hp_loss":0,"event_name":"Match and Keep!","floor":3,"gold_loss":0,"cards_obtained":["Zap"]},{"damage_healed":0,"gold_gain":0,"player_choice":"Donut","damage_taken":0,"max_hp_gain":5,"max_hp_loss":0,"event_name":"Big Fish","floor":5,"gold_loss":0},{"cards_removed":["Strike_B"],"damage_healed":0,"gold_gain":0,"player_choice":"Gave Gold","damage_taken":0,"max_hp_gain":0,"max_hp_loss":0,"event_name":"Beggar","floor":19,"gold_loss":75},{"damage_healed":0,"gold_gain":0,"player_choice":"Opened","damage_taken":0,"relics_obtained":["Orichalcum"],"max_hp_gain":0,"max_hp_loss":0,"event_name":"The Mausoleum","floor":22,"gold_loss":0},{"cards_removed":["Regret"],"damage_healed":0,"gold_gain":0,"player_choice":"Removed Curses","damage_taken":0,"max_hp_gain":0,"max_hp_loss":0,"event_name":"Fountain of Cleansing","floor":30,"gold_loss":0}],"is_beta":false,"boss_relics":[{"not_picked":["Astrolabe","SacredBark"],"picked":"Cursed Key"}],"items_purged_floors":[],"is_endless":false,"potions_floor_spawned":[1,6,8,11,14,23,25,29,31],"killed_by":"Champ","ascension_level":5}}