{"host":"cpsutu8lprjuipd6","time":1613474980,"event":{"mods":["BaseMod","Colored Map","Minty Spire (QoL Compilation)","Permanent Neow","StSLib","SuperFastMode","The Bug Knight","Together in Spire"],"gold_per_floor":[113,63,63,63,63,63,94,94,165,165,189,232,232,250,250,374,374,387,458,482,482,534,553,571,571,571,280,296,196,207,222,222,326,326,344,361,361,361,372,405,405,430,430,430,305,321,340,353,353,353,353,353,60,95,95],"floor_reached":56,"language":"KOR","playtime":1714,"items_purged":["Strike_R","Wild Strike+1","Strike_R+1","Defend_R+1"],"score":1137,"play_id":"54dea2c3-7bb5-45d2-9638-9145ecfe15e9","local_time":"20210216202940","is_ascension_mode":false,"campfire_choices":[{"floor":6.0,"key":"REST"},{"data":"Clash","floor":10.0,"key":"SMITH"},{"floor":15,"key":"RECALL"},{"data":"Defend_R","floor":25,"key":"SMITH"},{"data":"Dropkick","floor":32,"key":"SMITH"},{"data":"Dramatic Entrance","floor":41,"key":"SMITH"},{"floor":44,"key":"REST"},{"floor":49,"key":"REST"},{"floor":52,"key":"REST"}],"circlet_count":0,"master_deck":["Defend_R+1","Bash+1","Clash+1","Dual Wield+1","Dropkick+1","Dramatic Entrance+1"],"relics":["Burning Blood","Whetstone","Bloody Idol","Happy Flower","Pear","Frozen Egg 2","Astrolabe","Meat on the Bone","Lantern","Prayer Wheel","Potion Belt","Empty Cage","Kunai","Red Skull","Mummified Hand","HollowMod:JonisBlessing","Self Forming Clay"],"acts_visited":["TheCity","TheBeyond","TheEnding"],"potions_floor_usage":[50,55,55,55,55],"damage_taken":[{"damage":0.0,"enemies":"Jaw Worm","floor":1.0,"turns":1.0},{"damage":10.0,"enemies":"Gremlin Nob","floor":7.0,"turns":3.0},{"damage":0.0,"enemies":"2 Louse","floor":11.0,"turns":2.0},{"damage":0.0,"enemies":"HollowMod:MossKnight","floor":12.0,"turns":1.0},{"damage":0,"enemies":"Small Slimes","floor":14,"turns":1},{"damage":16,"enemies":"The Guardian","floor":16,"turns":5},{"damage":0,"enemies":"Shell Parasite","floor":18,"turns":2},{"damage":7,"enemies":"3 Byrds","floor":20,"turns":2},{"damage":0,"enemies":"Centurion and Healer","floor":23,"turns":2},{"damage":0,"enemies":"Shelled Parasite and Fungi","floor":24,"turns":1},{"damage":0,"enemies":"3 Cultists","floor":28,"turns":1},{"damage":0,"enemies":"Centurion and Healer","floor":30,"turns":1},{"damage":0,"enemies":"Sentry and Sphere","floor":31,"turns":2},{"damage":0,"enemies":"Champ","floor":33,"turns":3},{"damage":0,"enemies":"3 Shapes","floor":35,"turns":1},{"damage":0,"enemies":"3 Darklings","floor":36,"turns":1},{"damage":0,"enemies":"Spire Growth","floor":39,"turns":2},{"damage":0,"enemies":"Giant Head","floor":40,"turns":3},{"damage":15,"enemies":"Sphere and 2 Shapes","floor":46,"turns":3},{"damage":0,"enemies":"Maw","floor":47,"turns":2},{"damage":1,"enemies":"Jaw Worm Horde","floor":48,"turns":1},{"damage":28,"enemies":"Donu and Deca","floor":50,"turns":4},{"damage":0,"enemies":"Shield and Spear","floor":54,"turns":2},{"damage":65,"enemies":"The Heart","floor":55,"turns":3}],"seed_played":"763504825184123315","potions_obtained":[{"floor":12.0,"key":"Swift Potion"},{"floor":14,"key":"BloodPotion"},{"floor":16,"key":"Swift Potion"},{"floor":28,"key":"LiquidBronze"},{"floor":33,"key":"Dexterity Potion"},{"floor":35,"key":"BloodPotion"},{"floor":46,"key":"SkillPotion"},{"floor":47,"key":"FearPotion"},{"floor":54,"key":"PowerPotion"}],"is_trial":false,"path_per_floor":["M","?","?","?","?","R","E","?","T","R","M","E","?","M","R","B",null,"M","T","M","?","T","M","M","R","T","$","M","$","M","M","R","B",null,"M","M","?","?","M","E","R","T","T","R","$","M","M","M","R","B",null,"R","$","E","B",null],"character_chosen":"IRONCLAD","items_purchased":["Dropkick","Potion Belt","HollowMod:JonisBlessing"],"campfire_rested":4,"item_purchase_floors":[27,27,53],"current_hp_per_floor":[80,80,64,69,48,73,69,69,79,79,85,91,91,95,95,85,95,95,95,94,94,95,95,95,95,95,95,95,95,95,95,95,95,95,95,95,95,95,95,95,95,95,95,95,95,91,95,95,95,73,95,95,95,95,30],"gold":95,"neow_bonus":"RANDOM_COMMON_RELIC","is_daily":false,"chose_seed":false,"campfire_upgraded":4,"win_rate":0.0,"timestamp":1613474980,"path_taken":["M","?","?","?","?","R","E","?","T","R","?","E","?","M","R","BOSS","M","?","M","?","?","M","M","R","T","$","?","?","M","M","R","BOSS","M","M","?","?","M","E","R","?","T","R","$","M","M","?","R","BOSS","R","$","E","BOSS"],"items_purchased_type":["Card","Relic","Relic"],"build_version":"2020-12-22","purchased_purges":4,"victory":true,"max_hp_per_floor":[80,80,80,85,85,85,85,85,95,95,95,95,95,95,95,95,95,95,95,95,95,95,95,95,95,95,95,95,95,95,95,95,95,95,95,95,95,95,95,95,95,95,95,95,95,95,95,95,95,95,95,95,95,95,95],"card_choices":[{"not_picked":["Pommel Strike","Perfected Strike","Uppercut"],"picked":"SKIP","floor":1.0},{"not_picked":["Havoc","Perfected Strike"],"picked":"Clash","floor":7.0},{"not_picked":["Whirlwind","Iron Wave","Inflame"],"picked":"SKIP","floor":11.0},{"not_picked":["Reckless Charge","Pummel","Blood for Blood"],"picked":"SKIP","floor":12.0},{"not_picked":["Pommel Strike","Perfected Strike","Uppercut"],"picked":"SKIP","floor":14},{"not_picked":["Evolve+1","Shockwave+1","Second Wind"],"picked":"SKIP","floor":18},{"not_picked":["Heavy Blade","Blood for Blood","Flex"],"picked":"SKIP","floor":20},{"not_picked":["Perfected Strike","Sentinel+1","Pommel Strike+1"],"picked":"SKIP","floor":23},{"not_picked":["Flex","Reaper","Sword Boomerang"],"picked":"SKIP","floor":24},{"not_picked":["Warcry","Dark Embrace+1","Seeing Red"],"picked":"SKIP","floor":28},{"not_picked":["Anger","Seeing Red+1","Flame Barrier"],"picked":"SKIP","floor":28},{"not_picked":["Reckless Charge","Pommel Strike+1","Armaments"],"picked":"SKIP","floor":30},{"not_picked":["Feed","Cleave","Rage"],"picked":"SKIP","floor":30},{"not_picked":["Pommel Strike+1","Disarm","Whirlwind"],"picked":"SKIP","floor":31},{"not_picked":["Headbutt","Dark Embrace+1","Carnage+1"],"picked":"SKIP","floor":31},{"not_picked":["Bloodletting","Wild Strike+1","Iron Wave"],"picked":"SKIP","floor":35},{"not_picked":["Sever Soul","Clothesline+1","Dark Embrace+1"],"picked":"SKIP","floor":35},{"not_picked":["Sword Boomerang","Shrug It Off+1","Wild Strike"],"picked":"SKIP","floor":36},{"not_picked":["Havoc","Shrug It Off+1","Rampage+1"],"picked":"SKIP","floor":36},{"not_picked":["Dark Shackles","Enlightenment"],"picked":"Dramatic Entrance","floor":37},{"not_picked":["Shockwave+1","Iron Wave+1","Twin Strike+1"],"picked":"SKIP","floor":39},{"not_picked":["Thunderclap","Flex","True Grit+1"],"picked":"SKIP","floor":39},{"not_picked":["Headbutt+1","Bloodletting","Ghostly Armor+1"],"picked":"SKIP","floor":40},{"not_picked":["Hemokinesis+1","Anger+1","Burning Pact+1"],"picked":"SKIP","floor":46},{"not_picked":["Entrench+1","Evolve+1","Warcry"],"picked":"SKIP","floor":46},{"not_picked":["Hemokinesis+1","Anger+1","Burning Pact+1"],"picked":"SKIP","floor":46},{"not_picked":["Entrench+1","Evolve+1","Warcry"],"picked":"SKIP","floor":46},{"not_picked":["Perfected Strike+1","Demon Form+1","Twin Strike+1"],"picked":"SKIP","floor":47},{"not_picked":["Sword Boomerang","Wild Strike","Headbutt"],"picked":"SKIP","floor":47},{"not_picked":["Havoc+1","Anger","Twin Strike"],"picked":"SKIP","floor":48},{"not_picked":["Clothesline+1","Dual Wield","Juggernaut+1"],"picked":"SKIP","floor":48},{"not_picked":["Warcry","Shrug It Off","Intimidate+1"],"picked":"SKIP","floor":54}],"player_experience":103037,"relics_obtained":[{"floor":7.0,"key":"Happy Flower"},{"floor":9.0,"key":"Pear"},{"floor":12.0,"key":"Frozen Egg 2"},{"floor":19,"key":"Meat on the Bone"},{"floor":22,"key":"Lantern"},{"floor":26,"key":"Prayer Wheel"},{"floor":40,"key":"Kunai"},{"floor":42,"key":"Red Skull"},{"floor":43,"key":"Mummified Hand"},{"floor":54,"key":"Self Forming Clay"}],"event_choices":[{"cards_removed":["Strike_R"],"damage_healed":0.0,"max_hp_gain":0.0,"max_hp_loss":0.0,"gold_gain":0.0,"event_name":"The Cleric","player_choice":"Card Removal","floor":2.0,"gold_loss":50.0,"damage_taken":0.0},{"damage_healed":0.0,"max_hp_gain":0.0,"max_hp_loss":0.0,"gold_gain":0.0,"event_name":"Shining Light","player_choice":"Entered Light","floor":3.0,"gold_loss":0.0,"damage_taken":16.0,"cards_upgraded":["Defend_R","Defend_R"]},{"damage_healed":0.0,"max_hp_gain":5.0,"max_hp_loss":0.0,"gold_gain":0.0,"event_name":"Big Fish","player_choice":"Donut","floor":4.0,"gold_loss":0.0,"damage_taken":0.0},{"damage_healed":0.0,"max_hp_gain":0.0,"max_hp_loss":0.0,"gold_gain":0.0,"event_name":"Golden Idol","player_choice":"Take Damage","floor":5.0,"gold_loss":0.0,"damage_taken":21.0,"relics_obtained":["Golden Idol"]},{"damage_healed":0.0,"max_hp_gain":0.0,"max_hp_loss":0.0,"gold_gain":0.0,"event_name":"NoteForYourself","player_choice":"Ignored","floor":8.0,"gold_loss":0.0,"damage_taken":0.0},{"damage_healed":0.0,"max_hp_gain":0.0,"max_hp_loss":0.0,"gold_gain":0.0,"event_name":"Match and Keep!","player_choice":"0 cards matched","floor":13.0,"gold_loss":0.0,"damage_taken":0.0,"cards_obtained":[]},{"damage_healed":0,"gold_gain":0,"player_choice":"Gave Idol","damage_taken":0,"relics_obtained":["Bloody Idol"],"max_hp_gain":0,"max_hp_loss":0,"event_name":"Forgotten Altar","floor":21,"relics_lost":["Golden Idol"],"gold_loss":0},{"damage_healed":0,"gold_gain":0,"player_choice":"Memory 1","damage_taken":0,"max_hp_gain":0,"max_hp_loss":0,"event_name":"SensoryStone","floor":37,"gold_loss":0},{"damage_healed":0,"gold_gain":0,"player_choice":"Ignored","damage_taken":0,"max_hp_gain":0,"max_hp_loss":0,"event_name":"Mysterious Sphere","floor":38,"gold_loss":0}],"is_beta":false,"boss_relics":[{"not_picked":["Runic Dome","Black Star"],"picked":"Astrolabe"},{"not_picked":["Coffee Dripper","SacredBark"],"picked":"Empty Cage"}],"items_purged_floors":[27,29,45,53],"is_endless":false,"potions_floor_spawned":[12,14,16,18,28,33,35,46,47,48,54],"ascension_level":0}}