{"host":"kbjkhl8b8ylq2ux5","time":1613436946,"event":{"mods":["BaseMod","Colored Map","Colored Powertips","Downfall","Highlight Path","Ironclad Rager","Minty Spire (QoL Compilation)","Quick Restart","Random Character Button","StSLib","SuperFastMode"],"gold_per_floor":[113,130,147,161,175,175,186,186,186,216,227,1,16,30,30,125,125,145,235,247,264,264,264,264],"floor_reached":22,"language":"ENG","playtime":1470,"items_purged":[],"score":194,"play_id":"559092eb-fbcb-4f64-9741-c31c11962aa2","local_time":"20210215195546","is_ascension_mode":false,"campfire_choices":[{"data":"Slimebound:Teamwork","floor":6.0,"key":"SMITH"},{"data":"Slimebound:SamplingLick","floor":8.0,"key":"SMITH"},{"floor":15.0,"key":"RECALL"}],"circlet_count":0,"master_deck":["Slimebound:Strike_Slimebound","Slimebound:Strike_Slimebound","Slimebound:Strike_Slimebound","Slimebound:Tackle","Slimebound:Defend_Slimebound","Slimebound:Defend_Slimebound","Slimebound:Defend_Slimebound+1","Slimebound:Defend_Slimebound+1","Slimebound:Split","Slimebound:CorrosiveSpit","Slimebound:SplitBruiser","Slimebound:SlimeTap","Slimebound:PressTheAttack","Slimebound:SamplingLick+1","Slimebound:Teamwork+1","Slimebound:Prepare","Slimebound:LeadByExample","Slimebound:Repurpose","Slimebound:AcidTongue","Slimebound:LevelUp","Slimebound:LeechLife","Slimebound:Prepare+1"],"relics":["Slimebound:AbsorbEndCombat","NeowsBlessing","Ice Cream","War Paint","Black Star"],"acts_visited":["Exordium","TheCity"],"potions_floor_usage":[],"damage_taken":[{"damage":0.0,"enemies":"Cultist","floor":1.0,"turns":1.0},{"damage":0.0,"enemies":"Small Slimes","floor":2.0,"turns":1.0},{"damage":0.0,"enemies":"2 Louse","floor":3.0,"turns":2.0},{"damage":16.0,"enemies":"Lots of Slimes","floor":4.0,"turns":4.0},{"damage":5.0,"enemies":"Red Slaver","floor":5.0,"turns":3.0},{"damage":7.0,"enemies":"Large Slime","floor":7.0,"turns":8.0},{"damage":1.0,"enemies":"3 Sentries","floor":10.0,"turns":4.0},{"damage":3.0,"enemies":"Lots of Slimes","floor":11.0,"turns":2.0},{"damage":11.0,"enemies":"Exordium Wildlife","floor":13.0,"turns":5.0},{"damage":7.0,"enemies":"Exordium Thugs","floor":14.0,"turns":4.0},{"damage":8.0,"enemies":"Hexaghost","floor":16.0,"turns":7.0},{"damage":7.0,"enemies":"Shell Parasite","floor":18.0,"turns":4.0},{"damage":38.0,"enemies":"3 Byrds","floor":20.0,"turns":4.0},{"damage":35.0,"enemies":"Snecko","floor":21.0,"turns":9.0},{"damage":2,"enemies":"Cultist and Chosen","floor":22,"turns":4}],"seed_played":"3925186680230249238","potions_obtained":[{"floor":3.0,"key":"Slimebound:SlimedPotion"},{"floor":4.0,"key":"Block Potion"},{"floor":5.0,"key":"champ:CounterPotion"},{"floor":14.0,"key":"hexamod:SoulburnPotion"},{"floor":16.0,"key":"SteroidPotion"},{"floor":20.0,"key":"Dexterity Potion"}],"is_trial":false,"path_per_floor":["M","M","M","M","M","R","M","R","T","E","M","$","M","M","R","B",null,"M","?","M","M","M"],"character_chosen":"SLIMEBOUND","items_purchased":["Slimebound:Repurpose","War Paint"],"campfire_rested":0,"item_purchase_floors":[12,12],"current_hp_per_floor":[65,65,65,49,46,46,47,47,47,46,43,43,34,29,29,29,65,62,50,14,7,29,29,29],"gold":264,"neow_bonus":"THREE_ENEMY_KILL","is_daily":false,"chose_seed":false,"campfire_upgraded":2,"win_rate":0.0,"timestamp":1613436946,"path_taken":["M","?","M","?","M","R","?","R","T","E","M","$","M","M","R","BOSS","M","?","M","M","?"],"items_purchased_type":["Card","Relic"],"build_version":"2020-12-22","purchased_purges":0,"victory":false,"max_hp_per_floor":[65,65,65,65,65,65,65,65,65,65,65,65,65,65,65,65,65,65,65,65,65,65,65,65],"card_choices":[{"not_picked":["Slimebound:HauntingLick","Slimebound:FinishingTackle"],"picked":"Slimebound:SplitBruiser","floor":1.0},{"not_picked":["Slimebound:SplitLeeching","Slimebound:LeadByExample"],"picked":"Slimebound:SlimeTap","floor":2.0},{"not_picked":["Slimebound:LivingWall","Slimebound:Replication"],"picked":"Slimebound:PressTheAttack","floor":3.0},{"not_picked":["Slimebound:LivingWall","Slimebound:SplitBruiser"],"picked":"Slimebound:SamplingLick","floor":4.0},{"not_picked":["Slimebound:RollThrough","Slimebound:GoopSpray"],"picked":"Slimebound:Teamwork","floor":5.0},{"not_picked":["Slimebound:FinishingTackle","Slimebound:SamplingLick"],"picked":"Slimebound:Prepare","floor":7.0},{"not_picked":["Slimebound:WasteNot","Slimebound:RollThrough"],"picked":"Slimebound:LeadByExample","floor":10.0},{"not_picked":["Slimebound:LeechEnergy","Slimebound:SlimeSpikes","Slimebound:ForwardTackle"],"picked":"SKIP","floor":11.0},{"not_picked":["Slimebound:SplitMire","Slimebound:SlimeBrawl"],"picked":"Slimebound:AcidTongue","floor":13.0},{"not_picked":["Slimebound:GoopTackle","Slimebound:Chomp"],"picked":"Slimebound:LevelUp","floor":14.0},{"not_picked":["Slimebound:Overexert","Slimebound:MinionMaster"],"picked":"Slimebound:LeechLife","floor":16.0},{"not_picked":["Slimebound:Nibble+1","Slimebound:LeechingTouch","Slimebound:SplitBruiser"],"picked":"SKIP","floor":18.0},{"not_picked":["Slimebound:ForwardTackle+1","Slimebound:FinishingTackle","Slimebound:SlimeSpikes"],"picked":"SKIP","floor":20.0},{"not_picked":["Slimebound:Nibble","Slimebound:FormOfPuddle"],"picked":"Slimebound:Prepare+1","floor":21.0}],"player_experience":127598,"relics_obtained":[{"floor":10.0,"key":"Ice Cream"}],"event_choices":[{"damage_healed":0.0,"max_hp_gain":0.0,"max_hp_loss":0.0,"gold_gain":90.0,"event_name":"Knowing Skull","player_choice":"GOLD ","floor":19.0,"potions_obtained":[],"gold_loss":0.0,"damage_taken":12.0,"cards_obtained":[]}],"is_beta":false,"boss_relics":[{"not_picked":["Coffee Dripper","Cursed Key"],"picked":"Black Star"}],"items_purged_floors":[],"is_endless":false,"potions_floor_spawned":[3,4,5,7,14,16,20],"killed_by":"Cultist and Chosen","ascension_level":0}}