{"host":"j2zti408atcvju3x","time":1613447300,"event":{"mods":["BaseMod","Minty Spire (QoL Compilation)","Quick Restart","StSLib"],"gold_per_floor":[109,184,198,47,47,67,78,78,78,78,90,90,90,90,90,90,90],"floor_reached":16,"language":"ZHS","playtime":542,"items_purged":["Strike_R"],"score":90,"play_id":"64661507-1782-4003-afa5-df59320eab51","local_time":"20210216114820","is_ascension_mode":false,"campfire_choices":[{"data":"Flex","floor":8,"key":"SMITH"},{"data":"Perfected Strike","floor":10,"key":"SMITH"},{"data":"Inflame","floor":13,"key":"SMITH"},{"data":"Bash","floor":15,"key":"SMITH"}],"circlet_count":0,"master_deck":["Strike_R","Strike_R","Defend_R","Defend_R","Defend_R","Defend_R","Bash+1","Perfected Strike+1","Flex+1","Inflame+1"],"relics":["Burning Blood","Eternal Feather"],"acts_visited":["Exordium"],"potions_floor_usage":[16],"damage_taken":[{"damage":14,"enemies":"Jaw Worm","floor":1,"turns":5},{"damage":6,"enemies":"Cultist","floor":3,"turns":3},{"damage":1,"enemies":"2 Louse","floor":6,"turns":4},{"damage":7,"enemies":"Looter","floor":7,"turns":5},{"damage":8,"enemies":"Exordium Wildlife","floor":11,"turns":6},{"damage":80,"enemies":"Hexaghost","floor":16,"turns":10}],"seed_played":"-8595094606923474175","potions_obtained":[{"floor":1,"key":"Ancient Potion"},{"floor":11,"key":"Block Potion"}],"is_trial":false,"path_per_floor":["M","?","M","$","?","M","M","R","T","R","M","?","R","$","R","B"],"character_chosen":"IRONCLAD","items_purchased":["Inflame"],"campfire_rested":0,"item_purchase_floors":[4],"current_hp_per_floor":[72,61,61,61,61,66,65,65,65,71,69,69,75,75,80,0,0],"gold":90,"neow_bonus":"REMOVE_CARD","is_daily":false,"chose_seed":false,"campfire_upgraded":4,"win_rate":0.0,"timestamp":1613447300,"path_taken":["M","?","M","$","?","M","M","R","T","R","?","?","R","$","R","BOSS"],"items_purchased_type":["Card"],"build_version":"2020-12-22","purchased_purges":1,"victory":false,"max_hp_per_floor":[80,80,80,80,80,80,80,80,80,80,80,80,80,80,80,80,80],"card_choices":[{"not_picked":["Reckless Charge","Shockwave"],"picked":"Perfected Strike","floor":1},{"not_picked":["True Grit","Cleave"],"picked":"Flex","floor":3},{"not_picked":["Ghostly Armor","Cleave","Shrug It Off"],"picked":"SKIP","floor":6},{"not_picked":["Iron Wave","Shrug It Off","Perfected Strike"],"picked":"SKIP","floor":7},{"not_picked":["Headbutt","Sword Boomerang","Perfected Strike"],"picked":"SKIP","floor":11}],"player_experience":9896,"relics_obtained":[{"floor":9,"key":"Eternal Feather"}],"event_choices":[{"damage_healed":0,"gold_gain":75,"player_choice":"Gather Gold","damage_taken":11,"max_hp_gain":0,"max_hp_loss":0,"event_name":"World of Goop","floor":2,"gold_loss":0},{"cards_removed":["Strike_R"],"damage_healed":0,"gold_gain":0,"player_choice":"Purged","damage_taken":0,"max_hp_gain":0,"max_hp_loss":0,"event_name":"Purifier","floor":5,"gold_loss":0},{"damage_healed":0,"gold_gain":0,"player_choice":"Ignored","damage_taken":0,"max_hp_gain":0,"max_hp_loss":0,"event_name":"Golden Idol","floor":12,"gold_loss":0}],"is_beta":false,"boss_relics":[],"items_purged_floors":[4],"is_endless":false,"potions_floor_spawned":[1,11],"killed_by":"Hexaghost","ascension_level":0}}