{"host":"lg1piimdyocafd6j","time":1613498575,"event":{"mods":["AchievementEnabler","BaseMod","Better Third Choice","BetterRewards","Colored Map","Colored Powertips","Downfall","Minty Spire (QoL Compilation)","Quick Restart","Rare Cards Sparkle","Remove Card Discount Mod","Shop Mod","StSLib","SuperFastMode"],"gold_per_floor":[111,121,121,121,136,165,165,165,191,191,191,191,156,167,167,264,264,283,275,275,275,291,291,52,52,52,72,91,91,124,138,138,237,237,237],"floor_reached":34,"language":"ENG","playtime":1078,"items_purged":["Defend_B","Dualcast","Strike_B","downfall:Haunted","Strike_B","Strike_B","Strike_B","Defend_B","Zap"],"score":418,"play_id":"3f591f7a-15fc-4995-9c2b-df03aaf8866a","local_time":"20210216190255","is_ascension_mode":false,"campfire_choices":[{"floor":8,"key":"REST"},{"floor":15,"key":"RECALL"},{"data":"Defragment","floor":23,"key":"SMITH"},{"data":"Loop","floor":25,"key":"SMITH"},{"data":"Defragment","floor":29,"key":"SMITH"},{"floor":32,"key":"REST"}],"circlet_count":0,"master_deck":["Defend_B","Defend_B","Fusion","Defragment+1","Defragment+1","Conserve Battery","Loop+1","Defragment+1","Conserve Battery","Electrodynamics+1","CurseOfTheBell","Lockon+1","Loop+1","Ball Lightning+1","Turbo","Ball Lightning+1","Conserve Battery","Reboot"],"relics":["Cracked Core","DataDisk","Lantern","PreservedInsect","Tiny Chest","Sundial","Frozen Egg 2","Calling Bell","Bag of Preparation","Matryoshka","Ginger","Art of War","Molten Egg 2","Membership Card","Toy Ornithopter","Ancient Tea Set","Oddly Smooth Stone","Fusion Hammer"],"acts_visited":["Exordium","TheCity","TheBeyond"],"potions_floor_usage":[33],"damage_taken":[{"damage":1,"enemies":"Small Slimes","floor":1,"turns":4},{"damage":1,"enemies":"Cultist","floor":2,"turns":3},{"damage":10,"enemies":"2 Louse","floor":5,"turns":3},{"damage":27,"enemies":"Gremlin Nob","floor":6,"turns":4},{"damage":0,"enemies":"Large Slime","floor":14,"turns":3},{"damage":30,"enemies":"The Guardian","floor":16,"turns":9},{"damage":3,"enemies":"3 Byrds","floor":18,"turns":2},{"damage":6,"enemies":"Shell Parasite","floor":22,"turns":5},{"damage":18,"enemies":"Snake Plant","floor":27,"turns":3},{"damage":1,"enemies":"Chosen and Byrds","floor":28,"turns":2},{"damage":13,"enemies":"Book of Stabbing","floor":30,"turns":3},{"damage":2,"enemies":"Centurion and Healer","floor":31,"turns":3},{"damage":0,"enemies":"Champ","floor":33,"turns":5}],"seed_played":"5473165738576757575","potions_obtained":[{"floor":1,"key":"ColorlessPotion"},{"floor":2,"key":"FairyPotion"},{"floor":27,"key":"LiquidMemories"},{"floor":31,"key":"Block Potion"},{"floor":33,"key":"EssenceOfDarkness"}],"is_trial":false,"path_per_floor":["M","M","?","$","M","E","$","R","T","?","T","?","?","M","R","B",null,"M","$","?","T","M","R","$","R","T","M","M","R","E","M","R","B",null],"character_chosen":"DEFECT","items_purchased":["DataDisk","Fusion","Defragment","Lantern","Defragment","Conserve Battery","Loop","Membership Card","Loop+1","Ball Lightning+1","Turbo"],"campfire_rested":2,"item_purchase_floors":[0,0,0,0,0,0,0,24,24,24,24],"current_hp_per_floor":[74,73,73,73,63,36,36,58,58,58,58,58,75,75,75,45,75,72,72,72,72,66,66,66,66,66,48,47,47,34,32,54,59,75,75],"gold":237,"neow_bonus":"","is_daily":false,"chose_seed":false,"campfire_upgraded":3,"win_rate":0.0,"timestamp":1613498575,"path_taken":["M","M","?","$","?","E","?","R","T","?","?","?","?","M","R","BOSS","M","$","?","?","M","R","?","R","T","M","?","R","E","M","R","BOSS"],"items_purchased_type":["Relic","Card","Card","Relic","Card","Card","Card","Relic","Card","Card","Card"],"build_version":"2020-12-22","purchased_purges":9,"victory":false,"max_hp_per_floor":[75,75,75,75,75,75,75,75,75,75,75,75,75,75,75,75,75,75,75,75,75,75,75,75,75,75,75,75,75,75,75,75,75,75,75],"card_choices":[{"not_picked":["Hello World","Beam Cell","Steam"],"picked":"SKIP","floor":1},{"not_picked":["Go for the Eyes","Hello World","Sweeping Beam"],"picked":"SKIP","floor":2},{"not_picked":["Barrage","Storm"],"picked":"Defragment","floor":5},{"not_picked":["Compile Driver","Gash","Cold Snap"],"picked":"SKIP","floor":6},{"not_picked":["Beam Cell","Coolheaded"],"picked":"Conserve Battery","floor":14},{"not_picked":["Core Surge","All For One"],"picked":"Electrodynamics+1","floor":16},{"not_picked":["Blizzard+1","Chaos","Chill"],"picked":"SKIP","floor":18},{"not_picked":["Go for the Eyes+1","Hologram+1"],"picked":"Lockon+1","floor":22},{"not_picked":["Cold Snap+1","Redo","Hologram"],"picked":"SKIP","floor":27},{"not_picked":["Skim","Hologram"],"picked":"Ball Lightning+1","floor":28},{"not_picked":["Redo","Coolheaded"],"picked":"Conserve Battery","floor":30},{"not_picked":["Rebound+1","Scrape+1","Coolheaded"],"picked":"SKIP","floor":31},{"not_picked":["Rainbow","Hyperbeam+1"],"picked":"Reboot","floor":33}],"player_experience":140489,"relics_obtained":[{"floor":6,"key":"Sundial"},{"floor":11,"key":"Frozen Egg 2"},{"floor":17,"key":"Bag of Preparation"},{"floor":17,"key":"Matryoshka"},{"floor":17,"key":"Ginger"},{"floor":21,"key":"Art of War"},{"floor":21,"key":"Molten Egg 2"},{"floor":26,"key":"Toy Ornithopter"},{"floor":26,"key":"Ancient Tea Set"},{"floor":30,"key":"Oddly Smooth Stone"}],"event_choices":[{"damage_healed":0,"gold_gain":0,"player_choice":"Gave Potion","damage_taken":0,"relics_obtained":["Tiny Chest"],"max_hp_gain":0,"max_hp_loss":0,"event_name":"WeMeetAgain","floor":3,"gold_loss":0},{"damage_healed":0,"gold_gain":0,"player_choice":"Ignored","damage_taken":0,"max_hp_gain":0,"max_hp_loss":0,"event_name":"Golden Idol","floor":10,"gold_loss":0},{"damage_healed":0,"gold_gain":0,"player_choice":"Grow","damage_taken":0,"max_hp_gain":0,"max_hp_loss":0,"event_name":"Living Wall","floor":12,"gold_loss":0,"cards_upgraded":["Defragment"]},{"damage_healed":18,"gold_gain":0,"player_choice":"Healed","damage_taken":0,"max_hp_gain":0,"max_hp_loss":0,"event_name":"The Cleric","floor":13,"gold_loss":35},{"damage_healed":0,"gold_gain":0,"player_choice":"Ignored","damage_taken":0,"max_hp_gain":0,"max_hp_loss":0,"event_name":"Vampires","floor":20,"gold_loss":0}],"is_beta":false,"boss_relics":[{"not_picked":["Velvet Choker","Astrolabe"],"picked":"Calling Bell"},{"not_picked":["Runic Dome","Snecko Eye"],"picked":"Fusion Hammer"}],"items_purged_floors":[0,0,0,0,19,19,19,19,24],"is_endless":false,"potions_floor_spawned":[1,2,27,31,33],"ascension_level":0}}