{"host":"2c84cb4cp1emursg","time":1613512412,"event":{"mods":["Act Like it!","BaseMod","Better Third Choice","Bossed Relics","Hermit","Mimic Mod","Minty Spire (QoL Compilation)","Permanent Neow","StSLib","The Bug Knight"],"gold_per_floor":[369,38,53,53,68,68,82,109,109,109,109],"floor_reached":10,"language":"ENG","playtime":612,"items_purged":[],"score":88,"play_id":"21e5b7ab-96a8-4b4f-aa06-f2158d5c2f09","local_time":"20210216145332","is_ascension_mode":true,"campfire_choices":[{"data":"Dodge and Roll","floor":6,"key":"SMITH"}],"circlet_count":0,"master_deck":["Strike_G","Strike_G","Strike_G","Strike_G","Defend_G","Defend_G","Defend_G","Defend_G","Defend_G","Survivor","Neutralize","Dodge and Roll+1","Master of Strategy","Quick Slash","Slice","Sucker Punch"],"relics":["Ring of the Snake","Strange Spoon","Singing Bowl"],"acts_visited":["Exordium"],"potions_floor_usage":[5,8],"damage_taken":[{"damage":10,"enemies":"Jaw Worm","floor":1,"turns":7},{"damage":0,"enemies":"Cultist","floor":3,"turns":5},{"damage":0,"enemies":"Small Slimes","floor":5,"turns":4},{"damage":8,"enemies":"Exordium Wildlife","floor":7,"turns":7},{"damage":14,"enemies":"HollowMod:MossKnight","floor":8,"turns":11},{"damage":18,"enemies":"Lagavulin","floor":10,"turns":3}],"seed_played":"-6134804979604487549","potions_obtained":[{"floor":1,"key":"CultistPotion"},{"floor":3,"key":"Fire Potion"}],"is_trial":false,"path_per_floor":["M","$","M","?","M","R","M","E","T","E"],"character_chosen":"THE_SILENT","items_purchased":["Strange Spoon","Master of Strategy"],"campfire_rested":0,"item_purchase_floors":[2,2],"current_hp_per_floor":[35,35,35,35,35,35,27,13,13,0,0],"gold":109,"neow_bonus":"TWO_FIFTY_GOLD","is_daily":false,"chose_seed":false,"campfire_upgraded":1,"win_rate":0.0,"timestamp":1613512412,"path_taken":["M","$","M","?","M","R","?","E","T","E"],"items_purchased_type":["Relic","Card"],"build_version":"2020-12-22","purchased_purges":0,"victory":false,"max_hp_per_floor":[70,70,70,70,70,70,70,70,70,70,70],"card_choices":[{"not_picked":["Noxious Fumes","Bane"],"picked":"Dodge and Roll","floor":1},{"not_picked":["Outmaneuver","Escape Plan","Prepared"],"picked":"SKIP","floor":3},{"not_picked":["Choke","Expertise"],"picked":"Quick Slash","floor":5},{"not_picked":["PiercingWail","All Out Attack"],"picked":"Slice","floor":7},{"not_picked":["Bane","Acrobatics"],"picked":"Sucker Punch","floor":8}],"player_experience":525792,"relics_obtained":[{"floor":8,"key":"Singing Bowl"}],"event_choices":[{"cards_removed":["Strike_G"],"damage_healed":0,"gold_gain":0,"player_choice":"Purged","damage_taken":0,"max_hp_gain":0,"max_hp_loss":0,"event_name":"Purifier","floor":4,"gold_loss":0}],"is_beta":false,"boss_relics":[],"items_purged_floors":[],"is_endless":false,"potions_floor_spawned":[1,3],"killed_by":"Lagavulin","ascension_level":6}}