{"host":"9rehsd5oi9uaydbk","time":1613454228,"event":{"mods":["AchievementEnabler","Act Like it!","Aspiration","BaseMod","Better Third Choice","Colored Powertips","Curses Come First","Downfall","Hermit","Hubris","Jorbs\u0027s Wanderer Trilogy","Minty Spire (QoL Compilation)","StSLib","The Marked","The Runesmith"],"gold_per_floor":[115,115,127,48,123,123,123,136,136,136,151,151,167,167,167,269,269,233,243,254,146,164,164,164],"floor_reached":23,"language":"ENG","playtime":909,"items_purged":[],"score":183,"play_id":"4b02b7d7-e7af-415c-b7ab-e4f6505c60c1","local_time":"20210216004348","is_ascension_mode":false,"campfire_choices":[{"data":"theMarked:SoldierOfQuellstein","floor":7,"key":"SMITH"},{"floor":10,"key":"REST"},{"data":"theMarked:ComboAttacks","floor":12,"key":"SMITH"},{"data":"theMarked:CreepingChasm","floor":15,"key":"SMITH"}],"circlet_count":0,"master_deck":["theMarked:Strike","theMarked:Strike","theMarked:Strike","theMarked:Strike","theMarked:Strike","theMarked:Defend","theMarked:Defend","theMarked:Defend","theMarked:Defend","theMarked:SoldierOfQuellstein+1","theMarked:CreepingChasm+1","theMarked:ComboAttacks+1","theMarked:HeightenedSenses","theMarked:EmpowerWeapon+1","theMarked:Memento","theMarked:Vacuum","Beam Cell","White Noise+1"],"relics":["theMarked:ArtifactOfAir","NeowsBlessing","hubris:Icosahedron","HornCleat","aspiration:DefectSkillbook","The Courier"],"acts_visited":["Exordium","TheCity"],"potions_floor_usage":[16,16,19,19,19,20,20],"damage_taken":[{"damage":0,"enemies":"Cultist","floor":1,"turns":1},{"damage":0,"enemies":"Jaw Worm","floor":3,"turns":1},{"damage":0,"enemies":"2 Louse","floor":8,"turns":2},{"damage":0,"enemies":"Exordium Thugs","floor":11,"turns":5},{"damage":5,"enemies":"3 Louse","floor":13,"turns":3},{"damage":54,"enemies":"Hexaghost","floor":16,"turns":11},{"damage":1,"enemies":"2 Thieves","floor":18,"turns":4},{"damage":4,"enemies":"Chosen","floor":19,"turns":6},{"damage":9,"enemies":"Centurion and Healer","floor":20,"turns":4},{"damage":26,"enemies":"Snake Plant","floor":22,"turns":5},{"damage":49,"enemies":"Gremlin Leader","floor":23,"turns":4}],"seed_played":"2888735561993466042","potions_obtained":[{"floor":1,"key":"theMarked:ChargePotion"},{"floor":11,"key":"Swift Potion"},{"floor":19,"key":"Regen Potion"}],"is_trial":false,"path_per_floor":["M","?","M","$","?","?","R","M","T","R","M","R","M","?","R","B",null,"M","M","M","?","M","E"],"character_chosen":"THE_DEFAULT","items_purchased":["theMarked:ComboAttacks"],"campfire_rested":1,"item_purchase_floors":[4],"current_hp_per_floor":[70,70,70,70,59,59,59,59,59,70,70,70,65,65,65,11,70,69,65,68,68,42,0,0],"gold":164,"neow_bonus":"THREE_ENEMY_KILL","is_daily":false,"chose_seed":false,"campfire_upgraded":3,"win_rate":0.0,"timestamp":1613454228,"path_taken":["M","?","M","$","?","?","R","M","T","R","M","R","?","?","R","BOSS","M","M","M","?","?","E"],"items_purchased_type":["Card"],"build_version":"2020-12-22","purchased_purges":0,"victory":false,"max_hp_per_floor":[70,70,70,70,70,70,70,70,70,70,70,70,70,70,70,70,70,70,70,70,70,70,70,70],"card_choices":[{"not_picked":["theMarked:RepellingDischarge","theMarked:ResourceFulStrike"],"picked":"theMarked:CreepingChasm","floor":1},{"not_picked":["theMarked:ShockingTouch","theMarked:KeepCalmAndFight"],"picked":"theMarked:Parkour","floor":3},{"not_picked":["theMarked:SwordAndMagic","theMarked:TwofoldDefense"],"picked":"theMarked:EmpowerWeapon","floor":8},{"not_picked":["theMarked:RepellingDischarge","theMarked:AttractMetal"],"picked":"theMarked:Memento","floor":11},{"not_picked":["theMarked:DispelDoubt","theMarked:ElectricStrings","theMarked:RepellingDischarge"],"picked":"SKIP","floor":13},{"not_picked":["theMarked:UnarmedFury","theMarked:Snap"],"picked":"theMarked:Vacuum","floor":16},{"not_picked":["theMarked:ResourceFulStrike","Stack","theMarked:Electrocute"],"picked":"Beam Cell","floor":18},{"not_picked":["Cold Snap","theMarked:Electrify","Chill","theMarked:HeightenedSenses"],"picked":"SKIP","floor":19},{"not_picked":["Compile Driver+1","Heatsinks","Ball Lightning","Cold Snap"],"picked":"SKIP","floor":20},{"not_picked":["Steam Power+1","Tempest+1","theMarked:Electrocute+1"],"picked":"White Noise+1","floor":22}],"player_experience":208354,"relics_obtained":[{"floor":9,"key":"HornCleat"}],"event_choices":[{"damage_healed":0,"gold_gain":75,"player_choice":"Gold","damage_taken":11,"max_hp_gain":0,"max_hp_loss":0,"event_name":"betterThird:BetterGoop","floor":5,"gold_loss":0},{"damage_healed":0,"gold_gain":0,"cards_transformed":["theMarked:Parkour"],"player_choice":"Transformed","damage_taken":0,"max_hp_gain":0,"max_hp_loss":0,"event_name":"Transmorgrifier","floor":6,"gold_loss":0,"cards_obtained":["theMarked:HeightenedSenses"]},{"damage_healed":0,"gold_gain":0,"player_choice":"Paid Gold","damage_taken":0,"relics_obtained":["The Courier"],"max_hp_gain":0,"max_hp_loss":0,"event_name":"WeMeetAgain","floor":21,"gold_loss":108}],"is_beta":false,"boss_relics":[{"not_picked":["Calling Bell","aspiration:RitualDagger"],"picked":"aspiration:DefectSkillbook"}],"items_purged_floors":[],"is_endless":false,"potions_floor_spawned":[1,11,19],"killed_by":"Gremlin Leader","ascension_level":0}}