{"host":"kxz5izodaorfb9am","time":1613508506,"event":{"mods":["BaseMod","GifTheSpireLib","Minty Spire (QoL Compilation)","Shop Mod","StSLib"],"gold_per_floor":[114,134,134,134,147,147,165,178,178,197,232,251,97,110,110,206,206,220,220,245,245,40,67,84,109,109,109,34,34,51,61,61,162,162,177,187,187,117,127,127,154,154,181,181,81,93,108,118,118,118,118],"floor_reached":50,"language":"ENG","playtime":2955,"items_purged":["Strike_P","Defend_P","Defend_P+1"],"score":647,"play_id":"b538f5b1-27fc-4698-aa36-3f159fd8f1f5","local_time":"20210216214826","is_ascension_mode":true,"campfire_choices":[{"floor":6,"key":"RECALL"},{"floor":15,"key":"REST"},{"floor":27,"key":"REST"},{"floor":29,"key":"REST"},{"floor":32,"key":"REST"}],"circlet_count":0,"master_deck":["Strike_P+1","Strike_P+1","Eruption+1","Vigilance+1","Crescendo+1","ThirdEye+1","Weave+1","JustLucky+1","TalkToTheHand+1","Judgement+1","Weave+1","Weave+1","Scrawl+1","CutThroughFate+1","CutThroughFate+1","Evaluate+1","Prostrate+1","Flash of Steel+1","FollowUp+1","Vault+1","FearNoEvil+1","EmptyFist+1","CutThroughFate+1","Finesse","Secret Weapon","EmptyBody","EmptyMind+1"],"relics":["Fusion Hammer","Singing Bowl","Bag of Preparation","Sozu","Red Mask","Bottled Lightning","Regal Pillow","The Courier","Coffee Dripper","Mark of the Bloom","Mummified Hand","Happy Flower"],"acts_visited":["Exordium","TheCity","TheBeyond"],"potions_floor_usage":[11,11,16,16],"damage_taken":[{"damage":0,"enemies":"Small Slimes","floor":1,"turns":2},{"damage":0,"enemies":"Cultist","floor":2,"turns":3},{"damage":0,"enemies":"2 Louse","floor":5,"turns":2},{"damage":0,"enemies":"Looter","floor":7,"turns":2},{"damage":0,"enemies":"Blue Slaver","floor":8,"turns":3},{"damage":5,"enemies":"3 Louse","floor":10,"turns":3},{"damage":0,"enemies":"Gremlin Nob","floor":11,"turns":2},{"damage":0,"enemies":"Exordium Thugs","floor":12,"turns":3},{"damage":0,"enemies":"Exordium Wildlife","floor":14,"turns":3},{"damage":16,"enemies":"Slime Boss","floor":16,"turns":7},{"damage":0,"enemies":"3 Byrds","floor":18,"turns":3},{"damage":0,"enemies":"Masked Bandits","floor":20,"turns":2},{"damage":26,"enemies":"Book of Stabbing","floor":23,"turns":4},{"damage":0,"enemies":"Shell Parasite","floor":24,"turns":3},{"damage":0,"enemies":"Gremlin Leader","floor":25,"turns":3},{"damage":6,"enemies":"Shelled Parasite and Fungi","floor":30,"turns":3},{"damage":0,"enemies":"Centurion and Healer","floor":31,"turns":2},{"damage":52,"enemies":"Champ","floor":33,"turns":7},{"damage":0,"enemies":"3 Shapes","floor":35,"turns":1},{"damage":0,"enemies":"3 Darklings","floor":36,"turns":2},{"damage":0,"enemies":"Sphere and 2 Shapes","floor":39,"turns":1},{"damage":0,"enemies":"Reptomancer","floor":41,"turns":3},{"damage":0,"enemies":"Maw","floor":46,"turns":3},{"damage":0,"enemies":"3 Darklings","floor":47,"turns":1},{"damage":0,"enemies":"Spire Growth","floor":48,"turns":1},{"damage":87,"enemies":"Time Eater","floor":50,"turns":8}],"seed_played":"7449131256630010637","potions_obtained":[{"floor":8,"key":"BlessingOfTheForge"},{"floor":10,"key":"LiquidMemories"},{"floor":11,"key":"GamblersBrew"},{"floor":14,"key":"GamblersBrew"}],"is_trial":false,"path_per_floor":["M","M","?","?","M","R","M","M","T","M","E","M","$","M","R","B",null,"M","?","?","?","$","E","M","E","T","R","?","R","M","M","R","B",null,"M","M","?","$","M","R","E","T","T","?","$","M","M","M","R","B"],"character_chosen":"WATCHER","items_purchased":["Weave","Flash of Steel","FollowUp","Finesse"],"campfire_rested":4,"item_purchase_floors":[13,22,22,38],"current_hp_per_floor":[72,72,72,72,72,72,72,72,72,67,67,67,67,69,74,58,74,76,76,76,76,76,52,54,54,54,80,80,80,74,76,82,32,84,84,84,84,84,84,84,84,84,84,84,84,84,84,84,84,0,0],"gold":118,"neow_bonus":"BOSS_RELIC","is_daily":false,"chose_seed":false,"campfire_upgraded":0,"win_rate":0.0,"timestamp":1613508506,"path_taken":["M","M","?","?","M","R","?","M","T","M","E","M","$","M","R","BOSS","M","?","?","?","$","E","M","E","T","R","?","R","M","M","R","BOSS","M","M","?","?","M","R","E","?","T","?","$","M","M","M","R","BOSS"],"items_purchased_type":["Card","Card","Card","Card"],"build_version":"2020-12-22","purchased_purges":3,"victory":false,"max_hp_per_floor":[72,72,72,72,72,72,72,72,72,72,72,72,72,74,74,74,74,76,76,76,76,76,78,80,80,80,80,80,80,80,82,82,84,84,84,84,84,84,86,86,86,86,86,86,86,86,86,86,86,86,86],"card_choices":[{"not_picked":["Protect","JustLucky"],"picked":"Crescendo","floor":1},{"not_picked":["Wireheading","Crescendo"],"picked":"ThirdEye","floor":2},{"not_picked":["TalkToTheHand","Vengeance"],"picked":"Weave","floor":5},{"not_picked":["SashWhip","Alpha"],"picked":"JustLucky","floor":7},{"not_picked":["Halt","WaveOfTheHand","Tantrum"],"picked":"SKIP","floor":8},{"not_picked":["FlyingSleeves","DeceiveReality"],"picked":"TalkToTheHand","floor":10},{"not_picked":["ReachHeaven","WaveOfTheHand"],"picked":"Judgement","floor":11},{"not_picked":["EmptyFist","Protect"],"picked":"Weave","floor":12},{"not_picked":["EmptyBody","Protect","WindmillStrike"],"picked":"Singing Bowl","floor":14},{"not_picked":["Wish","MasterReality"],"picked":"Scrawl","floor":16},{"not_picked":["InnerPeace+1","SashWhip","Conclude"],"picked":"Singing Bowl","floor":18},{"not_picked":["Weave","ThirdEye"],"picked":"CutThroughFate+1","floor":20},{"not_picked":["Consecrate","CrushJoints","Crescendo"],"picked":"Singing Bowl","floor":23},{"not_picked":["Wallop+1","CrushJoints","BowlingBash"],"picked":"Singing Bowl","floor":24},{"not_picked":["FlyingSleeves","ReachHeaven"],"picked":"Vault","floor":25},{"not_picked":["Halt","FlyingSleeves"],"picked":"FearNoEvil","floor":30},{"not_picked":["WreathOfFlame","ReachHeaven+1","BowlingBash"],"picked":"Singing Bowl","floor":31},{"not_picked":["Judgement","Blasphemy","Scrawl"],"picked":"Singing Bowl","floor":33},{"not_picked":["Crescendo","WaveOfTheHand+1"],"picked":"EmptyFist","floor":35},{"not_picked":["Prostrate","PathToVictory"],"picked":"CutThroughFate","floor":36},{"not_picked":["EmptyFist","Conclude+1","CrushJoints+1"],"picked":"Singing Bowl","floor":39},{"not_picked":["Judgement","Crescendo+1","Wireheading+1"],"picked":"SKIP","floor":41},{"not_picked":["Apotheosis","Discovery"],"picked":"Secret Weapon","floor":44},{"not_picked":["Consecrate","Halt","Evaluate+1"],"picked":"SKIP","floor":46},{"not_picked":["WreathOfFlame+1","Halt"],"picked":"EmptyBody","floor":47},{"not_picked":["Consecrate+1","Establishment"],"picked":"EmptyMind+1","floor":48}],"player_experience":335480,"relics_obtained":[{"floor":9,"key":"Singing Bowl"},{"floor":11,"key":"Bag of Preparation"},{"floor":20,"key":"Red Mask"},{"floor":23,"key":"Bottled Lightning"},{"floor":25,"key":"Regal Pillow"},{"floor":26,"key":"The Courier"},{"floor":41,"key":"Mummified Hand"},{"floor":43,"key":"Happy Flower"}],"event_choices":[{"damage_healed":0,"gold_gain":0,"player_choice":"Grow","damage_taken":0,"max_hp_gain":0,"max_hp_loss":0,"event_name":"Living Wall","floor":3,"gold_loss":0,"cards_upgraded":["Eruption"]},{"damage_healed":0,"gold_gain":0,"player_choice":"Forge","damage_taken":0,"max_hp_gain":0,"max_hp_loss":0,"event_name":"Accursed Blacksmith","floor":4,"gold_loss":0,"cards_upgraded":["Crescendo"]},{"damage_healed":0,"gold_gain":0,"player_choice":"Read","damage_taken":0,"max_hp_gain":0,"max_hp_loss":0,"event_name":"The Library","floor":19,"gold_loss":0,"cards_obtained":["CutThroughFate"]},{"damage_healed":0,"gold_gain":0,"player_choice":"Fought Bandits","damage_taken":0,"max_hp_gain":0,"max_hp_loss":0,"event_name":"Masked Bandits","floor":20,"gold_loss":0},{"damage_healed":0,"gold_gain":0,"cards_transformed":["Strike_P","Defend_P"],"player_choice":"Became Test Subject","damage_taken":0,"max_hp_gain":0,"max_hp_loss":0,"event_name":"Drug Dealer","floor":21,"gold_loss":0,"cards_obtained":["Evaluate","Prostrate"]},{"cards_removed":["Defend_P"],"damage_healed":0,"gold_gain":0,"player_choice":"Gave Gold","damage_taken":0,"max_hp_gain":0,"max_hp_loss":0,"event_name":"Beggar","floor":28,"gold_loss":75},{"damage_healed":0,"gold_gain":0,"player_choice":"Upgrade","damage_taken":0,"relics_obtained":["Mark of the Bloom"],"max_hp_gain":0,"max_hp_loss":0,"event_name":"MindBloom","floor":37,"gold_loss":0,"cards_upgraded":["Strike_P","Strike_P","Defend_P","Vigilance","ThirdEye","Weave","JustLucky","TalkToTheHand","Judgement","Weave","Weave","Scrawl","CutThroughFate","Evaluate","Prostrate","Flash of Steel","FollowUp","Vault","FearNoEvil","EmptyFist","CutThroughFate"]},{"damage_healed":0,"gold_gain":0,"player_choice":"Memory 1","damage_taken":0,"max_hp_gain":0,"max_hp_loss":0,"event_name":"SensoryStone","floor":44,"gold_loss":0}],"is_beta":false,"boss_relics":[{"not_picked":["Calling Bell","Cursed Key"],"picked":"Sozu"},{"not_picked":["VioletLotus","Velvet Choker"],"picked":"Coffee Dripper"}],"items_purged_floors":[13,22,45],"is_endless":false,"potions_floor_spawned":[8,10,11,14,18,20,25,30,35,41,48],"killed_by":"Time Eater","ascension_level":1}}