{"host":"lux9clvengbx2egb","time":1613444424,"event":{"mods":["BaseMod","Marisa????????","Minty Spire (QoL Compilation)","StSLib"],"gold_per_floor":[117,133,87,87,99,125,90,120,197,214,214,231,261,273,273,372,372,392,411,411,118,133,133,149,149,149,180,192,204,141,151,151,247,247,261,261,272,120,46,81,81,108,154,154,154,171,16,16,16,16,16,16,16,47,47,47],"floor_reached":55,"language":"ENG","playtime":6593,"items_purged":["Occultation"],"score":745,"play_id":"8e33d03e-4f37-4c0e-b409-e09c29ca3747","local_time":"20210215200024","is_ascension_mode":false,"campfire_choices":[{"data":"MillisecondPulsars","floor":11.0,"key":"SMITH"},{"floor":15.0,"key":"REST"},{"floor":23.0,"key":"REST"},{"floor":25.0,"key":"RECALL"},{"floor":29.0,"key":"REST"},{"data":"OortCloud","floor":32.0,"key":"SMITH"},{"data":"IllusionStar","floor":41,"key":"SMITH"},{"floor":44,"key":"REST"},{"data":"EnergyFlow","floor":49,"key":"SMITH"},{"data":"ShootTheMoon","floor":52,"key":"SMITH"}],"circlet_count":0,"master_deck":["Strike_MRS","Strike_MRS","Strike_MRS","Strike_MRS","Defend_MRS","Defend_MRS","Defend_MRS","Defend_MRS","MasterSpark","UpSweep","MysteriousBeam","IllusionStar+1","MagicChant","MillisecondPulsars+1","Parasite","Parasite","OrrerysSun","DoubleSpark","OortCloud+1","AsteroidBelt","PowerUp","GrandCross","MysteriousBeam","SporeBomb","ShootTheMoon+1","DeepEcoloBomb","BinaryStars+1","PropBag+1","EnergyFlow+1","EventHorizon","6A+1","MasterSpark","Discovery","Acceleration+1"],"relics":["MiniHakkero","NeowsBlessing","CaptainsWheel","ShroomBag","Toy Ornithopter","RampagingMagicTools","FossilizedHelix","MawBank","ExperimentalFamiliar","Orichalcum","Ornamental Fan","Question Card","Regal Pillow","Anchor","Happy Flower","Gremlin Horn"],"acts_visited":["Exordium","TheCity","TheBeyond","TheEnding"],"potions_floor_usage":[33,33,40,40,55],"damage_taken":[{"damage":0.0,"enemies":"Cultist","floor":1.0,"turns":1.0},{"damage":0.0,"enemies":"Small Slimes","floor":2.0,"turns":1.0},{"damage":0.0,"enemies":"2 Louse","floor":5.0,"turns":1.0},{"damage":9.0,"enemies":"Lagavulin","floor":6.0,"turns":5.0},{"damage":0.0,"enemies":"Gremlin Nob","floor":8.0,"turns":3.0},{"damage":1.0,"enemies":"Exordium Wildlife","floor":10.0,"turns":4.0},{"damage":5.0,"enemies":"Exordium Thugs","floor":12.0,"turns":4.0},{"damage":5.0,"enemies":"Lagavulin","floor":13.0,"turns":5.0},{"damage":10.0,"enemies":"Red Slaver","floor":14.0,"turns":3.0},{"damage":25.0,"enemies":"Hexaghost","floor":16.0,"turns":9.0},{"damage":21.0,"enemies":"2 Thieves","floor":18.0,"turns":5.0},{"damage":16.0,"enemies":"3 Byrds","floor":19.0,"turns":5.0},{"damage":18.0,"enemies":"Centurion and Healer","floor":22.0,"turns":6.0},{"damage":0.0,"enemies":"Snecko","floor":24.0,"turns":5.0},{"damage":0.0,"enemies":"Cultist and Chosen","floor":27.0,"turns":4.0},{"damage":21.0,"enemies":"Colosseum Slavers","floor":28.0,"turns":3.0},{"damage":0.0,"enemies":"Centurion and Healer","floor":31.0,"turns":6.0},{"damage":63,"enemies":"Automaton","floor":33,"turns":10},{"damage":0,"enemies":"3 Shapes","floor":35,"turns":3},{"damage":9,"enemies":"Orb Walker","floor":37,"turns":3},{"damage":8,"enemies":"Reptomancer","floor":40,"turns":7},{"damage":27,"enemies":"Nemesis","floor":42,"turns":5},{"damage":0,"enemies":"Maw","floor":46,"turns":6},{"damage":60,"enemies":"Awakened One","floor":50,"turns":9},{"damage":48,"enemies":"Shield and Spear","floor":54,"turns":7},{"damage":57,"enemies":"The Heart","floor":55,"turns":2}],"seed_played":"-7811387926512601464","potions_obtained":[{"floor":2.0,"key":"Block Potion"},{"floor":5.0,"key":"Dexterity Potion"},{"floor":14.0,"key":"LiquidBronze"},{"floor":18.0,"key":"BlessingOfTheForge"},{"floor":19.0,"key":"Fruit Juice"},{"floor":24.0,"key":"GamblersBrew"},{"floor":27.0,"key":"PowerPotion"},{"floor":31.0,"key":"FearPotion"},{"floor":35,"key":"Dexterity Potion"},{"floor":37,"key":"AttackPotion"},{"floor":42,"key":"Energy Potion"}],"is_trial":false,"path_per_floor":["M","M","$","?","M","E","?","E","T","M","R","M","E","M","R","B",null,"M","M","?","$","M","R","M","R","T","M","?","R","$","M","R","B",null,"M","?","M","$","$","E","R","E","T","R","?","M","$","?","R","B",null,"R","$","E","B"],"character_chosen":"MARISA","items_purchased":["IllusionStar","FossilizedHelix","Orichalcum","EnergyFlow","Anchor"],"campfire_rested":4,"item_purchase_floors":[3,21,38,39,47],"current_hp_per_floor":[75,75,75,75,75,66,75,75,75,75,75,72,69,61,75,54,75,58,51,51,51,47,71,75,75,75,80,61,80,80,80,80,29,80,80,80,71,71,71,77,77,54,54,80,80,80,80,80,80,24,80,80,80,34,0,0],"gold":47,"neow_bonus":"THREE_ENEMY_KILL","is_daily":false,"chose_seed":false,"campfire_upgraded":5,"win_rate":0.0,"timestamp":1613444424,"path_taken":["M","?","$","?","?","E","?","E","T","M","R","M","E","M","R","BOSS","M","M","?","?","M","R","M","R","T","?","?","R","?","M","R","BOSS","M","?","M","?","$","E","R","E","T","R","?","?","$","?","R","BOSS","R","$","E","BOSS"],"items_purchased_type":["Card","Relic","Relic","Card","Relic"],"build_version":"2020-12-22","purchased_purges":1,"victory":false,"max_hp_per_floor":[75,75,75,75,75,75,75,75,75,75,75,75,75,75,75,75,75,75,75,75,75,80,80,80,80,80,80,80,80,80,80,80,80,80,80,80,80,80,80,80,80,80,80,80,80,80,80,80,80,80,80,80,80,80,80,80],"card_choices":[{"not_picked":["AsteroidBelt","GravityBeat"],"picked":"MysteriousBeam","floor":1.0},{"not_picked":["MysteriousBeam","DarkMatter"],"picked":"Occultation","floor":2.0},{"not_picked":["ShootingEcho","EventHorizon"],"picked":"MagicChant","floor":5.0},{"not_picked":["JA","ShootingEcho"],"picked":"MillisecondPulsars","floor":6.0},{"not_picked":["StarBarrage","ChargeUpSpray"],"picked":"OrrerysSun","floor":8.0},{"not_picked":["IllusionStar","UnstableBomb"],"picked":"DoubleSpark","floor":10.0},{"not_picked":["CollectingQuirk","DeepEcoloBomb"],"picked":"OortCloud","floor":12.0},{"not_picked":["OpenUniverse","ManaConvection"],"picked":"AsteroidBelt","floor":13.0},{"not_picked":["DC","OrrerysSun"],"picked":"PowerUp","floor":14.0},{"not_picked":["DoubleSpark","MachineGunSpark"],"picked":"GrandCross","floor":18.0},{"not_picked":["ShootingEcho","DC","MachineGunSpark"],"picked":"SKIP","floor":19.0},{"not_picked":["MilkyWay","GravityBeat","DoubleSpark"],"picked":"SKIP","floor":22.0},{"not_picked":["AsteroidBelt+1","ShootTheMoon"],"picked":"SporeBomb","floor":24.0},{"not_picked":["MilkyWay","IllusionStar"],"picked":"ShootTheMoon","floor":27.0},{"not_picked":["DoubleSpark+1","StarlightTyphoon"],"picked":"DeepEcoloBomb","floor":31.0},{"not_picked":["BlazingStar","UltimateShortwave"],"picked":"BinaryStars","floor":33},{"not_picked":["RefractionSpark+1","ShootTheMoon"],"picked":"PropBag+1","floor":35},{"not_picked":["EnergyRecoil+1","MagicChant","GalacticHalo+1"],"picked":"SKIP","floor":37},{"not_picked":["ShootingEcho","GasGiant"],"picked":"EventHorizon","floor":40},{"not_picked":["UnstableBomb+1","LuminesStrike"],"picked":"6A+1","floor":42},{"not_picked":["BlazeAway+1","WitchLeyline","ShootingEcho","DC+1"],"picked":"SKIP","floor":46},{"not_picked":["Apotheosis","Magnetism","Good Instincts"],"picked":"Discovery","floor":48},{"not_picked":["UnstableBomb","WitchOfGreed+1","GrandCross"],"picked":"Acceleration+1","floor":54}],"player_experience":0,"relics_obtained":[{"floor":6.0,"key":"CaptainsWheel"},{"floor":8.0,"key":"ShroomBag"},{"floor":13.0,"key":"Toy Ornithopter"},{"floor":26.0,"key":"MawBank"},{"floor":40,"key":"Ornamental Fan"},{"floor":42,"key":"Question Card"},{"floor":43,"key":"Regal Pillow"},{"floor":54,"key":"Happy Flower"}],"event_choices":[{"damage_healed":0.0,"max_hp_gain":0.0,"max_hp_loss":0.0,"gold_gain":0.0,"event_name":"Wheel of Change","player_choice":"Full Heal","floor":4.0,"gold_loss":0.0,"damage_taken":0.0},{"damage_healed":18.0,"max_hp_gain":0.0,"max_hp_loss":0.0,"gold_gain":0.0,"event_name":"The Cleric","player_choice":"Healed","floor":7.0,"gold_loss":35.0,"damage_taken":0.0},{"damage_healed":0.0,"max_hp_gain":0.0,"max_hp_loss":0.0,"gold_gain":0.0,"event_name":"Duplicator","player_choice":"Copied","floor":20.0,"gold_loss":0.0,"damage_taken":0.0,"cards_obtained":["MysteriousBeam"]},{"damage_healed":0.0,"max_hp_gain":0.0,"max_hp_loss":0.0,"gold_gain":0.0,"event_name":"Colosseum","player_choice":"Fight","floor":28.0,"gold_loss":0.0,"damage_taken":0.0},{"damage_healed":0.0,"max_hp_gain":0.0,"max_hp_loss":0.0,"gold_gain":0.0,"event_name":"Colosseum","player_choice":"Fled From Nobs","floor":28.0,"gold_loss":0.0,"damage_taken":0.0},{"damage_healed":0,"gold_gain":0,"player_choice":"Upgraded","damage_taken":0,"max_hp_gain":0,"max_hp_loss":0,"event_name":"Upgrade Shrine","floor":36,"gold_loss":0,"cards_upgraded":["BinaryStars"]},{"damage_healed":0,"gold_gain":0,"player_choice":"1 cards matched","damage_taken":0,"max_hp_gain":0,"max_hp_loss":0,"event_name":"Match and Keep!","floor":45,"gold_loss":0,"cards_obtained":["MasterSpark"]},{"damage_healed":0,"gold_gain":0,"player_choice":"Memory 1","damage_taken":0,"max_hp_gain":0,"max_hp_loss":0,"event_name":"SensoryStone","floor":48,"gold_loss":0}],"is_beta":false,"boss_relics":[{"not_picked":["Cursed Key","Astrolabe"],"picked":"RampagingMagicTools"},{"not_picked":["Velvet Choker","Empty Cage"],"picked":"ExperimentalFamiliar"}],"items_purged_floors":[30],"is_endless":false,"potions_floor_spawned":[2,5,14,18,19,24,27,31,35,37,42],"killed_by":"The Heart","ascension_level":0}}