{"host":"hf8yoqke32w15p1q","time":1613503160,"event":{"mods":["Aspiration","BaseMod","BetterRewards","Colored Powertips","Conspire","Duelist Mod","Hermit","Hubris","Infinite Spire","Jorbs\u0027s Wanderer Trilogy","Minty Spire (QoL Compilation)","Shop Mod","StSLib","The Animator","The Necromancer"],"gold_per_floor":[137,137,113,113,113,133,166,177,254,254,268,268,301,311,311,413,413,423,439,538,555,570,601,601,601],"floor_reached":24,"language":"ENG","playtime":943,"items_purged":[],"score":278,"play_id":"1ee96306-fc25-44f0-a589-53092e715afe","local_time":"20210216141920","is_ascension_mode":false,"campfire_choices":[{"data":"theDuelist:GiantTrapHole","floor":15,"key":"SMITH"}],"circlet_count":0,"master_deck":["theDuelist:CastleWalls","theDuelist:CastleWalls","theDuelist:DarkMagician","theDuelist:MysticalElf","theDuelist:NeoMagic","theDuelist:NeoMagic","theDuelist:Sparks","theDuelist:Sparks","theDuelist:Sparks","theDuelist:VoidVanishment","theDuelist:GiantTrapHole+1","theDuelist:PowerKaishin","theDuelist:Nameless:Power:SpiralSpearStrike","theDuelist:Wildfire","theDuelist:DarkMagician","theDuelist:InjectionFairy","theDuelist:RainbowKuriboh","theDuelist:Wiretap"],"relics":["theDuelist:MillenniumPuzzle","theDuelist:CardPoolRelic","theDuelist:CardPoolBasicRelic","theDuelist:BoosterPackPoolRelic","theDuelist:CardPoolAddRelic","theDuelist:CardPoolMinusRelic","theDuelist:CardPoolSaveRelic","theDuelist:CardPoolOptionsRelic","infinitespire:PuzzleCube","infinitespire:CheckeredPen","theDuelist:CursedHealer","Thread and Needle","theDuelist:TributeEggRelic"],"acts_visited":["Exordium","TheCity"],"potions_floor_usage":[24,24,24],"damage_taken":[{"damage":0,"enemies":"2 Louse","floor":1,"turns":3},{"damage":6,"enemies":"Cultist","floor":6,"turns":3},{"damage":0,"enemies":"Lagavulin","floor":7,"turns":5},{"damage":6,"enemies":"Small Slimes","floor":8,"turns":2},{"damage":2,"enemies":"Blue Slaver","floor":11,"turns":3},{"damage":0,"enemies":"Gremlin Nob","floor":13,"turns":3},{"damage":0,"enemies":"Looter","floor":14,"turns":3},{"damage":21,"enemies":"Hexaghost","floor":16,"turns":10},{"damage":12,"enemies":"2 Thieves","floor":18,"turns":4},{"damage":0,"enemies":"Chosen","floor":19,"turns":3},{"damage":43,"enemies":"Snake Plant","floor":21,"turns":6},{"damage":2,"enemies":"3 Cultists","floor":22,"turns":4},{"damage":24,"enemies":"Book of Stabbing","floor":23,"turns":7},{"damage":16,"enemies":"Masked Bandits","floor":24,"turns":2}],"seed_played":"-1695950370341816391","potions_obtained":[{"floor":7,"key":"theDuelist:TokenPotion"},{"floor":8,"key":"theDuelist:LavaBottle"},{"floor":13,"key":"SmokeBomb"},{"floor":18,"key":"theDuelist:EarthBottle"}],"is_trial":false,"path_per_floor":["M","?","$","?","?","M","E","M","T","?","M","?","E","M","R","B",null,"M","M","?","M","M","E","?"],"character_chosen":"THE_DUELIST","items_purchased":["theDuelist:PowerKaishin"],"campfire_rested":0,"item_purchase_floors":[3],"current_hp_per_floor":[80,80,80,80,80,74,74,68,68,80,78,78,78,80,80,71,80,72,76,76,33,31,11,0,0],"gold":601,"neow_bonus":"ONE_RANDOM_RARE_CARD","is_daily":false,"chose_seed":false,"campfire_upgraded":1,"win_rate":0.0,"timestamp":1613503160,"path_taken":["M","?","$","?","?","M","E","?","T","?","M","?","E","M","R","BOSS","M","M","?","M","M","E","?"],"items_purchased_type":["Card"],"build_version":"2020-12-22","purchased_purges":0,"victory":false,"max_hp_per_floor":[80,80,80,80,80,80,80,80,80,80,80,80,80,80,80,80,80,80,80,80,80,80,80,80,80],"card_choices":[{"not_picked":["theDuelist:ClearKuriboh","theDuelist:Mudora","theDuelist:DropOff","theDuelist:GilfordLegend"],"picked":"theDuelist:GiantTrapHole","floor":1},{"not_picked":["theDuelist:ExodiaNecross","theDuelist:ContractExodia","theDuelist:LegendaryExodia","theDuelist:ExodiaRL","theDuelist:ExodiaRA"],"picked":"SKIP","floor":6},{"not_picked":["theDuelist:QueenDragunDjinn","theDuelist:SangaWater"],"picked":"theDuelist:Wildfire","floor":7},{"not_picked":["theDuelist:SpellShatteringArrow","theDuelist:BlizzardWarrior","theDuelist:SangaThunder","theDuelist:MagicalBlast"],"picked":"theDuelist:DarkMagician","floor":8},{"not_picked":["theDuelist:BlizzardWarrior","theDuelist:NeoMagic","theDuelist:CosmoBrain","theDuelist:Mudballman","theDuelist:CharcoalInpachi"],"picked":"SKIP","floor":11},{"not_picked":["theDuelist:ExodiaRA","theDuelist:SilentDoom","theDuelist:GuardianAngel","theDuelist:GateGuardian"],"picked":"theDuelist:InjectionFairy","floor":13},{"not_picked":["theDuelist:SpellShatteringArrow","theDuelist:SangaThunder","theDuelist:NeoMagic","theDuelist:InjectionFairy","theDuelist:SangaEarth"],"picked":"SKIP","floor":14},{"not_picked":["theDuelist:RainbowDarkDragon","theDuelist:IrisEarthMother","theDuelist:RainbowMagician","theDuelist:RainbowOverdragon"],"picked":"theDuelist:RainbowKuriboh","floor":16},{"not_picked":["theDuelist:PowerGiant","theDuelist:WormWarlord","theDuelist:DarkFactory","theDuelist:GemArmadillo+1","theDuelist:StrayLambs"],"picked":"SKIP","floor":18},{"not_picked":["theDuelist:CharcoalInpachi","theDuelist:ApprenticeIllusionMagician","theDuelist:Hinotama+1","theDuelist:OneForOne+1"],"picked":"theDuelist:Wiretap","floor":19},{"not_picked":["theDuelist:SpellShatteringArrow","theDuelist:SangaThunder","theDuelist:InjectionFairy","theDuelist:DarkMagician","theDuelist:ApprenticeIllusionMagician"],"picked":"SKIP","floor":21},{"not_picked":["theDuelist:SpellShatteringArrow+1","theDuelist:DarkMagician+1","theDuelist:ExodiaRL","theDuelist:ThousandEyesIdol","theDuelist:MagiciansRod"],"picked":"SKIP","floor":22},{"not_picked":["theDuelist:SpellShatteringArrow","theDuelist:BlizzardWarrior","theDuelist:SangaThunder","theDuelist:NeoMagic","theDuelist:ExodiaLA"],"picked":"SKIP","floor":23}],"player_experience":487846,"relics_obtained":[{"floor":7,"key":"infinitespire:PuzzleCube"},{"floor":9,"key":"infinitespire:CheckeredPen"},{"floor":13,"key":"Thread and Needle"},{"floor":23,"key":"theDuelist:TributeEggRelic"}],"event_choices":[{"cards_removed":["theDuelist:MysticalElf"],"damage_healed":5,"gold_gain":0,"player_choice":"Offered Common","damage_taken":0,"max_hp_gain":0,"max_hp_loss":0,"event_name":"Bonfire Elementals","floor":2,"gold_loss":0},{"cards_removed":["theDuelist:MysticalElf"],"damage_healed":5,"gold_gain":0,"player_choice":"Offered Special","damage_taken":0,"max_hp_gain":0,"max_hp_loss":0,"event_name":"Bonfire Elementals","floor":2,"gold_loss":0},{"power_reward":4,"total_magic_score":26,"gold_gain":0,"duelist":true,"damage_taken":0,"relics_obtained":[],"points":4,"max_hp_gain":0,"max_hp_loss":0,"spent_points":{"magic":0,"greed":0,"war":0,"power":4,"hunger":0},"event_name":"Nameless Tomb","floor":4,"gold_loss":0,"cards_obtained":["theDuelist:Nameless:Power:SpiralSpearStrike"]},{"damage_healed":0,"gold_gain":0,"player_choice":"Ignored","damage_taken":0,"max_hp_gain":0,"max_hp_loss":0,"event_name":"Transmorgrifier","floor":5,"gold_loss":0},{"damage_healed":0,"gold_gain":0,"player_choice":"Succumb - +25HP/Cursed Relic","duelist":true,"damage_taken":0,"max_hp_gain":0,"max_hp_loss":0,"event_name":"Tomb of the Nameless","floor":10,"gold_loss":0},{"damage_healed":0,"gold_gain":0,"player_choice":"Disagree","damage_taken":0,"max_hp_gain":0,"max_hp_loss":0,"event_name":"conspire:LoneGhost","floor":12,"gold_loss":0},{"damage_healed":0,"gold_gain":99,"player_choice":"Stole From Cult","damage_taken":0,"max_hp_gain":0,"max_hp_loss":0,"event_name":"Nest","floor":20,"gold_loss":0},{"damage_healed":0,"gold_gain":0,"player_choice":"Fought Bandits","damage_taken":0,"max_hp_gain":0,"max_hp_loss":0,"event_name":"Masked Bandits","floor":24,"gold_loss":0}],"is_beta":false,"boss_relics":[{"not_picked":["Pandora\u0027s Box","hubris:VirtuousBlindfold","Calling Bell"]}],"items_purged_floors":[],"is_endless":false,"potions_floor_spawned":[7,8,13,18,21],"killed_by":"Masked Bandits","ascension_level":0}}