{"host":"ljaiy5ygc2blx6r2","time":1613482498,"event":{"mods":["Act Like it!","Arknights","BaseMod","Better Vampires","Challenge The Spire","Colored Powertips","Conspire","HornydragonMod","Marisa（F雨　魔理沙）","Minty Spire (QoL Compilation)","Pale of the Ancients","Reimu（博丽灵梦）","Reliquary","Remilia（蕾米莉亚）","Replay The Spire","RumiaBox-露米娅的神秘盒子","SOS（斯巴达之子）","StSLib","TestMod","The Administrix","The Animator","The Bug Knight","The Cursed","The Gatherer","The IronCluck","The Runesmith","The Servant 0.9.4","UnlockEverythingMod","[IsaacMod]以撒尖塔","【功能Mod】聪明的最终Boss","【遗物卡牌】REMEMod","篝火指南"],"gold_per_floor":[110,124,130,80,30,83,83,113,136,171,189,215,215,230,230,332,332,350,362,362,265,278,238,268,268,291,305,305,305,356,387,387,492,492,510,527,491,502,502,537,537,555,555,192,242,267,267,667,76,76,91,91,91],"floor_reached":52,"language":"ZHS","playtime":1460,"items_purged":["BloodyBrimstone","ats:Strike V"],"score":1216,"play_id":"7a01a33a-7fb4-4c7b-bb70-4355cc653c1d","local_time":"20210216213458","is_ascension_mode":true,"campfire_choices":[{"data":"Bullet Time","floor":7.0,"key":"SMITH"},{"data":"ats:Shadow Assault","floor":15.0,"key":"SMITH"},{"data":"ZunPunch:ReiMu","floor":25.0,"key":"SMITH"},{"data":"Dark Shackles","floor":29.0,"key":"SMITH"},{"data":"ats:Flexible Camouflage","floor":32.0,"key":"SMITH"},{"data":"ats:Dogmatic Field","floor":41.0,"key":"SMITH"},{"data":"REME_Flogging","floor":47.0,"key":"SMITH"}],"circlet_count":0,"master_deck":["ats:Strike C","ats:Strike S","ats:Armor Crushing Shot","ats:Defend","ats:Defend","ats:Defend","ats:Defend","ats:Emotion Absorption","Bullet Time+1","ats:Hammer On","ats:Poison Spread","ats:Mental Burst","conspire:SpireCoStock","ats:Thorns","ats:Mental Burst","ats:Shadow Assault+1","ats:Flexible Camouflage+1","ats:Flexible Camouflage+1","ats:Nebulous Foxfire","REME_HeartOfCthun","ats:Apocalypse","ats:Mental Burst","ats:Explosion Area Strengthen","Dark Shackles+1","ats:Overload","ZunPunch:ReiMu+1","ats:Sword Rain","ats:Red Shift","ats:Curse Doll","ats:Absolute Focus","ats:Shell Defense+1","ats:Dogmatic Field+1","ats:Rat Pack","ats:Assault Order+1","ats:Cat Scratch","ats:Literary Storm","ats:Magnetic Hammer+1","REME_Flogging+1","Finesse","ats:Wolf Pack","ats:Chain Hook+1","ReplayTheSpireMod:Faulty Equipment","ats:Sword Rain+1","ats:Chain Hook+1","ats:Very Hot Blade","Secret Technique","Secret Technique+1","ats:Counter Healing Mode+1"],"relics":["ats:Sanity Plus","HushsDoor","REME_ComplimentaryCards","testmod-ArcanaOfDestiny","SatanicBible","NeowsBlessing","Baka","ats:Originium","Centennial Puzzle","Mango","Runesmith:AutoHammer","ReplayTheSpireMod:TigerMarble","testmod-TurbochargingSystem","CrazyTorch:ReiMu","reliquary:SilkGlove","RuthlessExorcism:ReiMu","testmod-RainbowHikingShoes","Cursed Key","testmod-RandomTest","Meat on the Bone","testmod-LifeArmor","reliquary:PorcupineQuills","Turnip","Bottled Tornado","ats:Lavender","paleoftheancients:Timepiece","CultistMask"],"acts_visited":["Exordium","TheCity","TheBeyond","paleoftheancients:PaleOfTheAncients"],"potions_floor_usage":[],"damage_taken":[{"damage":0.0,"enemies":"Jaw Worm","floor":1.0,"turns":1.0},{"damage":0.0,"enemies":"conspire:RoseBush","floor":2.0,"turns":1.0},{"damage":0.0,"enemies":"ats:Genji","floor":3.0,"turns":1.0},{"damage":0.0,"enemies":"HollowMod:MossKnight","floor":6.0,"turns":1.0},{"damage":0.0,"enemies":"Gremlin Nob","floor":8.0,"turns":2.0},{"damage":7.0,"enemies":"Replay:BlueRogue","floor":10.0,"turns":2.0},{"damage":0.0,"enemies":"Exordium Thugs","floor":11.0,"turns":1.0},{"damage":0.0,"enemies":"3 Sentries","floor":12.0,"turns":1.0},{"damage":0.0,"enemies":"Blue Slaver","floor":14.0,"turns":1.0},{"damage":0.0,"enemies":"Slime Boss","floor":16.0,"turns":1.0},{"damage":0.0,"enemies":"Spheric Guardian","floor":18.0,"turns":1.0},{"damage":0.0,"enemies":"Chosen","floor":19.0,"turns":3.0},{"damage":0.0,"enemies":"Snake Plant","floor":22.0,"turns":2.0},{"damage":0.0,"enemies":"REME_1_Revenger","floor":24.0,"turns":2.0},{"damage":0.0,"enemies":"Sentry and Sphere","floor":27.0,"turns":3.0},{"damage":26.0,"enemies":"HollowMod:Nosk","floor":28.0,"turns":4.0},{"damage":7.0,"enemies":"Book of Stabbing","floor":30.0,"turns":2.0},{"damage":0.0,"enemies":"Centurion and Healer","floor":31.0,"turns":2.0},{"damage":0.0,"enemies":"conspire:MysteriousRune","floor":33.0,"turns":3.0},{"damage":0.0,"enemies":"3 Shapes","floor":35.0,"turns":2.0},{"damage":0.0,"enemies":"3 Darklings","floor":36.0,"turns":1.0},{"damage":0.0,"enemies":"Sphere and 2 Shapes","floor":38.0,"turns":1.0},{"damage":0.0,"enemies":"R_Hoarder","floor":40.0,"turns":2.0},{"damage":0.0,"enemies":"Spire Growth","floor":42.0,"turns":1.0},{"damage":0.0,"enemies":"Mind Bloom Boss Battle","floor":45.0,"turns":2.0},{"damage":0.0,"enemies":"Reptomancer","floor":46.0,"turns":1.0},{"damage":13.0,"enemies":"Awakened One","floor":50.0,"turns":7.0},{"damage":10.0,"enemies":"Awakened One","floor":51.0,"turns":3.0},{"damage":0,"enemies":"","floor":52,"turns":1}],"seed_played":"-8483515212222439976","potions_obtained":[{"floor":3.0,"key":"SneckoOil"},{"floor":6.0,"key":"Toxic Potion"},{"floor":8.0,"key":"DuplicationPotion"},{"floor":10.0,"key":"Energy Potion"},{"floor":20.0,"key":"conspire:TimeTravelPotion"},{"floor":20.0,"key":"FearPotion"}],"is_trial":false,"path_per_floor":["M","M","M","?","?","E","R","E","T","E","M","E","?","M","R","B",null,"M","M","?","$","M","?","E","R","T","M","E","R","E","M","R","B",null,"M","M","$","M","?","E","R","M","T","R","?","E","R","?","R","B","M","M"],"character_chosen":"DOCTOR_CLASS","items_purchased":["REME_HeartOfCthun","Dark Shackles","ats:Rat Pack","ats:Literary Storm","testmod-LifeArmor","reliquary:PorcupineQuills","ats:Lavender","ats:Very Hot Blade","Secret Technique"],"campfire_rested":0,"item_purchase_floors":[17,21,34,37,44,44,49,49,49],"current_hp_per_floor":[72,72,72,72,72,72,72,86,86,79,79,79,79,79,79,79,81,81,81,81,81,81,81,81,81,81,81,56,56,53,53,53,58,79,79,79,79,79,74,74,74,74,74,74,74,74,74,74,74,76,72,72,72],"gold":91,"neow_bonus":"THREE_ENEMY_KILL","is_daily":false,"chose_seed":false,"campfire_upgraded":7,"win_rate":0.0,"timestamp":1613482498,"path_taken":["M","M","M","?","?","E","R","E","T","E","?","E","?","M","R","BOSS","M","?","?","$","M","?","E","R","T","M","E","R","E","M","R","BOSS","M","M","$","M","?","E","R","M","T","R","?","E","R","?","R","BOSS","M","M"],"items_purchased_type":["Card","Card","Card","Card","Relic","Relic","Relic","Card","Card"],"build_version":"2020-12-22","purchased_purges":2,"victory":false,"max_hp_per_floor":[72,72,72,72,72,72,72,86,86,86,86,86,86,86,86,86,81,81,81,81,81,81,81,81,81,81,81,82,82,82,82,82,82,79,79,79,79,79,79,79,79,79,79,79,79,79,79,79,79,76,76,76,76],"card_choices":[{"not_picked":[],"picked":"BloodyBrimstone","floor":0.0},{"not_picked":["ats:Powerful Strike","ats:Guard Mode"],"picked":"ats:Hammer On","floor":1.0},{"not_picked":["ats:Powerful Strike","ats:Revitalization"],"picked":"ats:Poison Spread","floor":2.0},{"not_picked":["ats:Phantom","ats:Part Time Job"],"picked":"ats:Mental Burst","floor":3.0},{"not_picked":["ats:Mental Burst","ats:Absolute Focus"],"picked":"ats:Thorns","floor":6.0},{"not_picked":["ats:Counter Healing Mode","ats:Guard Mode"],"picked":"ats:Mental Burst","floor":8.0},{"not_picked":["ats:Ignite","ats:Beaten Up"],"picked":"ats:Rapid Magazine","floor":10.0},{"not_picked":["ats:Poison Spread","ats:Blood Oath"],"picked":"ats:Shadow Assault","floor":11.0},{"not_picked":["Bomb","ats:Chain Hook"],"picked":"ats:Flexible Camouflage","floor":12.0},{"not_picked":["ats:Shell Defense","ats:Absolute Focus"],"picked":"Bomb","floor":14.0},{"not_picked":["ats:True Silver Slash","ats:Roar Of Ursus"],"picked":"ats:Nebulous Foxfire","floor":16.0},{"not_picked":["ats:Shadow Raid","ats:Collapsing Strike"],"picked":"ats:Apocalypse","floor":18.0},{"not_picked":["ats:Rapid Magazine","ats:Guardian Obelisk"],"picked":"ats:Explosion Area Strengthen","floor":19.0},{"not_picked":["ats:Directed Diagnosis+1","ats:Sashimi Platter"],"picked":"ats:Overload","floor":22.0},{"not_picked":["ats:Ignite+1","ats:Defend Order"],"picked":"ats:Sword Rain","floor":24.0},{"not_picked":["ats:Revitalization+1","ats:Volcano"],"picked":"ats:Red Shift","floor":27.0},{"not_picked":["ats:Sashimi Platter+1","ats:Hammer On"],"picked":"ats:Curse Doll","floor":28.0},{"not_picked":["ats:Revitalization","ats:Curse Doll"],"picked":"ats:Absolute Focus","floor":30.0},{"not_picked":["ats:Curse Doll","ats:Closed Bolt Burst Fire"],"picked":"ats:Shell Defense+1","floor":31.0},{"not_picked":["ats:Volcano","ats:Roar Of Ursus"],"picked":"ats:Dogmatic Field","floor":33.0},{"not_picked":["ats:Sunburst+1","ats:Powerful Strike+1"],"picked":"ats:Assault Order+1","floor":35.0},{"not_picked":["ats:Consecutive Shot Auto","ats:Dogmatic Field"],"picked":"ats:Cat Scratch","floor":36.0},{"not_picked":["ats:Red Shift+1","ats:Explosion Area Strengthen"],"picked":"ats:Magnetic Hammer+1","floor":38.0},{"not_picked":["testmod-Recap","Bandage Up"],"picked":"REME_Flogging","floor":39.0},{"not_picked":["Panache","Swift Strike"],"picked":"Finesse","floor":39.0},{"not_picked":["ats:Guard Mode+1","ats:Demon Strength+1"],"picked":"ats:Wolf Pack","floor":40.0},{"not_picked":["ats:LN2 Cannon","ats:Burning Ground+1"],"picked":"ats:Chain Hook+1","floor":42.0},{"not_picked":["ats:Flexible Camouflage","ats:Powerful Strike+1"],"picked":"ats:Sword Rain+1","floor":45.0},{"not_picked":["ats:Mental Burst","ats:Phantom"],"picked":"ats:Chain Hook+1","floor":46.0},{"not_picked":["ats:Powerful Strike+1","ats:Apocalypse"],"picked":"ats:Counter Healing Mode+1","floor":51.0}],"player_experience":219347,"relics_obtained":[{"floor":1.0,"key":"Baka"},{"floor":6.0,"key":"ats:Originium"},{"floor":6.0,"key":"Centennial Puzzle"},{"floor":8.0,"key":"ats:Originium"},{"floor":8.0,"key":"Mango"},{"floor":9.0,"key":"Runesmith:AutoHammer"},{"floor":10.0,"key":"ats:Originium"},{"floor":10.0,"key":"ReplayTheSpireMod:TigerMarble"},{"floor":12.0,"key":"ats:Originium"},{"floor":12.0,"key":"testmod-TurbochargingSystem"},{"floor":24.0,"key":"ats:Originium"},{"floor":24.0,"key":"CrazyTorch:ReiMu"},{"floor":26.0,"key":"reliquary:SilkGlove"},{"floor":28.0,"key":"RuthlessExorcism:ReiMu"},{"floor":30.0,"key":"testmod-RainbowHikingShoes"},{"floor":40.0,"key":"testmod-RandomTest"},{"floor":43.0,"key":"Meat on the Bone"},{"floor":45.0,"key":"Turnip"},{"floor":46.0,"key":"Bottled Tornado"}],"event_choices":[{"damage_healed":0.0,"max_hp_gain":0.0,"max_hp_loss":0.0,"gold_gain":0.0,"event_name":"conspire:Investor","player_choice":"Invest 1","floor":4.0,"gold_loss":0.0,"damage_taken":0.0},{"cards_removed":["ats:Strike G"],"damage_healed":0.0,"max_hp_gain":0.0,"max_hp_loss":0.0,"gold_gain":0.0,"event_name":"The Cleric","player_choice":"Card Removal","floor":5.0,"gold_loss":50.0,"damage_taken":0.0},{"damage_healed":0.0,"max_hp_gain":0.0,"max_hp_loss":0.0,"gold_gain":0.0,"event_name":"给自己的盒子","player_choice":"Ignored","floor":13.0,"gold_loss":0.0,"damage_taken":0.0},{"damage_healed":0.0,"max_hp_gain":0.0,"max_hp_loss":0.0,"gold_gain":0.0,"event_name":"Lab","player_choice":"Got Potions","floor":20.0,"gold_loss":0.0,"damage_taken":0.0},{"damage_healed":0.0,"max_hp_gain":0.0,"max_hp_loss":0.0,"gold_gain":0.0,"event_name":"ZunEvent","player_choice":"交出神酒","floor":23.0,"relics_lost":["ZunR:ReiMu"],"gold_loss":0.0,"damage_taken":0.0,"cards_obtained":["ZunPunch:ReiMu"]},{"damage_healed":0.0,"max_hp_gain":0.0,"max_hp_loss":0.0,"gold_gain":0.0,"event_name":"SensoryStone","player_choice":"Memory 2","floor":39.0,"gold_loss":0.0,"damage_taken":5.0},{"damage_healed":0.0,"max_hp_gain":0.0,"max_hp_loss":0.0,"gold_gain":0.0,"event_name":"MindBloom","player_choice":"Fight","floor":45.0,"gold_loss":0.0,"damage_taken":0.0},{"damage_healed":0.0,"max_hp_gain":0.0,"max_hp_loss":0.0,"gold_gain":400.0,"event_name":"恩洛斯的盘子","player_choice":"Sell","floor":48.0,"relics_lost":["testmod-TestBox"],"gold_loss":0.0,"damage_taken":0.0}],"is_beta":false,"boss_relics":[{"not_picked":["testmod-EnergyCheck","Kintsugi"],"picked":"ats:Sanity Plus"},{"not_picked":[]},{"not_picked":["REME_DemonsWealth","Replay:Ancient Bell"],"picked":"Cursed Key"},{"not_picked":[]}],"items_purged_floors":[44,49],"is_endless":false,"potions_floor_spawned":[3,6,8,10,12,18,19,27,28,33,35,36,40,46],"killed_by":"","ascension_level":1}}