{"host":"61r95uy0hn86b9iu","time":1613441928,"event":{"mods":["AchievementEnabler","BaseMod","Better Vampires","BetterRewards","Colored Powertips","Hubris","Minty Spire (QoL Compilation)","Shop Mod","StSLib"],"gold_per_floor":[113,35,49,49,64,64,84,94,94,114,147,147,163,182,182,182,182],"floor_reached":16,"language":"ENG","playtime":744,"items_purged":[],"score":304,"play_id":"6fed5aa0-c4c9-4ab4-8b29-43abe1d14461","local_time":"20210215201848","is_ascension_mode":true,"campfire_choices":[{"floor":6,"key":"REST"},{"floor":12,"key":"REST"},{"floor":15,"key":"REST"}],"circlet_count":0,"master_deck":["AscendersBane","Strike_B","Strike_B","Strike_B","Strike_B","Defend_B","Defend_B","Defend_B","Defend_B","Zap","Dualcast","hubris:Ukulele","Conserve Battery","Defragment","Cold Snap","Defragment","Chill","Go for the Eyes"],"relics":["Cracked Core","Toy Ornithopter","Lantern","Oddly Smooth Stone"],"acts_visited":["Exordium"],"potions_floor_usage":[5,7,7,8,10,16,16],"damage_taken":[{"damage":2,"enemies":"Jaw Worm","floor":1,"turns":2},{"damage":0,"enemies":"Cultist","floor":3,"turns":3},{"damage":7,"enemies":"2 Louse","floor":5,"turns":3},{"damage":6,"enemies":"Red Slaver","floor":7,"turns":3},{"damage":28,"enemies":"Exordium Thugs","floor":8,"turns":5},{"damage":36,"enemies":"Gremlin Gang","floor":10,"turns":4},{"damage":36,"enemies":"3 Sentries","floor":11,"turns":12},{"damage":6,"enemies":"Large Slime","floor":13,"turns":6},{"damage":0,"enemies":"2 Fungi Beasts","floor":14,"turns":4},{"damage":49,"enemies":"Hexaghost","floor":16,"turns":11}],"seed_played":"106479960700016759","potions_obtained":[{"floor":7,"key":"LiquidBronze"},{"floor":8,"key":"FairyPotion"},{"floor":13,"key":"SkillPotion"},{"floor":14,"key":"Swift Potion"}],"is_trial":false,"path_per_floor":["M","$","M","?","M","R","M","M","T","M","E","R","M","M","R","B"],"character_chosen":"DEFECT","items_purchased":["Toy Ornithopter","hubris:Ukulele","EntropicBrew","PowerPotion","Defragment"],"campfire_rested":3,"item_purchase_floors":[0,0,0,0,2],"current_hp_per_floor":[55,55,55,45,43,64,65,42,42,11,1,22,16,16,37,0,0],"gold":182,"neow_bonus":"","is_daily":false,"chose_seed":false,"campfire_upgraded":0,"win_rate":0.0,"timestamp":1613441928,"path_taken":["M","$","M","?","M","R","M","M","T","M","E","R","M","M","R","BOSS"],"items_purchased_type":["Relic","Card","Potion","Potion","Card"],"build_version":"2020-12-22","purchased_purges":0,"victory":false,"max_hp_per_floor":[71,71,71,71,71,71,71,71,71,71,71,71,71,71,71,71,71],"card_choices":[{"not_picked":["Go for the Eyes","Rebound"],"picked":"Conserve Battery","floor":1},{"not_picked":["Rebound","Leap"],"picked":"Cold Snap","floor":3},{"not_picked":["Ball Lightning","Compile Driver","Genetic Algorithm"],"picked":"SKIP","floor":5},{"not_picked":["Conserve Battery","Ball Lightning","Rebound"],"picked":"SKIP","floor":7},{"not_picked":["Go for the Eyes","Hello World","Blizzard"],"picked":"SKIP","floor":8},{"not_picked":["Reinforced Body","Consume"],"picked":"Defragment","floor":10},{"not_picked":["Lockon","All For One"],"picked":"Chill","floor":11},{"not_picked":["Sweeping Beam","Hologram","Ball Lightning"],"picked":"SKIP","floor":13},{"not_picked":["BootSequence","Hologram"],"picked":"Go for the Eyes","floor":14}],"player_experience":3350385,"relics_obtained":[{"floor":9,"key":"Lantern"},{"floor":11,"key":"Oddly Smooth Stone"}],"event_choices":[{"damage_healed":0,"gold_gain":0,"player_choice":"Damaged","damage_taken":10,"max_hp_gain":0,"max_hp_loss":0,"event_name":"Wheel of Change","floor":4,"gold_loss":0}],"is_beta":false,"boss_relics":[],"items_purged_floors":[],"is_endless":false,"potions_floor_spawned":[7,8,13,14],"killed_by":"Hexaghost","ascension_level":19}}