{"host":"mwb0clku6crgv6yl","time":1613448162,"event":{"mods":["AchievementEnabler","BaseMod","Highlight Path","Minty Spire (QoL Compilation)","StSLib","The Cursed"],"gold_per_floor":[114,114,114,129,144,174,174,174,174,189,204,219,144,159,159,259,259,274,274,174,189,204,204,234,234,259,274,289,389,389,404,404,504,504,519,534,534,549,564,579,579,579,579,594,19,19,49,0,0,0],"floor_reached":51,"language":"ZHS","playtime":1669,"items_purged":["Berserk","Berserk","Berserk"],"score":753,"play_id":"031864a9-0e1a-46c5-8ea1-86dc0643a3cc","local_time":"20210216120242","daily_mods":["Specialized","Uncertain Future","Lethality"],"is_ascension_mode":false,"campfire_choices":[{"data":"Perfected Strike","floor":7.0,"key":"SMITH"},{"floor":15.0,"key":"REST"},{"data":"True Grit","floor":23.0,"key":"SMITH"},{"data":"Perfected Strike","floor":25.0,"key":"SMITH"},{"data":"Perfected Strike","floor":32.0,"key":"SMITH"},{"floor":41.0,"key":"REST"},{"floor":46.0,"key":"REST"},{"floor":49,"key":"REST"}],"circlet_count":0,"master_deck":["Strike_R+1","Strike_R+1","Strike_R+1","Strike_R+1","Strike_R+1","Defend_R+1","Defend_R+1","Defend_R+1","Defend_R+1","Bash","Berserk","Perfected Strike+1","Headbutt","Perfected Strike+1","Hemokinesis","Ghostly Armor","Perfected Strike+1","True Grit+1","Pommel Strike","Fiend Fire","Pommel Strike","Shockwave","Perfected Strike","Perfected Strike+1","Second Wind","Double Tap","Power Through+1","Perfected Strike","Battle Trance+1"],"relics":["Burning Blood","Omamori","War Paint","Self Forming Clay","Bag of Preparation","Mark of Pain","Champion Belt","Paper Frog","Tiny Chest","Charon\u0027s Ashes","Eternal Feather","Fusion Hammer","Kunai","Mummified Hand","Thread and Needle","Lee\u0027s Waffle","MealTicket","Red Mask"],"acts_visited":["Exordium","TheCity","TheBeyond"],"potions_floor_usage":[47,50],"damage_taken":[{"damage":9.0,"enemies":"Small Slimes","floor":1.0,"turns":3.0},{"damage":16.0,"enemies":"Jaw Worm","floor":4.0,"turns":3.0},{"damage":0.0,"enemies":"Cultist","floor":5.0,"turns":2.0},{"damage":20.0,"enemies":"Gremlin Nob","floor":6.0,"turns":3.0},{"damage":12.0,"enemies":"3 Louse","floor":10.0,"turns":2.0},{"damage":15.0,"enemies":"2 Fungi Beasts","floor":11.0,"turns":2.0},{"damage":20.0,"enemies":"Exordium Wildlife","floor":12.0,"turns":3.0},{"damage":11.0,"enemies":"Gremlin Gang","floor":14.0,"turns":4.0},{"damage":47.0,"enemies":"The Guardian","floor":16.0,"turns":6.0},{"damage":13.0,"enemies":"Shell Parasite","floor":18.0,"turns":2.0},{"damage":2.0,"enemies":"Spheric Guardian","floor":21.0,"turns":2.0},{"damage":5.0,"enemies":"Snake Plant","floor":22.0,"turns":2.0},{"damage":2.0,"enemies":"Gremlin Leader","floor":24.0,"turns":3.0},{"damage":11.0,"enemies":"Shelled Parasite and Fungi","floor":27.0,"turns":3.0},{"damage":30.0,"enemies":"Cultist and Chosen","floor":28.0,"turns":5.0},{"damage":10.0,"enemies":"Colosseum Slavers","floor":29.0,"turns":2.0},{"damage":10.0,"enemies":"Colosseum Nobs","floor":29.0,"turns":2.0},{"damage":11.0,"enemies":"Centurion and Healer","floor":31.0,"turns":4.0},{"damage":20.0,"enemies":"Champ","floor":33.0,"turns":6.0},{"damage":0.0,"enemies":"3 Darklings","floor":35.0,"turns":3.0},{"damage":0.0,"enemies":"Orb Walker","floor":36.0,"turns":2.0},{"damage":5.0,"enemies":"Writhing Mass","floor":38.0,"turns":2.0},{"damage":5.0,"enemies":"Maw","floor":39.0,"turns":4.0},{"damage":0.0,"enemies":"Spire Growth","floor":40.0,"turns":2.0},{"damage":9.0,"enemies":"4 Shapes","floor":44.0,"turns":3.0},{"damage":13,"enemies":"Reptomancer","floor":47,"turns":5},{"damage":73,"enemies":"Donu and Deca","floor":50,"turns":5}],"seed_played":"2711566965655028651","potions_obtained":[{"floor":1.0,"key":"PowerPotion"},{"floor":4.0,"key":"PowerPotion"},{"floor":10.0,"key":"Swift Potion"},{"floor":18.0,"key":"DistilledChaos"},{"floor":21.0,"key":"EssenceOfSteel"},{"floor":29.0,"key":"ElixirPotion"},{"floor":35.0,"key":"Energy Potion"},{"floor":38.0,"key":"Dexterity Potion"}],"is_trial":false,"path_per_floor":["M","?","T","M","M","E","R","?","T","M","M","M","$","M","R","B",null,"M","?","$","M","M","R","E","R","T","M","M","?","?","M","R","B",null,"M","M","?","M","M","M","R","T","T","M","$","R","E","?","R","B",null],"character_chosen":"IRONCLAD","items_purchased":["Thread and Needle","Lee\u0027s Waffle"],"campfire_rested":4,"item_purchase_floors":[45,45],"current_hp_per_floor":[77,77,77,67,73,59,59,59,59,53,44,30,30,25,49,8,80,73,73,73,77,78,78,80,80,80,75,51,43,43,38,53,39,80,80,80,80,80,80,80,80,80,80,77,87,87,80,80,87,20],"gold":0,"neow_bonus":"","is_daily":true,"chose_seed":false,"campfire_upgraded":4,"win_rate":0.0,"timestamp":1613448162,"path_taken":["M","?","?","M","M","E","R","?","T","M","M","M","$","M","R","BOSS","M","?","$","M","M","R","E","R","T","M","M","?","?","M","R","BOSS","M","M","?","M","M","M","R","?","T","M","$","R","E","?","R","BOSS"],"items_purchased_type":["Relic","Relic"],"build_version":"2020-12-22","purchased_purges":3,"victory":true,"max_hp_per_floor":[80,80,80,80,80,80,80,80,80,80,80,80,80,80,80,80,80,80,80,80,80,80,80,80,80,80,80,80,80,80,80,80,80,80,80,80,80,80,80,80,80,80,80,80,87,87,87,87,87,87],"card_choices":[{"not_picked":["Reckless Charge","Bloodletting"],"picked":"Perfected Strike","floor":1.0},{"not_picked":["Warcry","Metallicize","Heavy Blade"],"picked":"SKIP","floor":4.0},{"not_picked":["Sword Boomerang","Rage"],"picked":"Headbutt","floor":5.0},{"not_picked":["Searing Blow","Body Slam"],"picked":"Perfected Strike","floor":6.0},{"not_picked":["Clothesline","Sentinel"],"picked":"Ghostly Armor","floor":10.0},{"not_picked":["Armaments","Clothesline"],"picked":"Perfected Strike","floor":11.0},{"not_picked":["Headbutt","Flame Barrier"],"picked":"True Grit","floor":12.0},{"not_picked":["Flame Barrier","Anger"],"picked":"Pommel Strike","floor":14.0},{"not_picked":["Offering","Barricade"],"picked":"Fiend Fire","floor":16.0},{"not_picked":["Thunderclap","Rampage+1","Anger"],"picked":"SKIP","floor":18.0},{"not_picked":["Blood for Blood","Shrug It Off"],"picked":"Pommel Strike","floor":21.0},{"not_picked":["Hemokinesis","Rampage"],"picked":"Shockwave","floor":22.0},{"not_picked":["Dual Wield","Havoc","Shockwave+1"],"picked":"SKIP","floor":24.0},{"not_picked":["Clothesline+1","Wild Strike+1"],"picked":"Perfected Strike","floor":27.0},{"not_picked":["Evolve+1","Armaments"],"picked":"Perfected Strike+1","floor":28.0},{"not_picked":["Demon Form","Sentinel"],"picked":"Second Wind","floor":29.0},{"not_picked":["Armaments+1","Sever Soul+1","Clash+1"],"picked":"SKIP","floor":31.0},{"not_picked":["Berserk","Limit Break"],"picked":"Double Tap","floor":33.0},{"not_picked":["Dark Embrace","Headbutt","Anger+1"],"picked":"SKIP","floor":35.0},{"not_picked":["Cleave+1","Armaments+1"],"picked":"Power Through+1","floor":36.0},{"not_picked":["Heavy Blade+1","Body Slam+1","Rupture"],"picked":"SKIP","floor":38.0},{"not_picked":["Cleave","Warcry+1"],"picked":"Perfected Strike","floor":39.0},{"not_picked":["Headbutt","Sword Boomerang"],"picked":"Battle Trance+1","floor":40.0},{"not_picked":["Blood for Blood+1","Battle Trance+1","Twin Strike"],"picked":"SKIP","floor":44.0},{"not_picked":["Cleave","Thunderclap+1","Juggernaut"],"picked":"SKIP","floor":47}],"player_experience":327370,"relics_obtained":[{"floor":3.0,"key":"War Paint"},{"floor":6.0,"key":"Self Forming Clay"},{"floor":9.0,"key":"Bag of Preparation"},{"floor":24.0,"key":"Paper Frog"},{"floor":26.0,"key":"Tiny Chest"},{"floor":29.0,"key":"Charon\u0027s Ashes"},{"floor":29.0,"key":"Eternal Feather"},{"floor":42.0,"key":"Kunai"},{"floor":43.0,"key":"Mummified Hand"},{"floor":47,"key":"MealTicket"}],"event_choices":[{"damage_healed":0.0,"max_hp_gain":0.0,"max_hp_loss":0.0,"gold_gain":0.0,"event_name":"Big Fish","player_choice":"Box","floor":2.0,"gold_loss":0.0,"damage_taken":0.0,"relics_obtained":["Omamori"],"cards_obtained":["Regret"]},{"damage_healed":0.0,"max_hp_gain":0.0,"max_hp_loss":0.0,"gold_gain":0.0,"cards_transformed":["Berserk"],"event_name":"Transmorgrifier","player_choice":"Transformed","floor":8.0,"gold_loss":0.0,"damage_taken":0.0,"cards_obtained":["Hemokinesis"]},{"damage_healed":0.0,"max_hp_gain":0.0,"max_hp_loss":0.0,"gold_gain":0.0,"event_name":"Addict","player_choice":"Stole Relic","floor":19.0,"gold_loss":0.0,"damage_taken":0.0,"relics_obtained":["Champion Belt"],"cards_obtained":["Shame"]},{"damage_healed":0.0,"max_hp_gain":0.0,"max_hp_loss":0.0,"gold_gain":0.0,"event_name":"Colosseum","player_choice":"Fight","floor":29.0,"gold_loss":0.0,"damage_taken":0.0},{"damage_healed":0.0,"max_hp_gain":0.0,"max_hp_loss":0.0,"gold_gain":0.0,"event_name":"Colosseum","player_choice":"Fought Nobs","floor":29.0,"gold_loss":0.0,"damage_taken":0.0},{"damage_healed":0.0,"max_hp_gain":0.0,"max_hp_loss":0.0,"gold_gain":0.0,"event_name":"Back to Basics","player_choice":"Simplicity","floor":30.0,"gold_loss":0.0,"damage_taken":0.0,"cards_upgraded":["Strike_R","Strike_R","Strike_R","Strike_R","Strike_R","Defend_R","Defend_R"]},{"cards_removed":["Regret"],"damage_healed":0.0,"max_hp_gain":0.0,"max_hp_loss":0.0,"gold_gain":0.0,"event_name":"Fountain of Cleansing","player_choice":"Removed Curses","floor":37.0,"gold_loss":0.0,"damage_taken":0.0},{"damage_healed":0,"gold_gain":0,"player_choice":"Paid","damage_taken":0,"relics_obtained":["Red Mask"],"max_hp_gain":0,"max_hp_loss":0,"event_name":"Tomb of Lord Red Mask","floor":48,"gold_loss":49}],"is_beta":false,"boss_relics":[{"not_picked":["Velvet Choker","Sozu"],"picked":"Mark of Pain"},{"not_picked":["Runic Dome","Black Star"],"picked":"Fusion Hammer"}],"items_purged_floors":[13,20,45],"is_endless":false,"potions_floor_spawned":[1,4,10,12,18,21,29,29,31,35,36,38,44],"ascension_level":0}}