{"host":"szp1d6dso4pv7ddl","time":1613451489,"event":{"mods":["AchievementEnabler","Alarm Clock","BaseMod","Bestiary","Block Reminder","Colored Map","Colored Powertips","Curses Come First","Dark Map","Displayed Cursed Tome","Highlight Path","Minty Spire (QoL Compilation)","Permanent Neow","Quick Restart","Relic Sorter","Relic Stats","StSLib","Synergy Search"],"gold_per_floor":[210,228,38,38,38,38,3,36,88,129,148,167,180,180,180,180,180],"floor_reached":16,"language":"ENG","playtime":523,"items_purged":[],"score":209,"play_id":"decd1401-cc5a-4977-b745-fbf664280568","local_time":"20210215205809","is_ascension_mode":true,"campfire_choices":[{"data":"Apotheosis","floor":6,"key":"SMITH"},{"floor":15,"key":"REST"}],"circlet_count":0,"master_deck":["AscendersBane","Strike_R","Strike_R","Strike_R","Strike_R","Strike_R","Defend_R","Defend_R","Defend_R","Defend_R","Bash","Sever Soul","Dropkick","Apotheosis+1","Shrug It Off","Twin Strike","Feed","Pommel Strike","Flame Barrier"],"relics":["Burning Blood","Golden Idol","Turnip","Omamori","Ornamental Fan"],"acts_visited":["Exordium"],"potions_floor_usage":[8,16],"damage_taken":[{"damage":5,"enemies":"Small Slimes","floor":1,"turns":4},{"damage":4,"enemies":"2 Louse","floor":2,"turns":3},{"damage":24,"enemies":"Lagavulin","floor":8,"turns":4},{"damage":39,"enemies":"Gremlin Nob","floor":10,"turns":4},{"damage":0,"enemies":"Jaw Worm","floor":11,"turns":4},{"damage":3,"enemies":"Blue Slaver","floor":12,"turns":5},{"damage":2,"enemies":"Large Slime","floor":13,"turns":4},{"damage":69,"enemies":"Hexaghost","floor":16,"turns":12}],"seed_played":"7369328896378400882","potions_obtained":[{"floor":1,"key":"AttackPotion"},{"floor":11,"key":"Fire Potion"},{"floor":12,"key":"BlessingOfTheForge"},{"floor":13,"key":"LiquidMemories"}],"is_trial":false,"path_per_floor":["M","M","$","?","?","R","?","E","T","E","M","M","M","?","R","B"],"character_chosen":"IRONCLAD","items_purchased":["Apotheosis"],"campfire_rested":1,"item_purchase_floors":[3],"current_hp_per_floor":[69,71,71,76,48,48,68,50,50,17,23,30,38,38,64,0,0],"gold":180,"neow_bonus":"HUNDRED_GOLD","is_daily":false,"chose_seed":false,"campfire_upgraded":1,"win_rate":0.0,"timestamp":1613451489,"path_taken":["M","M","$","?","?","R","?","E","T","E","M","M","M","?","R","BOSS"],"items_purchased_type":["Card"],"build_version":"2020-12-22","purchased_purges":0,"victory":false,"max_hp_per_floor":[75,75,75,80,80,80,80,80,80,80,80,84,88,88,88,88,88],"relic_stats":{"counters":[8,40],"Golden Idol":26,"Ornamental Fan":[16],"Turnip":[1],"obtain_stats":[{"Golden Idol":5,"Ornamental Fan":10,"Turnip":8,"Omamori":9,"Burning Blood":0},{"Golden Idol":2,"Ornamental Fan":4,"Turnip":3,"Omamori":3,"Burning Blood":0},{"Golden Idol":7,"Ornamental Fan":15,"Turnip":11,"Omamori":11,"Burning Blood":0}],"Burning Blood":42},"card_choices":[{"not_picked":["Armaments","Intimidate"],"picked":"Sever Soul","floor":1},{"not_picked":["Battle Trance","Wild Strike"],"picked":"Dropkick","floor":2},{"not_picked":["Clothesline","Thunderclap"],"picked":"Shrug It Off","floor":8},{"not_picked":["Thunderclap","Fire Breathing"],"picked":"Twin Strike","floor":10},{"not_picked":["Perfected Strike","Metallicize"],"picked":"Feed","floor":11},{"not_picked":["Evolve","Havoc"],"picked":"Pommel Strike","floor":12},{"not_picked":["Clothesline","Clash"],"picked":"Flame Barrier","floor":13}],"player_experience":1588040,"relics_obtained":[{"floor":8,"key":"Turnip"},{"floor":9,"key":"Omamori"},{"floor":10,"key":"Ornamental Fan"}],"event_choices":[{"damage_healed":0,"gold_gain":0,"player_choice":"Donut","damage_taken":0,"max_hp_gain":5,"max_hp_loss":0,"event_name":"Big Fish","floor":4,"gold_loss":0},{"damage_healed":0,"gold_gain":0,"player_choice":"Take Damage","damage_taken":28,"relics_obtained":["Golden Idol"],"max_hp_gain":0,"max_hp_loss":0,"event_name":"Golden Idol","floor":5,"gold_loss":0},{"damage_healed":20,"gold_gain":0,"player_choice":"Healed","damage_taken":0,"max_hp_gain":0,"max_hp_loss":0,"event_name":"The Cleric","floor":7,"gold_loss":35},{"damage_healed":0,"gold_gain":0,"player_choice":"Ignored","damage_taken":0,"max_hp_gain":0,"max_hp_loss":0,"event_name":"Liars Game","floor":14,"gold_loss":0}],"is_beta":false,"boss_relics":[],"items_purged_floors":[],"is_endless":false,"potions_floor_spawned":[1,11,12,13],"killed_by":"Hexaghost","ascension_level":18}}