{"host":"e4udrxcgdvpx3wcj","time":1613509340,"event":{"mods":["Act Like it!","Aspiration","Astrologer","BaseMod","Gensokyo","Highlight Path","Infinite Spire","Koishi","Marisa????????","Minty Spire (QoL Compilation)","Replay The Spire","StSLib","SuperFastMode","The Bug Knight","The Construct","The Jungle","The Runesmith","The Servant 0.9.4","TheBandit"],"gold_per_floor":[113,63,272,252,263,296,296,21,45,45,72,99,19,34,34,138,138,150,150,150,150,24,53,53,87,87,87,102,102,122,156,156,259,359,388,401,401,410,482,536,536,594,594,679,679,679,679,698,698,698],"floor_reached":51,"language":"ENG","playtime":2722,"items_purged":["wariomod:Strike"],"score":1361,"play_id":"e2bfb911-d1ae-4a7c-abf6-154782fbcba6","local_time":"20210216160220","is_ascension_mode":true,"campfire_choices":[{"data":"wariomod:MassiveParty","floor":7,"key":"SMITH"},{"data":"wariomod:CursedSpaces","floor":10,"key":"SMITH"},{"data":"wariomod:RacingSpeed","floor":15,"key":"SMITH"},{"data":"RitualDagger","floor":24,"key":"SMITH"},{"data":"wariomod:SpacialMastery","floor":27,"key":"SMITH"},{"data":"infinitespire:TheBestDefense","floor":29,"key":"SMITH"},{"data":"wariomod:DeadlyDash","floor":32,"key":"SMITH"},{"data":"wariomod:KeyFinisher","floor":41,"key":"SMITH"},{"data":"wariomod:KeyFinisher","floor":45,"key":"SMITH"},{"data":"wariomod:DiceyMove","floor":47,"key":"SMITH"},{"data":"wariomod:RacingSpeed","floor":49,"key":"SMITH"}],"circlet_count":0,"master_deck":["AscendersBane","wariomod:Strike+1","wariomod:Strike+1","wariomod:Strike+1","wariomod:Defend+1","wariomod:Defend+1","wariomod:Defend+1","wariomod:Step","wariomod:Leap","wariomod:CursedSpaces+1","wariomod:RacingSpeed+1","wariomod:Leapslam+1","wariomod:MassiveParty+1","wariomod:Hopshield","wariomod:VeryLongJump","wariomod:AwfulLook","wariomod:AwfulLook","wariomod:SpacialMastery+1","wariomod:Bombshield","infinitespire:TheBestDefense+1","RitualDagger+1","wariomod:DiceyMove+1","wariomod:DeadlyDash+1","wariomod:PoisonBombs","wariomod:KeyFinisher+1","CurseOfTheBell","wariomod:BodyBlock+1","Hallucinations","wariomod:KeyFinisher+1","wariomod:RacingSpeed","wariomod:WhirlwindBurst+1","wariomod:TheGrandJourney+1"],"relics":["wariomod:TheHat","NeowsBlessing","Happy Flower","Whetstone","Vajra","The Courier","Philosopher\u0027s Stone","Replay:Rubber Ducky","aspiration:FetidBarrel","Lizard Tail","Bottled Tornado","Ginger","Calling Bell","CeramicFish","Unceasing Top","aspiration:SeaSaltIceCream","Replay:Wanted Poster","Gensokyo:EmptyGrave","Ring of Searing","ReplayTheSpireMod:Ring of Challenge","aspiration:HummingbirdHeart","infinitespire:ShieldingShard","MealTicket","StoneCalendar"],"acts_visited":["Exordium","TheCity","Gensokyo:Gensokyoest"],"potions_floor_usage":[12,31],"damage_taken":[{"damage":0,"enemies":"2 Louse","floor":1,"turns":2},{"damage":0,"enemies":"Small Slimes","floor":5,"turns":1},{"damage":0,"enemies":"Lagavulin","floor":6,"turns":1},{"damage":7,"enemies":"Gremlin Nob","floor":12,"turns":3},{"damage":9,"enemies":"Jaw Worm","floor":14,"turns":2},{"damage":8,"enemies":"Fading Forest","floor":16,"turns":11},{"damage":0,"enemies":"Chosen","floor":18,"turns":3},{"damage":0,"enemies":"HollowMod:Nosk","floor":23,"turns":6},{"damage":10,"enemies":"Replay:Snechameleon","floor":25,"turns":5},{"damage":0,"enemies":"Shell Parasite","floor":28,"turns":5},{"damage":6,"enemies":"Shelled Parasite and Fungi","floor":30,"turns":3},{"damage":4,"enemies":"Book of Stabbing","floor":31,"turns":3},{"damage":4,"enemies":"Automaton","floor":33,"turns":10},{"damage":0,"enemies":"Gensokyo:3_Boulders","floor":35,"turns":3},{"damage":4,"enemies":"Gensokyo:AncientGuardian","floor":36,"turns":4},{"damage":24,"enemies":"Gensokyo:Dusk_and_Dawn","floor":39,"turns":4},{"damage":26,"enemies":"Gensokyo:Marisa","floor":40,"turns":4},{"damage":2,"enemies":"Gensokyo:3_Boulders","floor":42,"turns":3},{"damage":0,"enemies":"Gensokyo:Doremy","floor":44,"turns":4},{"damage":0,"enemies":"Gensokyo:Rafflesia","floor":48,"turns":5},{"damage":17,"enemies":"Gensokyo:Yuyuko","floor":50,"turns":5}],"seed_played":"5324947860564620457","potions_obtained":[{"floor":4,"key":"Strength Potion"},{"floor":6,"key":"Energy Potion"},{"floor":16,"key":"SteroidPotion"},{"floor":30,"key":"Explosive Potion"},{"floor":31,"key":"Energy Potion"}],"is_trial":false,"path_per_floor":["M","?","?","?","M","E","R","$","T","R","T","E","$","M","R","B",null,"M","?","?","?","$","E","R","E","T","R","M","R","M","E","R","B",null,"M","M","?","?","M","E","R","M","T","E","R","?","R","M","R","B",null],"character_chosen":"THE_BANDIT","items_purchased":["wariomod:RacingSpeed","Whetstone","wariomod:Hopshield","wariomod:AwfulLook","Replay:Rubber Ducky"],"campfire_rested":0,"item_purchase_floors":[8,8,8,13,22],"current_hp_per_floor":[72,72,72,72,72,72,72,72,72,72,72,65,65,56,56,56,74,74,55,49,49,49,49,49,39,39,39,39,39,33,29,29,25,66,66,62,62,62,38,48,48,46,46,46,46,53,53,53,53,53],"gold":698,"neow_bonus":"THREE_ENEMY_KILL","is_daily":false,"chose_seed":false,"campfire_upgraded":11,"win_rate":0.0,"timestamp":1613509340,"path_taken":["M","?","?","?","?","E","R","$","T","R","?","E","$","M","R","BOSS","M","?","?","?","?","E","R","E","T","R","M","R","M","E","R","BOSS","M","M","?","?","M","E","R","?","T","E","R","?","R","?","R","BOSS"],"items_purchased_type":["Card","Relic","Card","Card","Relic"],"build_version":"2020-12-22","purchased_purges":1,"victory":true,"max_hp_per_floor":[80,80,80,80,80,80,80,80,80,80,80,80,80,80,80,80,80,80,80,80,80,80,80,80,80,80,80,80,80,80,80,80,80,80,80,80,74,74,74,74,74,74,74,74,74,74,74,74,74,74],"card_choices":[{"not_picked":["wariomod:Game","wariomod:ThatsNotAll"],"picked":"wariomod:CursedSpaces","floor":1},{"not_picked":["wariomod:Bombtime","wariomod:DiceyMove"],"picked":"wariomod:RacingSpeed","floor":3},{"not_picked":["wariomod:BlastDash","wariomod:SpikeSlash"],"picked":"wariomod:Leapslam","floor":5},{"not_picked":["wariomod:ThatsNotAll","wariomod:DiceyMove"],"picked":"wariomod:MassiveParty","floor":6},{"not_picked":["wariomod:DiceyMove","wariomod:AwfulLook"],"picked":"wariomod:VeryLongJump","floor":12},{"not_picked":["wariomod:BlastDash","wariomod:AwfulLook","wariomod:SimpleShield"],"picked":"SKIP","floor":14},{"not_picked":["wariomod:BlastDash","wariomod:SimpleShield"],"picked":"wariomod:AwfulLook","floor":14},{"not_picked":["wariomod:PoisonBombs","wariomod:BoomForm"],"picked":"wariomod:SpacialMastery","floor":16},{"not_picked":["wariomod:ChargeForth","wariomod:BoomBoom"],"picked":"wariomod:Bombshield","floor":18},{"not_picked":["infinitespire:Collect","infinitespire:NeuralNetwork"],"picked":"infinitespire:TheBestDefense","floor":19},{"not_picked":["wariomod:Boomsmack+1","wariomod:BoomBoom","wariomod:SelfImprison+1"],"picked":"SKIP","floor":23},{"not_picked":["wariomod:Bombshield","wariomod:SmackSlam"],"picked":"wariomod:DiceyMove","floor":25},{"not_picked":["wariomod:BoomBoom+1","wariomod:Goblast"],"picked":"wariomod:DeadlyDash","floor":28},{"not_picked":["wariomod:Boomsmack","wariomod:BumRush+1","wariomod:CursedSpaces"],"picked":"SKIP","floor":30},{"not_picked":["wariomod:SelfImprison","wariomod:Smackflip"],"picked":"wariomod:PoisonBombs","floor":31},{"not_picked":["wariomod:DeadlyDash","wariomod:VeryLongJump"],"picked":"wariomod:KeyFinisher","floor":33},{"not_picked":["wariomod:Bomblaster","wariomod:NullJump"],"picked":"wariomod:BodyBlock+1","floor":35},{"not_picked":["wariomod:HappyHit","wariomod:AwfulLook+1","wariomod:Goblast"],"picked":"SKIP","floor":36},{"not_picked":["wariomod:Leapslam","wariomod:SpikeSlash"],"picked":"wariomod:KeyFinisher","floor":39},{"not_picked":["wariomod:HappyHit","wariomod:Bombtime"],"picked":"wariomod:RacingSpeed","floor":40},{"not_picked":["wariomod:ThatsNotAll","wariomod:SpikeSlash+1","wariomod:ChargeForth+1"],"picked":"SKIP","floor":42},{"not_picked":["wariomod:Leapslam","wariomod:SmackSlam"],"picked":"wariomod:WhirlwindBurst+1","floor":44},{"not_picked":["wariomod:Goblast","wariomod:BumRush+1"],"picked":"wariomod:TheGrandJourney+1","floor":48}],"player_experience":2406461,"relics_obtained":[{"floor":6,"key":"Happy Flower"},{"floor":11,"key":"Vajra"},{"floor":12,"key":"The Courier"},{"floor":23,"key":"aspiration:FetidBarrel"},{"floor":25,"key":"Lizard Tail"},{"floor":26,"key":"Bottled Tornado"},{"floor":31,"key":"Ginger"},{"floor":34,"key":"CeramicFish"},{"floor":34,"key":"Unceasing Top"},{"floor":34,"key":"aspiration:SeaSaltIceCream"},{"floor":38,"key":"Ring of Searing"},{"floor":38,"key":"ReplayTheSpireMod:Ring of Challenge"},{"floor":40,"key":"aspiration:HummingbirdHeart"},{"floor":43,"key":"infinitespire:ShieldingShard"},{"floor":44,"key":"MealTicket"},{"floor":44,"key":"StoneCalendar"}],"event_choices":[{"cards_removed":["wariomod:Defend"],"damage_healed":0,"gold_gain":0,"player_choice":"Card Removal","damage_taken":0,"max_hp_gain":0,"max_hp_loss":0,"event_name":"The Cleric","floor":2,"gold_loss":50},{"damage_healed":0,"gold_gain":0,"player_choice":"Bought 1 Potion","damage_taken":0,"max_hp_gain":0,"max_hp_loss":0,"event_name":"The Woman in Blue","floor":4,"gold_loss":0},{"damage_healed":0,"gold_gain":0,"player_choice":"Joined the Cult","damage_taken":6,"max_hp_gain":0,"max_hp_loss":0,"event_name":"Nest","floor":20,"gold_loss":0,"cards_obtained":["RitualDagger"]},{"damage_healed":0,"gold_gain":0,"player_choice":"Simplicity","damage_taken":0,"max_hp_gain":0,"max_hp_loss":0,"event_name":"Back to Basics","floor":21,"gold_loss":0,"cards_upgraded":["wariomod:Strike","wariomod:Strike","wariomod:Defend","wariomod:Defend","wariomod:Defend"]}],"is_beta":false,"boss_relics":[{"not_picked":["Ectoplasm","Runic Pyramid"],"picked":"Philosopher\u0027s Stone"},{"not_picked":["Pandora\u0027s Box","Runic Dome"],"picked":"Calling Bell"}],"items_purged_floors":[13],"is_endless":false,"potions_floor_spawned":[6,16,30,31,33,39,40,48],"ascension_level":12}}