{"host":"ne5hixkhdtkevwwo","time":1613444180,"event":{"mods":["BaseMod","Downfall","Minty Spire (QoL Compilation)","Relic Stats","StSLib"],"gold_per_floor":[99,118,138,238,249,278,301,401,435,466,494,523,423,436,450,547,547,547,557,234,315,333,367,393,393,393,293,327,327,360,375,387,489,489,389,403,415,435,307,354,354,382,432,382,382,382,382,411,426,426,426,460,20,20,20,20],"floor_reached":57,"language":"ENG","playtime":3507,"items_purged":["hexamod:Defend","hexamod:Defend","Bite"],"score":1917,"play_id":"f61b5d2d-7e27-4631-8dac-4ad2b0a4bc35","local_time":"20210216035620","is_ascension_mode":true,"campfire_choices":[{"floor":1.0,"key":"REST"},{"floor":13.0,"key":"REST"},{"data":"hexamod:ForkedFlame","floor":18.0,"key":"SMITH"},{"floor":27.0,"key":"RECALL"},{"data":"1","floor":35.0,"key":"LIFT"},{"data":"2","floor":45.0,"key":"LIFT"},{"data":"3","floor":47.0,"key":"LIFT"}],"circlet_count":0,"master_deck":["hexamod:Sear","hexamod:Float","hexamod:NecessarySacrifice","hexamod:Haunt","hexamod:AdvancingGuard","hexamod:ForkedFlame","hexamod:Hexaguard","hexamod:NightmareGuise","hexamod:FlameSwitch+1","hexamod:Hexaguard","hexamod:ForkedFlame+1","hexamod:NightmareStrike+1","hexamod:Hexaguard+1","Bite+1","Bite+1","Bite+1","Bite","hexamod:NightmareStrike+1","hexamod:NightmareGuise+1","hexamod:RainOfEmbers+1","hexamod:Hexaguard","hexamod:InspiringFlames+1","hexamod:Haunt","hexamod:NightmareGuise","hexamod:Haunt"],"relics":["hexamod:SpiritBrand","WingedGreaves","Nunchaku","Strawberry","White Beast Statue","Girya","Happy Flower","champ:DeflectingBracers","Oddly Smooth Stone","downfall:HeartBlessingGreen","Coffee Dripper","Calipers","Tiny Chest","Juzu Bracelet","Sundial","downfall:HeartBlessingBlue","Bag of Marbles","Dream Catcher","Fusion Hammer","downfall:HeartBlessingRed","hexamod:TheBrokenSeal","Mango","Regal Pillow","Bird Faced Urn","Smiling Mask","TungstenRod","Unceasing Top","PreservedInsect","TheAbacus","Whetstone"],"acts_visited":["Exordium","TheCity","TheBeyond","TheEnding"],"potions_floor_usage":[56,56,56],"damage_taken":[{"damage":0.0,"enemies":"2 Louse","floor":2.0,"turns":3.0},{"damage":0.0,"enemies":"Cultist","floor":3.0,"turns":3.0},{"damage":13.0,"enemies":"Jaw Worm","floor":5.0,"turns":4.0},{"damage":21.0,"enemies":"3 Sentries","floor":6.0,"turns":7.0},{"damage":7.0,"enemies":"downfall:LadyInBlue","floor":8.0,"turns":8.0},{"damage":8.0,"enemies":"Lagavulin","floor":9.0,"turns":3.0},{"damage":0.0,"enemies":"3 Sentries","floor":10.0,"turns":5.0},{"damage":21.0,"enemies":"Lagavulin","floor":11.0,"turns":7.0},{"damage":0.0,"enemies":"Gremlin Nob","floor":12.0,"turns":3.0},{"damage":0.0,"enemies":"Blue Slaver","floor":14.0,"turns":3.0},{"damage":0.0,"enemies":"Red Slaver","floor":15.0,"turns":3.0},{"damage":0.0,"enemies":"SI_SHIV_ARCHETYPE","floor":16.0,"turns":5.0},{"damage":0.0,"enemies":"downfall:LooterAlt2","floor":19.0,"turns":3.0},{"damage":0.0,"enemies":"downfall:FleeingMerchant","floor":20.0,"turns":4.0},{"damage":0.0,"enemies":"Chosen","floor":22.0,"turns":3.0},{"damage":0.0,"enemies":"Book of Stabbing","floor":23.0,"turns":3.0},{"damage":5.0,"enemies":"Slavers","floor":28.0,"turns":4.0},{"damage":0.0,"enemies":"Book of Stabbing","floor":30.0,"turns":4.0},{"damage":0.0,"enemies":"Snake Plant","floor":31.0,"turns":4.0},{"damage":0.0,"enemies":"Chosen and Byrds","floor":32.0,"turns":4.0},{"damage":1.0,"enemies":"IC_MUSHROOM_ARCHETYPE","floor":33.0,"turns":6.0},{"damage":1.0,"enemies":"3 Darklings","floor":36.0,"turns":4.0},{"damage":0.0,"enemies":"Orb Walker","floor":37.0,"turns":2.0},{"damage":11.0,"enemies":"Sphere and 2 Shapes","floor":38.0,"turns":3.0},{"damage":0.0,"enemies":"downfall:FleeingMerchant","floor":39.0,"turns":3.0},{"damage":0.0,"enemies":"Nemesis","floor":42.0,"turns":4.0},{"damage":8.0,"enemies":"Nemesis","floor":43.0,"turns":3.0},{"damage":0.0,"enemies":"Reptomancer","floor":48.0,"turns":4.0},{"damage":0.0,"enemies":"4 Shapes","floor":49.0,"turns":3.0},{"damage":0.0,"enemies":"WA_ARCHETYPE_DIVINITY","floor":50.0,"turns":6.0},{"damage":0.0,"enemies":"downfall:CharBossMerchant","floor":52.0,"turns":7.0},{"damage":0,"enemies":"downfall:NeowBoss","floor":55,"turns":11},{"damage":0,"enemies":"downfall:NeowBossFinal","floor":56,"turns":11}],"seed_played":"-2943068633481788743","potions_obtained":[{"floor":5.0,"key":"SteroidPotion"},{"floor":5.0,"key":"champ:CounterPotion"},{"floor":6.0,"key":"CultistPotion"},{"floor":6.0,"key":"Fruit Juice"},{"floor":8.0,"key":"sneckomod:MuddlingPotion"},{"floor":8.0,"key":"Ancient Potion"},{"floor":8.0,"key":"Explosive Potion"},{"floor":8.0,"key":"hexamod:SoulburnPotion"},{"floor":8.0,"key":"SkillPotion"},{"floor":9.0,"key":"champ:CounterPotion"},{"floor":9.0,"key":"sneckomod:MuddlingPotion"},{"floor":10.0,"key":"bronze:BurnAndBuffPotion"},{"floor":10.0,"key":"BlessingOfTheForge"},{"floor":11.0,"key":"LiquidBronze"},{"floor":11.0,"key":"SpeedPotion"},{"floor":12.0,"key":"Strength Potion"},{"floor":12.0,"key":"Regen Potion"},{"floor":14.0,"key":"EntropicBrew"},{"floor":14.0,"key":"hexamod:DoubleChargePotion"},{"floor":15.0,"key":"CultistPotion"},{"floor":15.0,"key":"LiquidMemories"},{"floor":16.0,"key":"SkillPotion"},{"floor":16.0,"key":"Swift Potion"},{"floor":19.0,"key":"Explosive Potion"},{"floor":20.0,"key":"LiquidBronze"},{"floor":20.0,"key":"Fruit Juice"},{"floor":22.0,"key":"FearPotion"},{"floor":22.0,"key":"Weak Potion"},{"floor":23.0,"key":"Energy Potion"},{"floor":23.0,"key":"SteroidPotion"},{"floor":28.0,"key":"bronze:BurnAndBuffPotion"},{"floor":28.0,"key":"BlessingOfTheForge"},{"floor":30.0,"key":"GamblersBrew"},{"floor":31.0,"key":"hexamod:EctoCoolerPotion"},{"floor":31.0,"key":"Swift Potion"},{"floor":32.0,"key":"champ:CounterPotion"},{"floor":33.0,"key":"Energy Potion"},{"floor":33.0,"key":"hexamod:EctoCoolerPotion"},{"floor":36.0,"key":"Guardian:BlockOnCardUsePotion"},{"floor":37.0,"key":"DistilledChaos"},{"floor":38.0,"key":"SneckoOil"},{"floor":39.0,"key":"ColorlessPotion"},{"floor":42.0,"key":"Block Potion"},{"floor":43.0,"key":"SpeedPotion"},{"floor":48.0,"key":"SpeedPotion"},{"floor":49.0,"key":"bronze:BurnAndBuffPotion"},{"floor":52.0,"key":"Block Potion"}],"is_trial":false,"path_per_floor":["R","M","M","?","M","E","T","?","E","E","E","E","R","M","M","B",null,"R","M","$","T","M","E","T","?","T","R","E","?","E","M","M","B",null,"R","M","M","M","$","T","T","E","?","$","R","?","R","E","M","B",null,"E","$","R","B","B",null],"character_chosen":"THE_SPIRIT","items_purchased":["Calipers","Mango","hexamod:Haunt","TheAbacus","hexamod:Haunt","Whetstone","Block Potion"],"campfire_rested":2,"item_purchase_floors":[20,39,39,53,53,53,53],"current_hp_per_floor":[70,70,70,70,57,36,43,41,33,33,12,12,36,45,45,45,82,82,82,82,82,87,87,87,60,60,70,69,61,70,70,70,70,70,70,70,70,76,94,94,94,94,92,92,92,92,92,94,94,94,94,94,94,94,94,94],"gold":20,"neow_bonus":"ONE_RARE_RELIC","is_daily":false,"chose_seed":false,"campfire_upgraded":1,"win_rate":0.0,"timestamp":1613444180,"path_taken":["R","M","M","?","M","E","T","?","E","E","E","E","R","M","M","BOSS","R","M","$","?","M","E","T","?","?","R","E","?","E","M","M","BOSS","R","M","M","M","$","?","T","E","?","$","R","?","R","E","M","BOSS","E","$","R","BOSS","BOSS"],"items_purchased_type":["Relic","Relic","Card","Relic","Card","Relic","Potion"],"build_version":"2020-12-22","purchased_purges":3,"victory":true,"max_hp_per_floor":[70,70,70,70,70,70,77,82,82,82,82,82,82,82,82,82,82,82,82,82,82,87,87,87,60,60,70,70,70,70,70,70,70,70,70,70,70,80,94,94,94,94,94,94,94,94,94,94,94,94,94,94,94,94,94,94],"relic_stats":{"Regal Pillow":0,"Happy Flower":[39],"counters":[33,150],"PreservedInsect":0,"Juzu Bracelet":1,"Whetstone":["Bite","Bite"],"Smiling Mask":125,"Nunchaku":[24],"Dream Catcher":0,"TheAbacus":[48],"Sundial":[10],"Bird Faced Urn":[0],"Tiny Chest":1,"obtain_stats":[{"Regal Pillow":40,"Calipers":20,"downfall:HeartBlessingGreen":13,"Mango":39,"Juzu Bracelet":24,"Whetstone":53,"Smiling Mask":42,"Nunchaku":6,"Dream Catcher":30,"TheAbacus":53,"Sundial":26,"downfall:HeartBlessingBlue":27,"Strawberry":7,"Tiny Chest":23,"WingedGreaves":0,"Fusion Hammer":34,"hexamod:SpiritBrand":0,"Girya":9,"Happy Flower":10,"downfall:HeartBlessingRed":35,"Oddly Smooth Stone":12,"hexamod:TheBrokenSeal":38,"champ:DeflectingBracers":11,"PreservedInsect":52,"White Beast Statue":8,"Bird Faced Urn":41,"Coffee Dripper":17,"Bag of Marbles":28,"TungstenRod":43,"Unceasing Top":48},{"Regal Pillow":25,"Calipers":14,"downfall:HeartBlessingGreen":9,"Mango":25,"Juzu Bracelet":16,"Whetstone":31,"Smiling Mask":26,"Nunchaku":4,"Dream Catcher":18,"TheAbacus":31,"Sundial":16,"downfall:HeartBlessingBlue":16,"Strawberry":4,"Tiny Chest":16,"WingedGreaves":0,"Fusion Hammer":21,"hexamod:SpiritBrand":0,"Girya":6,"Happy Flower":7,"downfall:HeartBlessingRed":21,"Oddly Smooth Stone":9,"hexamod:TheBrokenSeal":24,"champ:DeflectingBracers":8,"PreservedInsect":31,"White Beast Statue":5,"Bird Faced Urn":25,"Coffee Dripper":12,"Bag of Marbles":17,"TungstenRod":27,"Unceasing Top":28},{"Regal Pillow":101,"Calipers":61,"downfall:HeartBlessingGreen":43,"Mango":101,"Juzu Bracelet":67,"Whetstone":128,"Smiling Mask":105,"Nunchaku":17,"Dream Catcher":75,"TheAbacus":128,"Sundial":67,"downfall:HeartBlessingBlue":67,"Strawberry":17,"Tiny Chest":67,"WingedGreaves":0,"Fusion Hammer":89,"hexamod:SpiritBrand":0,"Girya":28,"Happy Flower":33,"downfall:HeartBlessingRed":89,"Oddly Smooth Stone":43,"hexamod:TheBrokenSeal":97,"champ:DeflectingBracers":40,"PreservedInsect":128,"White Beast Statue":25,"Bird Faced Urn":101,"Coffee Dripper":54,"Bag of Marbles":71,"TungstenRod":108,"Unceasing Top":112}],"TungstenRod":1,"Unceasing Top":[6]},"card_choices":[{"not_picked":["hexamod:Firestarter","hexamod:RecurringNightmare"],"picked":"hexamod:NecessarySacrifice","floor":2.0},{"not_picked":["hexamod:PhantomFireball","hexamod:Haunt"],"picked":"hexamod:FourthSeal","floor":3.0},{"not_picked":["hexamod:SuperheatedStrike","hexamod:GhostOfSpirePast"],"picked":"hexamod:Haunt","floor":5.0},{"not_picked":["hexamod:SpectralAdrenaline","hexamod:NecessarySacrifice"],"picked":"hexamod:AdvancingGuard","floor":6.0},{"not_picked":["hexamod:AdvancingGuard","hexamod:GhostLash"],"picked":"hexamod:ForkedFlame","floor":8.0},{"not_picked":["hexamod:FastForward","hexamod:GhostOfSpirePast","hexamod:InspiringFlames"],"picked":"SKIP","floor":9.0},{"not_picked":["hexamod:AdvancingGuard","hexamod:Rewind"],"picked":"hexamod:Hexaguard","floor":10.0},{"not_picked":["hexamod:RadiantFlame","hexamod:GhostLash"],"picked":"hexamod:NightmareGuise","floor":11.0},{"not_picked":["hexamod:ExtraCrispy","hexamod:SpectralAdrenaline"],"picked":"hexamod:FlameSwitch","floor":12.0},{"not_picked":["hexamod:InspiringFlames","hexamod:SuperheatedStrike","hexamod:EmpoweredFlame"],"picked":"SKIP","floor":14.0},{"not_picked":["hexamod:SpectersWail","hexamod:Firestarter"],"picked":"hexamod:Hexaguard","floor":15.0},{"not_picked":["hexamod:TimeOfNeed","hexamod:FlameSwitch"],"picked":"hexamod:ForkedFlame","floor":16.0},{"not_picked":["hexamod:FastForward+1","hexamod:AdvancingGuard"],"picked":"hexamod:NightmareStrike+1","floor":19.0},{"not_picked":["hexamod:BacktrackSmack","hexamod:SwordOfDarkness","hexamod:ExtraCrispy"],"picked":"SKIP","floor":20.0},{"not_picked":["hexamod:HeatMetal","hexamod:FourthSeal"],"picked":"hexamod:Hexaguard+1","floor":22.0},{"not_picked":["hexamod:InspiringFlames+1","hexamod:HeatMetal"],"picked":"hexamod:ThirdSeal","floor":23.0},{"not_picked":["hexamod:Firestarter","hexamod:GhostShield"],"picked":"hexamod:FirstSeal","floor":28.0},{"not_picked":["hexamod:Rewind","hexamod:ShieldOfDarkness","hexamod:FastForward"],"picked":"SKIP","floor":28.0},{"not_picked":["hexamod:ApocalypseNow","hexamod:NightmareGuise"],"picked":"hexamod:NightmareStrike+1","floor":30.0},{"not_picked":["hexamod:Firestarter+1","hexamod:RainOfEmbers+1"],"picked":"hexamod:NightmareGuise+1","floor":30.0},{"not_picked":["hexamod:FirstSeal","hexamod:ThermalTransfer","hexamod:InspiringFlames"],"picked":"SKIP","floor":31.0},{"not_picked":["hexamod:NightmareGuise","hexamod:NightmareStrike","hexamod:GhostLash"],"picked":"SKIP","floor":31.0},{"not_picked":["hexamod:SwordOfDarkness+1","hexamod:NightmareStrike+1"],"picked":"hexamod:RainOfEmbers+1","floor":32.0},{"not_picked":["hexamod:GhostOfSpirePast","hexamod:InspiringFlames","hexamod:EmpoweredFlame"],"picked":"SKIP","floor":32.0},{"not_picked":["hexamod:FlameSwitch","hexamod:ParanormalForm"],"picked":"hexamod:FifthSeal","floor":33.0},{"not_picked":["hexamod:FirstSeal","hexamod:FourthSeal"],"picked":"hexamod:SixthSeal","floor":36.0},{"not_picked":["hexamod:FastForward+1","hexamod:ExtraCrispy+1"],"picked":"hexamod:SecondSeal","floor":36.0},{"not_picked":["hexamod:GhostLash","hexamod:SuperheatedStrike+1","hexamod:HeatMetal+1"],"picked":"SKIP","floor":36.0},{"not_picked":["hexamod:GhostShield","hexamod:PhantomCloak"],"picked":"hexamod:Hexaguard","floor":37.0},{"not_picked":["hexamod:HauntingEcho+1","hexamod:SwordOfDarkness","hexamod:SuperheatedStrike+1"],"picked":"SKIP","floor":37.0},{"not_picked":["hexamod:FastForward+1","hexamod:ShieldOfDarkness"],"picked":"hexamod:InspiringFlames+1","floor":38.0},{"not_picked":["hexamod:GhostflameInferno","hexamod:BacktrackSmack+1","hexamod:DynamicBlow"],"picked":"SKIP","floor":39.0},{"not_picked":["hexamod:Again+1","hexamod:HauntingEcho+1","hexamod:SearingWound"],"picked":"SKIP","floor":42.0},{"not_picked":["hexamod:RadiantFlame","hexamod:PhantomFireball","hexamod:InspiringFlames"],"picked":"SKIP","floor":48.0},{"not_picked":["hexamod:DynamicBlow","hexamod:RetreatToShadows"],"picked":"hexamod:NightmareGuise","floor":49.0},{"not_picked":["hexamod:FourthSeal","hexamod:FastForward","hexamod:SecondSeal"],"picked":"SKIP","floor":52.0}],"player_experience":1073045,"relics_obtained":[{"floor":6.0,"key":"Nunchaku"},{"floor":7.0,"key":"Strawberry"},{"floor":8.0,"key":"White Beast Statue"},{"floor":9.0,"key":"Girya"},{"floor":10.0,"key":"Happy Flower"},{"floor":11.0,"key":"champ:DeflectingBracers"},{"floor":12.0,"key":"Oddly Smooth Stone"},{"floor":23.0,"key":"Tiny Chest"},{"floor":24.0,"key":"Juzu Bracelet"},{"floor":26.0,"key":"Sundial"},{"floor":28.0,"key":"Bag of Marbles"},{"floor":30.0,"key":"Dream Catcher"},{"floor":40.0,"key":"Regal Pillow"},{"floor":41.0,"key":"Bird Faced Urn"},{"floor":42.0,"key":"Smiling Mask"},{"floor":43.0,"key":"TungstenRod"},{"floor":48.0,"key":"Unceasing Top"},{"floor":52.0,"key":"PreservedInsect"}],"event_choices":[{"damage_healed":0.0,"max_hp_gain":0.0,"max_hp_loss":27.0,"gold_gain":0.0,"event_name":"Vampires","player_choice":"Became a vampire","floor":25.0,"gold_loss":0.0,"damage_taken":0.0,"cards_obtained":["Bite","Bite","Bite","Bite","Bite"]}],"is_beta":false,"boss_relics":[{"not_picked":["Sozu","Runic Pyramid"],"picked":"Coffee Dripper"},{"not_picked":["Runic Dome","Empty Cage"],"picked":"Fusion Hammer"}],"items_purged_floors":[39,44,53],"is_endless":false,"potions_floor_spawned":[5,6,8,9,10,11,12,14,15,16,19,20,22,23,28,30,31,32,33,36,37,38,39,42,43,48,49,52],"ascension_level":2}}