{"host":"wmojtwekh6s3tor5","time":1613461973,"event":{"mods":["BaseMod","Colored Map","Colored Powertips","DeckTracker","Highlight Path","Minty Spire (QoL Compilation)","StSLib"],"gold_per_floor":[118,65,65,85,105,140,140,157,157,116,135,135,159,176,176,283,283,311,322,322,35,35,35,35,35,44,44,73,73,92,92,92,187,187,199,0,0,0,17,17,27,27,27,27,55,64,84,103,103,103,103],"floor_reached":50,"language":"ZHS","playtime":2446,"items_purged":["Bash"],"score":577,"play_id":"f2b2ddf7-9c55-4fad-bd6c-73711ad454e6","local_time":"20210216155253","is_ascension_mode":true,"campfire_choices":[{"floor":7.0,"key":"REST"},{"floor":15.0,"key":"REST"},{"data":"Panache","floor":23.0,"key":"SMITH"},{"data":"Rage","floor":25.0,"key":"SMITH"},{"floor":27.0,"key":"REST"},{"floor":32.0,"key":"REST"},{"data":"Seeing Red","floor":40.0,"key":"SMITH"},{"floor":42.0,"key":"REST"},{"floor":44,"key":"REST"},{"floor":49,"key":"REST"}],"circlet_count":0,"master_deck":["Strike_R","Strike_R","Strike_R","Defend_R","Defend_R","Defend_R","Limit Break","Flex","Seeing Red+1","Heavy Blade","Rage+1","Inflame","Bludgeon","Uppercut+1","Panache+1","Blood for Blood+1","Pain"],"relics":["Burning Blood","Art of War","CeramicFish","Cursed Key","Enchiridion","Shuriken","Empty Cage","Red Mask"],"acts_visited":["Exordium","TheCity","TheBeyond"],"potions_floor_usage":[],"damage_taken":[{"damage":4.0,"enemies":"Small Slimes","floor":1.0,"turns":3.0},{"damage":6.0,"enemies":"Cultist","floor":4.0,"turns":3.0},{"damage":12.0,"enemies":"Jaw Worm","floor":5.0,"turns":2.0},{"damage":62.0,"enemies":"Lagavulin","floor":6.0,"turns":10.0},{"damage":16.0,"enemies":"2 Fungi Beasts","floor":8.0,"turns":4.0},{"damage":4.0,"enemies":"Exordium Wildlife","floor":11.0,"turns":4.0},{"damage":15.0,"enemies":"Blue Slaver","floor":13.0,"turns":3.0},{"damage":9.0,"enemies":"Looter","floor":14.0,"turns":3.0},{"damage":39.0,"enemies":"Hexaghost","floor":16.0,"turns":8.0},{"damage":2.0,"enemies":"Chosen","floor":18.0,"turns":3.0},{"damage":21.0,"enemies":"3 Byrds","floor":19.0,"turns":4.0},{"damage":14.0,"enemies":"Centurion and Healer","floor":28.0,"turns":4.0},{"damage":26.0,"enemies":"Snake Plant","floor":30.0,"turns":3.0},{"damage":13.0,"enemies":"Collector","floor":33.0,"turns":5.0},{"damage":20.0,"enemies":"Orb Walker","floor":35.0,"turns":3.0},{"damage":33.0,"enemies":"3 Shapes","floor":39.0,"turns":5.0},{"damage":24.0,"enemies":"Jaw Worm Horde","floor":41.0,"turns":4.0},{"damage":23,"enemies":"Writhing Mass","floor":45,"turns":4},{"damage":4,"enemies":"Spire Growth","floor":47,"turns":3},{"damage":37,"enemies":"3 Darklings","floor":48,"turns":5},{"damage":52,"enemies":"Donu and Deca","floor":50,"turns":3}],"seed_played":"2072458018483946045","potions_obtained":[{"floor":8.0,"key":"SneckoOil"},{"floor":11.0,"key":"ColorlessPotion"},{"floor":13.0,"key":"Swift Potion"},{"floor":14.0,"key":"DuplicationPotion"},{"floor":16.0,"key":"PowerPotion"},{"floor":18.0,"key":"Dexterity Potion"},{"floor":35.0,"key":"PowerPotion"}],"is_trial":false,"path_per_floor":["M","$","?","M","M","E","R","M","T","$","M","?","M","M","R","B",null,"M","M","?","$","?","R","$","R","T","R","M","T","M","$","R","B",null,"M","?","$","?","M","R","M","R","T","R","M","?","M","M","R","B"],"character_chosen":"IRONCLAD","items_purchased":["Flex","Heavy Blade","Panache","Weak Potion"],"campfire_rested":7,"item_purchase_floors":[2,10,21,21],"current_hp_per_floor":[74,74,74,74,68,12,36,26,26,26,28,28,19,16,40,7,62,66,51,35,35,35,35,35,35,35,59,51,51,31,31,55,48,72,58,58,58,58,31,31,13,37,37,61,44,44,46,15,38,0,0],"gold":103,"neow_bonus":"ONE_RANDOM_RARE_CARD","is_daily":false,"chose_seed":false,"campfire_upgraded":3,"win_rate":0.0,"timestamp":1613461973,"path_taken":["M","$","?","?","M","E","R","M","T","$","M","?","M","M","R","BOSS","M","M","?","$","?","R","?","R","T","R","M","?","M","$","R","BOSS","M","?","$","?","?","R","M","R","T","R","M","?","M","M","R","BOSS"],"items_purchased_type":["Card","Card","Card","Potion"],"build_version":"2020-12-22","purchased_purges":1,"victory":false,"max_hp_per_floor":[80,80,80,80,80,80,80,80,80,80,80,80,80,80,80,80,80,80,80,80,80,80,80,80,80,80,80,80,80,80,80,80,80,80,80,80,80,80,80,80,80,80,80,80,80,77,77,77,77,77,77],"card_choices":[{"not_picked":["True Grit","Clothesline","Shrug It Off"],"picked":"SKIP","floor":1.0},{"not_picked":["Clothesline","Feel No Pain","Cleave"],"picked":"SKIP","floor":4.0},{"not_picked":["Thunderclap","Wild Strike","Warcry"],"picked":"SKIP","floor":5.0},{"not_picked":["Clothesline","Power Through"],"picked":"Seeing Red","floor":6.0},{"not_picked":["Anger","Havoc","Headbutt"],"picked":"SKIP","floor":8.0},{"not_picked":["Havoc","Shockwave"],"picked":"Rage","floor":11.0},{"not_picked":["Intimidate","Iron Wave"],"picked":"Inflame","floor":13.0},{"not_picked":["Perfected Strike","Immolate","Headbutt"],"picked":"SKIP","floor":14.0},{"not_picked":["Demon Form","Berserk"],"picked":"Bludgeon","floor":16.0},{"not_picked":["Wild Strike","Headbutt+1"],"picked":"Uppercut+1","floor":18.0},{"not_picked":["Warcry","Anger","Clothesline"],"picked":"SKIP","floor":19.0},{"not_picked":["Iron Wave","Twin Strike+1"],"picked":"Blood for Blood+1","floor":28.0},{"not_picked":["Exhume","Iron Wave","Wild Strike"],"picked":"SKIP","floor":30.0},{"not_picked":["Clash+1","Armaments+1","Heavy Blade+1"],"picked":"SKIP","floor":35.0},{"not_picked":["Sword Boomerang+1","Armaments","Sever Soul"],"picked":"SKIP","floor":39.0},{"not_picked":["Metallicize","Fire Breathing","Infernal Blade"],"picked":"SKIP","floor":41.0},{"not_picked":["Burning Pact+1","Reaper","Perfected Strike+1"],"picked":"SKIP","floor":45},{"not_picked":["Body Slam+1","Anger+1","Pommel Strike"],"picked":"SKIP","floor":47},{"not_picked":["Carnage+1","Havoc+1","Ghostly Armor"],"picked":"SKIP","floor":48}],"player_experience":636899,"relics_obtained":[{"floor":6.0,"key":"Art of War"},{"floor":9.0,"key":"CeramicFish"},{"floor":20.0,"key":"Enchiridion"},{"floor":26.0,"key":"Shuriken"}],"event_choices":[{"damage_healed":0.0,"max_hp_gain":0.0,"max_hp_loss":0.0,"gold_gain":0.0,"event_name":"FaceTrader","player_choice":"Leave","floor":3.0,"gold_loss":0.0,"damage_taken":0.0},{"cards_removed":["Defend_R"],"damage_healed":0.0,"max_hp_gain":0.0,"max_hp_loss":0.0,"gold_gain":0.0,"event_name":"Living Wall","player_choice":"Forget","floor":12.0,"gold_loss":0.0,"damage_taken":0.0},{"damage_healed":0.0,"max_hp_gain":0.0,"max_hp_loss":0.0,"gold_gain":0.0,"event_name":"Cursed Tome","player_choice":"Obtained Book","floor":20.0,"gold_loss":0.0,"damage_taken":16.0},{"damage_healed":0.0,"max_hp_gain":0.0,"max_hp_loss":0.0,"gold_gain":0.0,"event_name":"Ghosts","player_choice":"Ignored","floor":22.0,"gold_loss":0.0,"damage_taken":0.0},{"damage_healed":0.0,"max_hp_gain":0.0,"max_hp_loss":0.0,"gold_gain":0.0,"event_name":"Tomb of Lord Red Mask","player_choice":"Paid","floor":36.0,"gold_loss":199.0,"damage_taken":0.0,"relics_obtained":["Red Mask"]},{"cards_removed":["Strike_R"],"damage_healed":0.0,"max_hp_gain":0.0,"max_hp_loss":0.0,"gold_gain":0.0,"event_name":"Bonfire Elementals","player_choice":"Offered Basic","floor":38.0,"gold_loss":0.0,"damage_taken":0.0},{"damage_healed":0,"gold_gain":0,"cards_transformed":["Parasite"],"player_choice":"Transformed","damage_taken":0,"max_hp_gain":0,"max_hp_loss":0,"event_name":"Transmorgrifier","floor":46,"gold_loss":0,"cards_obtained":["Pain"]}],"is_beta":false,"boss_relics":[{"not_picked":["Runic Pyramid","Philosopher\u0027s Stone"],"picked":"Cursed Key"},{"not_picked":["Velvet Choker","Calling Bell"],"picked":"Empty Cage"}],"items_purged_floors":[21],"is_endless":false,"potions_floor_spawned":[8,11,13,14,16,18,35],"killed_by":"Donu and Deca","ascension_level":6}}