{"host":"vk2xyavtylxbvrfq","time":1613511810,"event":{"mods":["Bard","BaseMod","Bestiary","Better Altar","Better Match","Better Note","Better Sensory Stone","Better Skull","Better Vampires","Block Reminder","Bossed Relics","Colored Map","Curses Come First","Displayed Cursed Tome","Downfall","Fox Events","Hermit","Ironclad Rager","Marked Mod","Minty Spire (QoL Compilation)","Quick Restart","Rare Cards Sparkle","Relic Sorter","Reliquary","Robot Space Explorer","StSLib","The Hayseed","The Runesmith","TheSurvivalist","Unceasing Turn Reminder"],"gold_per_floor":[110,210,222,242,261,294,309,309,333,333,333,333,371,392,392,518,518,532,532,43,43,43,86,86,95,176,220,220,13,13,62,62,62,62],"floor_reached":33,"language":"ENG","playtime":1103,"items_purged":[],"score":559,"play_id":"5da17f2d-553c-4588-804f-9c8e29ee3eac","local_time":"20210216164330","is_ascension_mode":true,"campfire_choices":[{"data":"hermit:Maintenance","floor":8.0,"key":"SMITH"},{"data":"hermit:Showdown","floor":10.0,"key":"SMITH"},{"data":"hermit:FullyLoaded","floor":15.0,"key":"SMITH"},{"floor":24.0,"key":"REST"},{"data":"RitualDagger","floor":28.0,"key":"SMITH"},{"data":"hermit:FullyLoaded","floor":30.0,"key":"SMITH"},{"data":"hermit:Gestalt","floor":32.0,"key":"SMITH"}],"circlet_count":0,"master_deck":["hermit:Strike_Hermit","hermit:Strike_Hermit","hermit:Strike_Hermit","hermit:Strike_Hermit","hermit:Defend_Hermit","hermit:Defend_Hermit","hermit:Defend_Hermit","hermit:Defend_Hermit","hermit:Snapshot","hermit:Covet","hermit:Enervate","CurseOfTheBell","CurseOfTheBell","Writhe","Decay","hermit:Reprieve","downfall:Haunted","hermit:Snipe","hermit:TakeAim+1","hermit:Headshot","hermit:Showdown+1","hermit:Maintenance+1","Injury","hermit:FullyLoaded+1","hermit:TrackingShot","hermit:RoundhouseKick","hermit:Quickdraw","hermit:HighNoon+1","hermit:FullyLoaded+1","hermit:Quickdraw","RitualDagger+1","hermit:Dissolve","hermit:Gestalt+1"],"relics":["Pandora\u0027s Box","downfall:ExtraCursedBell","Anchor","Frozen Egg 2","Ginger","Pear","Potion Belt","Golden Idol","Orichalcum","reliquary:ThirdArm","reliquary:TuningFork","Ancient Tea Set","MutagenicStrength","CeramicFish","MealTicket","Boot","Prayer Wheel"],"acts_visited":["Exordium","TheCity"],"potions_floor_usage":[33],"damage_taken":[{"damage":0.0,"enemies":"Small Slimes","floor":1.0,"turns":2.0},{"damage":4.0,"enemies":"2 Louse","floor":3.0,"turns":3.0},{"damage":2.0,"enemies":"Jaw Worm","floor":4.0,"turns":3.0},{"damage":3.0,"enemies":"Blue Slaver","floor":5.0,"turns":3.0},{"damage":28.0,"enemies":"Gremlin Nob","floor":6.0,"turns":4.0},{"damage":4.0,"enemies":"2 Fungi Beasts","floor":7.0,"turns":3.0},{"damage":14.0,"enemies":"3 Sentries","floor":13.0,"turns":6.0},{"damage":0.0,"enemies":"Looter","floor":14.0,"turns":2.0},{"damage":38.0,"enemies":"Slime Boss","floor":16.0,"turns":9.0},{"damage":10.0,"enemies":"Chosen","floor":18.0,"turns":5.0},{"damage":31.0,"enemies":"Book of Stabbing","floor":23.0,"turns":5.0},{"damage":0.0,"enemies":"Gremlin Leader","floor":27.0,"turns":4.0},{"damage":29.0,"enemies":"Slavers","floor":31.0,"turns":5.0},{"damage":69,"enemies":"Collector","floor":33,"turns":7}],"seed_played":"-741239818081684467","potions_obtained":[{"floor":3.0,"key":"Energy Potion"},{"floor":5.0,"key":"Strength Potion"},{"floor":6.0,"key":"Ancient Potion"},{"floor":7.0,"key":"Block Potion"},{"floor":16.0,"key":"SneckoOil"},{"floor":18.0,"key":"LiquidBronze"},{"floor":23.0,"key":"Swift Potion"},{"floor":31.0,"key":"SteroidPotion"}],"is_trial":false,"path_per_floor":["M","?","M","M","M","E","M","R","T","R","?","?","E","M","R","B",null,"M","?","$","?","?","E","R","?","T","E","R","$","R","E","R","B"],"character_chosen":"HERMIT","items_purchased":["hermit:HighNoon+1","hermit:FullyLoaded","reliquary:TuningFork","Ancient Tea Set","Boot","FearPotion"],"campfire_rested":1,"item_purchase_floors":[20,20,20,20,29,29],"current_hp_per_floor":[68,73,69,75,72,70,66,66,66,66,71,71,61,61,61,23,77,83,83,83,83,83,60,88,82,82,94,94,95,95,74,74,5,5],"gold":62,"neow_bonus":"BOSS_RELIC","is_daily":false,"chose_seed":false,"campfire_upgraded":6,"win_rate":0.0,"timestamp":1613511810,"path_taken":["M","?","M","M","M","E","M","R","T","R","?","?","E","M","R","BOSS","M","?","$","?","?","E","R","?","T","E","R","$","R","E","R","BOSS"],"items_purchased_type":["Card","Card","Relic","Relic","Relic","Potion"],"build_version":"2020-12-22","purchased_purges":0,"victory":false,"max_hp_per_floor":[75,80,80,80,80,90,90,90,90,90,95,95,95,95,95,95,95,95,95,95,95,95,95,95,95,95,95,95,95,95,95,95,95,95],"card_choices":[{"not_picked":["hermit:BodyArmor","hermit:Midnight"],"picked":"hermit:Enervate","floor":1.0},{"not_picked":["hermit:Coalescence","hermit:Grudge"],"picked":"hermit:Snipe","floor":3.0},{"not_picked":["hermit:NoHoldsBarred","hermit:WideOpen"],"picked":"hermit:TakeAim+1","floor":4.0},{"not_picked":["hermit:Desperado","hermit:Virtue"],"picked":"hermit:Headshot","floor":5.0},{"not_picked":["hermit:Desperado","hermit:Enervate"],"picked":"hermit:Showdown","floor":6.0},{"not_picked":["hermit:Midnight","hermit:Dive"],"picked":"hermit:Maintenance","floor":7.0},{"not_picked":["hermit:BodyArmor","hermit:Purgatory"],"picked":"hermit:FullyLoaded","floor":13.0},{"not_picked":["hermit:Dive","hermit:PistolWhip"],"picked":"hermit:TrackingShot","floor":14.0},{"not_picked":["hermit:DeadOrAlive","hermit:BlackWind"],"picked":"hermit:RoundhouseKick","floor":16.0},{"not_picked":["hermit:Misfire","hermit:TakeCover"],"picked":"hermit:Quickdraw","floor":18.0},{"not_picked":["hermit:ItchyTrigger+1","hermit:EternalForm+1"],"picked":"hermit:Quickdraw","floor":23.0},{"not_picked":["hermit:ItchyTrigger+1","hermit:Snipe"],"picked":"hermit:Dissolve","floor":27.0},{"not_picked":["hermit:Snipe+1","hermit:PistolWhip"],"picked":"hermit:Gestalt","floor":31.0}],"player_experience":1391374,"relics_obtained":[{"floor":2.0,"key":"Anchor"},{"floor":2.0,"key":"Frozen Egg 2"},{"floor":2.0,"key":"Ginger"},{"floor":6.0,"key":"Pear"},{"floor":9.0,"key":"Potion Belt"},{"floor":13.0,"key":"Orichalcum"},{"floor":23.0,"key":"CeramicFish"},{"floor":27.0,"key":"MealTicket"},{"floor":31.0,"key":"Prayer Wheel"}],"event_choices":[{"damage_healed":0.0,"max_hp_gain":5.0,"max_hp_loss":0.0,"gold_gain":0.0,"event_name":"Big Fish","player_choice":"Donut","floor":11.0,"gold_loss":0.0,"damage_taken":0.0},{"damage_healed":0.0,"max_hp_gain":0.0,"max_hp_loss":0.0,"gold_gain":0.0,"event_name":"Golden Idol","player_choice":"Take Wound","floor":12.0,"gold_loss":0.0,"damage_taken":0.0,"relics_obtained":["Golden Idol"],"cards_obtained":["Injury"]},{"damage_healed":0.0,"max_hp_gain":0.0,"max_hp_loss":0.0,"gold_gain":0.0,"event_name":"betterNote:BetterNote","player_choice":"Ignored","floor":19.0,"gold_loss":0.0,"damage_taken":0.0,"cards_obtained":["hermit:Horror"]},{"damage_healed":0.0,"max_hp_gain":0.0,"max_hp_loss":0.0,"gold_gain":0.0,"event_name":"Ghosts","player_choice":"Ignored","floor":21.0,"gold_loss":0.0,"damage_taken":0.0},{"damage_healed":0.0,"max_hp_gain":0.0,"max_hp_loss":0.0,"gold_gain":0.0,"event_name":"Drug Dealer","player_choice":"Inject Mutagens","floor":22.0,"gold_loss":0.0,"damage_taken":0.0,"relics_obtained":["MutagenicStrength"]},{"damage_healed":0.0,"max_hp_gain":0.0,"max_hp_loss":0.0,"gold_gain":0.0,"event_name":"Nest","player_choice":"Joined the Cult","floor":25.0,"gold_loss":0.0,"damage_taken":6.0,"cards_obtained":["RitualDagger"]}],"is_beta":false,"boss_relics":[{"not_picked":["hermit:DentedPlate","reliquary:WritOfMandamus"],"picked":"reliquary:ThirdArm"}],"items_purged_floors":[],"is_endless":false,"potions_floor_spawned":[3,5,6,7,16,18,23,31],"killed_by":"Collector","ascension_level":6}}