{"host":"2c84cb4cp1emursg","time":1613464401,"event":{"mods":["Act Like it!","BaseMod","Better Third Choice","Bossed Relics","Hermit","Mimic Mod","Minty Spire (QoL Compilation)","Permanent Neow","StSLib"],"gold_per_floor":[117,133,202,219,45,45,78,95,118,135,164,114,114,149,149,245,245,235,235,32,48,48,73,433,465,465,480,480,7,39,55,55,154,154,171,27,27,43,54,83,83,118,155,187,211,231,265,275,275,275],"floor_reached":51,"language":"ENG","playtime":4075,"items_purged":["Strike_G","Defend_G","Defend_G"],"score":1041,"play_id":"1470f038-43b7-4790-a217-e387c9910b08","local_time":"20210216013321","is_ascension_mode":true,"campfire_choices":[{"data":"Chrysalis","floor":6,"key":"SMITH"},{"data":"Dash","floor":15,"key":"SMITH"},{"data":"Bullet Time","floor":28,"key":"SMITH"},{"data":"Venomology","floor":32,"key":"SMITH"},{"data":"Acrobatics","floor":41,"key":"SMITH"},{"data":"Defend_G","floor":49,"key":"SMITH"}],"circlet_count":0,"master_deck":["Defend_G","Defend_G+1","Defend_G+1","Survivor","Neutralize","Bouncing Flask+1","Dash+1","Flying Knee+1","Dash+1","Chrysalis+1","Acrobatics+1","Flying Knee","Bite","Bite+1","Bite","Bite","Bite","Bullet Time+1","Panache","Venomology+1","Venomology+1","Bullet Time+1","Expertise+1","Terror+1","Parasite"],"relics":["Ring of the Serpent","War Paint","Smiling Mask","Strawberry","Mercury Hourglass","Vajra","Nunchaku","Tiny Chest","Letter Opener","TheAbacus","Whetstone","Astrolabe","DollysMirror","Shuriken","MealTicket","The Specimen","Boot","Regal Pillow"],"acts_visited":["Exordium","TheCity","TheBeyond"],"potions_floor_usage":[7,11,25,30,31,33,33,35,35,38,38,39,39,40,40,40,42,42,42,42,42,42,43,43,44,44,46,46,47,47,47,48,48,48,50,50,50],"damage_taken":[{"damage":1,"enemies":"Jaw Worm","floor":1,"turns":3},{"damage":4,"enemies":"Small Slimes","floor":2,"turns":3},{"damage":0,"enemies":"2 Louse","floor":4,"turns":2},{"damage":14,"enemies":"Lagavulin","floor":7,"turns":6},{"damage":9,"enemies":"Looter","floor":8,"turns":3},{"damage":2,"enemies":"Red Slaver","floor":10,"turns":3},{"damage":4,"enemies":"3 Sentries","floor":11,"turns":11},{"damage":4,"enemies":"Lagavulin","floor":14,"turns":6},{"damage":18,"enemies":"Hexaghost","floor":16,"turns":9},{"damage":9,"enemies":"2 Thieves","floor":18,"turns":4},{"damage":3,"enemies":"Shell Parasite","floor":21,"turns":4},{"damage":2,"enemies":"Gremlin Leader","floor":23,"turns":5},{"damage":12,"enemies":"Book of Stabbing","floor":25,"turns":5},{"damage":0,"enemies":"Cultist and Chosen","floor":27,"turns":4},{"damage":1,"enemies":"Slavers","floor":30,"turns":4},{"damage":0,"enemies":"Snecko","floor":31,"turns":3},{"damage":46,"enemies":"Automaton","floor":33,"turns":8},{"damage":6,"enemies":"3 Darklings","floor":35,"turns":3},{"damage":0,"enemies":"Orb Walker","floor":38,"turns":2},{"damage":0,"enemies":"Transient","floor":39,"turns":5},{"damage":16,"enemies":"Nemesis","floor":40,"turns":5},{"damage":6,"enemies":"Reptomancer","floor":42,"turns":4},{"damage":0,"enemies":"Writhing Mass","floor":43,"turns":5},{"damage":2,"enemies":"Giant Head","floor":44,"turns":5},{"damage":0,"enemies":"Writhing Mass","floor":46,"turns":4},{"damage":26,"enemies":"Nemesis","floor":47,"turns":5},{"damage":20,"enemies":"Jaw Worm Horde","floor":48,"turns":2},{"damage":72,"enemies":"Awakened One","floor":50,"turns":10}],"seed_played":"-1849893123830280469","potions_obtained":[{"floor":1,"key":"EssenceOfSteel"},{"floor":2,"key":"Weak Potion"},{"floor":10,"key":"Swift Potion"},{"floor":18,"key":"LiquidMemories"},{"floor":23,"key":"Dexterity Potion"},{"floor":30,"key":"DistilledChaos"},{"floor":33,"key":"Block Potion"},{"floor":35,"key":"FairyPotion"},{"floor":44,"key":"Block Potion"},{"floor":47,"key":"SpeedPotion"},{"floor":48,"key":"ColorlessPotion"}],"is_trial":false,"path_per_floor":["M","M","?","M","$","R","E","M","T","M","E","$","?","E","R","B",null,"M","?","$","M","?","E","?","E","T","M","R","$","E","M","R","B",null,"M","$","?","M","M","E","R","E","MIM","E","T","M","E","M","R","B",null],"character_chosen":"THE_SILENT","items_purchased":["Chrysalis","Vajra","TheAbacus","Panache","EntropicBrew","DollysMirror"],"campfire_rested":0,"item_purchase_floors":[5,20,29,29,29,36],"current_hp_per_floor":[69,65,65,65,65,65,51,42,42,40,43,43,43,39,39,21,63,54,53,53,53,53,53,17,15,15,29,29,29,42,51,51,27,47,50,50,50,53,53,46,46,51,53,51,51,53,40,31,31,11],"gold":275,"neow_bonus":"THREE_CARDS","is_daily":false,"chose_seed":false,"campfire_upgraded":6,"win_rate":0.0,"timestamp":1613464401,"path_taken":["M","M","?","M","$","R","E","M","T","M","E","$","?","E","R","BOSS","M","?","$","M","?","E","?","E","T","M","R","$","E","?","R","BOSS","M","$","?","M","?","E","R","E","MIM","E","?","M","E","M","R","BOSS"],"items_purchased_type":["Card","Relic","Relic","Card","Potion","Relic"],"build_version":"2020-12-22","purchased_purges":3,"victory":true,"max_hp_per_floor":[70,70,70,70,70,70,70,70,70,70,77,77,77,77,77,77,77,77,53,53,53,53,53,53,53,53,53,53,53,53,53,53,53,53,53,53,53,53,53,53,53,53,53,53,53,53,53,53,53,53],"card_choices":[{"not_picked":["Concentrate","Underhanded Strike"],"picked":"Bouncing Flask","floor":0},{"not_picked":["Outmaneuver","Accuracy"],"picked":"Dash","floor":1},{"not_picked":["Masterful Stab","Backflip"],"picked":"Flying Knee","floor":2},{"not_picked":["Tactician","Sucker Punch"],"picked":"Dash","floor":4},{"not_picked":["Blade Dance","Sucker Punch"],"picked":"Acrobatics","floor":7},{"not_picked":["Bane","Escape Plan","Distraction"],"picked":"SKIP","floor":8},{"not_picked":["Crippling Poison","Caltrops"],"picked":"Flying Knee","floor":10},{"not_picked":["Setup","Skewer","Phantasmal Killer"],"picked":"SKIP","floor":11},{"not_picked":["Prepared","Dodge and Roll","Underhanded Strike"],"picked":"SKIP","floor":14},{"not_picked":["Deadly Poison","Reflex+1","PiercingWail"],"picked":"SKIP","floor":18},{"not_picked":["Backflip","Outmaneuver","Calculated Gamble"],"picked":"SKIP","floor":21},{"not_picked":["Backstab+1","Quick Slash","Tactician"],"picked":"SKIP","floor":23},{"not_picked":["Infinite Blades","PiercingWail","Dagger Throw+1"],"picked":"SKIP","floor":25},{"not_picked":["Cloak And Dagger","Prepared","Blade Dance+1"],"picked":"SKIP","floor":27},{"not_picked":["Bullet Time","Crippling Poison+1"],"picked":"Venomology","floor":30},{"not_picked":["Cloak And Dagger+1","Expertise","Outmaneuver+1"],"picked":"SKIP","floor":31},{"not_picked":["Night Terror","Doppelganger"],"picked":"Venomology","floor":33},{"not_picked":["Quick Slash+1","Dodge and Roll+1","Leg Sweep+1"],"picked":"SKIP","floor":35},{"not_picked":["Predator","Tactician+1","Underhanded Strike"],"picked":"SKIP","floor":38},{"not_picked":["Prepared","Poisoned Stab","Dagger Throw+1"],"picked":"SKIP","floor":39},{"not_picked":["Bane+1","Cloak And Dagger"],"picked":"Expertise+1","floor":40},{"not_picked":["Quick Slash","Cloak And Dagger+1"],"picked":"Terror+1","floor":42},{"not_picked":["Masterful Stab+1","Poisoned Stab+1","Grand Finale"],"picked":"SKIP","floor":44},{"not_picked":["Cloak And Dagger+1","All Out Attack+1","Blade Dance"],"picked":"SKIP","floor":46},{"not_picked":["Well Laid Plans+1","Backstab","Prepared+1"],"picked":"SKIP","floor":47},{"not_picked":["Sucker Punch","Flying Knee+1","Quick Slash"],"picked":"SKIP","floor":48}],"player_experience":493788,"relics_obtained":[{"floor":7,"key":"War Paint"},{"floor":9,"key":"Smiling Mask"},{"floor":11,"key":"Strawberry"},{"floor":14,"key":"Mercury Hourglass"},{"floor":23,"key":"Nunchaku"},{"floor":25,"key":"Tiny Chest"},{"floor":26,"key":"Letter Opener"},{"floor":30,"key":"Whetstone"},{"floor":40,"key":"Shuriken"},{"floor":42,"key":"MealTicket"},{"floor":43,"key":"The Specimen"},{"floor":44,"key":"Boot"},{"floor":47,"key":"Regal Pillow"}],"event_choices":[{"damage_healed":0,"gold_gain":69,"player_choice":"Gained Gold","damage_taken":0,"max_hp_gain":0,"max_hp_loss":0,"event_name":"Golden Wing","floor":3,"gold_loss":0},{"damage_healed":0,"gold_gain":0,"player_choice":"Grow","damage_taken":0,"max_hp_gain":0,"max_hp_loss":0,"event_name":"Living Wall","floor":13,"gold_loss":0,"cards_upgraded":["Dash"]},{"damage_healed":0,"gold_gain":0,"player_choice":"Became a vampire","damage_taken":0,"max_hp_gain":0,"max_hp_loss":24,"event_name":"Vampires","floor":19,"gold_loss":0,"cards_obtained":["Bite","Bite","Bite","Bite","Bite"]},{"damage_healed":0,"gold_gain":0,"player_choice":"Read","damage_taken":0,"max_hp_gain":0,"max_hp_loss":0,"event_name":"The Library","floor":22,"gold_loss":0,"cards_obtained":["Bullet Time"]},{"damage_healed":0,"gold_gain":360,"player_choice":"GOLD GOLD GOLD GOLD ","damage_taken":36,"max_hp_gain":0,"max_hp_loss":0,"event_name":"Knowing Skull","floor":24,"potions_obtained":[],"gold_loss":0,"cards_obtained":[]},{"damage_healed":0,"gold_gain":0,"player_choice":"Upgraded","damage_taken":0,"max_hp_gain":0,"max_hp_loss":0,"event_name":"Upgrade Shrine","floor":37,"gold_loss":0,"cards_upgraded":["Venomology"]}],"is_beta":false,"boss_relics":[{"not_picked":["Empty Cage","WristBlade"],"picked":"Ring of the Serpent"},{"not_picked":["Philosopher\u0027s Stone","Runic Pyramid"],"picked":"Astrolabe"}],"items_purged_floors":[12,20,29],"is_endless":false,"potions_floor_spawned":[1,2,10,18,23,30,33,35,39,42,44,47,48],"ascension_level":5}}