{"host":"p4v0hquynnreu717","time":1613500143,"event":{"mods":["BaseMod","DeckTracker","Googly Eyes","Marisa£¨ìFÓê¡¡Ä§ÀíÉ³£©","Minty Spire (QoL Compilation)","MostiFishMod","Quick Restart","RumiaBox-Â¶Ã×æ«µÄÉñÃØºÐ×Ó","StSLib","SuperFastMode","[IsaacMod]ÒÔÈö¼âËþ","¡¾ÒÅÎï¿¨ÅÆ¡¿REMEMod"],"gold_per_floor":[115,115,132,132,70,70,29,44,90,90,140,185,185,237,237,237,237],"floor_reached":16,"language":"ZHS","playtime":412,"items_purged":["Strike_MRS"],"score":189,"play_id":"49ff1714-aae4-4d50-b324-c11ca492c242","local_time":"20210217022903","is_ascension_mode":true,"campfire_choices":[{"data":"WitchOfGreed","floor":6.0,"key":"SMITH"},{"data":"Singularity","floor":10.0,"key":"SMITH"},{"data":"UpSweep","floor":13.0,"key":"SMITH"},{"data":"Robbery","floor":15.0,"key":"SMITH"}],"circlet_count":0,"master_deck":["AscendersBane","Strike_MRS+1","Strike_MRS+1","Strike_MRS+1","Defend_MRS","Defend_MRS+1","Defend_MRS+1","Defend_MRS+1","MasterSpark+1","UpSweep+1","Doppelganger","Singularity+1","WitchOfGreed+1","MeteoricShower","MagicAbsorber+1","MysteriousBeam","Singularity","Robbery+1"],"relics":["MiniHakkero","DaveBox","HushsDoor","REME_ComplimentaryCards","SteamSale","DSteel32","NeowsBlessing","SynthV:TestCard","Unceasing Top","Ice Cream"],"acts_visited":["Exordium"],"potions_floor_usage":[16],"damage_taken":[{"damage":0.0,"enemies":"Small Slimes","floor":1.0,"turns":1.0},{"damage":0.0,"enemies":"Jaw Worm","floor":3.0,"turns":1.0},{"damage":0.0,"enemies":"Cultist","floor":8.0,"turns":1.0},{"damage":10.0,"enemies":"Lagavulin","floor":11.0,"turns":8.0},{"damage":1.0,"enemies":"Red Slaver","floor":12.0,"turns":3.0},{"damage":15.0,"enemies":"Gremlin Nob","floor":14.0,"turns":4.0},{"damage":20,"enemies":"Hexaghost","floor":16,"turns":9}],"seed_played":"-1725316453428015112","potions_obtained":[{"floor":1.0,"key":"EssenceOfSteel"},{"floor":11.0,"key":"Weak Potion"},{"floor":11.0,"key":"Dexterity Potion"},{"floor":14.0,"key":"SteroidPotion"},{"floor":14.0,"key":"Weak Potion"}],"is_trial":false,"path_per_floor":["M","?","M","?","$","R","$","M","T","R","E","M","R","E","R","B"],"character_chosen":"MARISA","items_purchased":["WitchOfGreed","MeteoricShower"],"campfire_rested":0,"item_purchase_floors":[5,7],"current_hp_per_floor":[63,68,68,45,45,45,45,45,45,45,35,34,34,19,19,0,0],"gold":237,"neow_bonus":"THREE_ENEMY_KILL","is_daily":false,"chose_seed":false,"campfire_upgraded":4,"win_rate":0.0,"timestamp":1613500143,"path_taken":["M","?","M","?","$","R","$","M","T","R","E","M","R","E","R","BOSS"],"items_purchased_type":["Card","Card"],"build_version":"2020-12-22","purchased_purges":1,"victory":false,"max_hp_per_floor":[70,75,75,75,75,75,75,75,75,75,75,75,75,75,75,75,75],"card_choices":[{"not_picked":["Bomb","MysteriousBeam","Occultation"],"picked":"SKIP","floor":1.0},{"not_picked":["MysteriousBeam","GrandCross","Bomb","DoubleSpark"],"picked":"Singularity","floor":3.0},{"not_picked":["StarBarrage","FinalSpark","SuperPerseids","MilkyWay"],"picked":"MagicAbsorber","floor":8.0},{"not_picked":["AbsoluteMagnitude","StarlightTyphoon","SuperPerseids","Acceleration"],"picked":"MysteriousBeam","floor":11.0},{"not_picked":["GravityBeat","Occultation","EnergyRecoil","UnstableBomb"],"picked":"Singularity","floor":12.0},{"not_picked":["OrrerysSun","SporeBomb","DC","SuperNova"],"picked":"Robbery","floor":14.0}],"player_experience":1160924,"relics_obtained":[{"floor":1.0,"key":"SynthV:TestCard"},{"floor":11.0,"key":"Unceasing Top"},{"floor":14.0,"key":"Ice Cream"}],"event_choices":[{"damage_healed":0.0,"max_hp_gain":5.0,"max_hp_loss":0.0,"gold_gain":0.0,"event_name":"Big Fish","player_choice":"Donut","floor":2.0,"gold_loss":0.0,"damage_taken":0.0},{"damage_healed":0.0,"max_hp_gain":0.0,"max_hp_loss":0.0,"gold_gain":0.0,"event_name":"Shining Light","player_choice":"Entered Light","floor":4.0,"gold_loss":0.0,"damage_taken":23.0,"cards_upgraded":["MasterSpark","Defend_MRS"]}],"is_beta":false,"boss_relics":[],"items_purged_floors":[5],"is_endless":false,"potions_floor_spawned":[1,11,14],"killed_by":"Hexaghost","ascension_level":15}}