{"host":"5agrj1fd4s00r127","time":1613503154,"event":{"mods":["BaseMod","Minty Spire (QoL Compilation)","StSLib"],"gold_per_floor":[117,117,117,127,74,104,122,156,156,176,176,176,205,225,225,225,225],"floor_reached":16,"language":"RUS","playtime":652,"items_purged":[],"score":145,"play_id":"e79ed800-77a7-4ba0-a363-5ca15741091b","local_time":"20210216211914","is_ascension_mode":false,"campfire_choices":[{"floor":11,"key":"REST"},{"floor":15,"key":"REST"}],"circlet_count":0,"master_deck":["Strike_B","Strike_B","Strike_B","Strike_B","Defend_B","Defend_B","Defend_B","Defend_B","Zap","Dualcast","Go for the Eyes","Blizzard","Impatience","Hologram","Beam Cell","Seek","Fusion","BootSequence","Stack","Steam Power","Steam"],"relics":["Cracked Core","NeowsBlessing","Bronze Scales","Frozen Egg 2","Bag of Preparation","Tiny Chest","Potion Belt"],"acts_visited":["Exordium"],"potions_floor_usage":[8,14,16],"damage_taken":[{"damage":0,"enemies":"Small Slimes","floor":1,"turns":1},{"damage":0,"enemies":"2 Louse","floor":4,"turns":1},{"damage":0,"enemies":"Gremlin Nob","floor":6,"turns":1},{"damage":1,"enemies":"Cultist","floor":7,"turns":3},{"damage":32,"enemies":"Lagavulin","floor":8,"turns":9},{"damage":10,"enemies":"3 Louse","floor":10,"turns":4},{"damage":31,"enemies":"3 Sentries","floor":13,"turns":8},{"damage":18,"enemies":"Gremlin Gang","floor":14,"turns":3},{"damage":28,"enemies":"The Guardian","floor":16,"turns":5}],"seed_played":"-1957930359217549004","potions_obtained":[{"floor":6,"key":"Weak Potion"},{"floor":7,"key":"Fruit Juice"},{"floor":8,"key":"Swift Potion"},{"floor":13,"key":"FocusPotion"}],"is_trial":false,"path_per_floor":["M","?","?","M","$","E","M","E","T","M","R","?","E","M","R","B"],"character_chosen":"DEFECT","items_purchased":["Beam Cell"],"campfire_rested":2,"item_purchase_floors":[5],"current_hp_per_floor":[75,72,72,72,72,72,71,44,44,34,58,50,19,1,25,0,0],"gold":225,"neow_bonus":"THREE_ENEMY_KILL","is_daily":false,"chose_seed":false,"campfire_upgraded":0,"win_rate":0.0,"timestamp":1613503154,"path_taken":["M","?","?","M","$","E","M","E","T","?","R","?","E","M","R","BOSS"],"items_purchased_type":["Card"],"build_version":"2020-12-22","purchased_purges":0,"victory":false,"max_hp_per_floor":[75,75,75,75,75,75,75,80,80,80,80,80,80,80,80,80,80],"card_choices":[{"not_picked":["Rebound","Streamline"],"picked":"Go for the Eyes","floor":1},{"not_picked":["Leap","Cold Snap"],"picked":"Hologram","floor":4},{"not_picked":["Coolheaded","Streamline"],"picked":"Seek","floor":6},{"not_picked":["Cold Snap","Defragment+1"],"picked":"Fusion","floor":7},{"not_picked":["Hologram","Fusion"],"picked":"BootSequence","floor":8},{"not_picked":["Conserve Battery","Ball Lightning"],"picked":"Stack","floor":10},{"not_picked":["Beam Cell","Reinforced Body"],"picked":"Steam Power","floor":13},{"not_picked":["Conserve Battery","Coolheaded"],"picked":"Steam","floor":14}],"player_experience":16826,"relics_obtained":[{"floor":6,"key":"Frozen Egg 2"},{"floor":8,"key":"Bag of Preparation"},{"floor":9,"key":"Tiny Chest"},{"floor":13,"key":"Potion Belt"}],"event_choices":[{"damage_healed":0,"gold_gain":0,"player_choice":"Success","damage_taken":3,"relics_obtained":["Bronze Scales"],"max_hp_gain":0,"max_hp_loss":0,"event_name":"Scrap Ooze","floor":2,"gold_loss":0},{"damage_healed":0,"gold_gain":0,"player_choice":"2 cards matched","damage_taken":0,"max_hp_gain":0,"max_hp_loss":0,"event_name":"Match and Keep!","floor":3,"gold_loss":0,"cards_obtained":["Blizzard","Impatience"]},{"damage_healed":0,"gold_gain":0,"player_choice":"2 cards matched","damage_taken":0,"max_hp_gain":0,"max_hp_loss":0,"event_name":"Match and Keep!","floor":3,"gold_loss":0,"cards_obtained":["Blizzard","Impatience"]},{"damage_healed":0,"gold_gain":0,"player_choice":"Damaged","damage_taken":8,"max_hp_gain":0,"max_hp_loss":0,"event_name":"Wheel of Change","floor":12,"gold_loss":0}],"is_beta":false,"boss_relics":[],"items_purged_floors":[],"is_endless":false,"potions_floor_spawned":[6,7,8,13],"killed_by":"The Guardian","ascension_level":0}}