{"host":"xe7vird6mhwsic73","time":1613506992,"event":{"mods":["BaseMod","Minty Spire (QoL Compilation)","Relic Stats","StSLib"],"gold_per_floor":[110,130,140,160,160,185,185,211,235,235,46,63,83,114,114,213,213,202,215,215,215],"floor_reached":20,"language":"ENG","playtime":1092,"items_purged":[],"score":206,"play_id":"b59b5684-0d67-42c7-9bee-dbac9c9e3428","local_time":"20210216152312","is_ascension_mode":true,"campfire_choices":[{"data":"Eruption","floor":7,"key":"SMITH"},{"data":"Vigilance","floor":10,"key":"SMITH"},{"data":"TalkToTheHand","floor":15,"key":"SMITH"}],"circlet_count":0,"master_deck":["Strike_P","Strike_P","Strike_P","Strike_P","Defend_P","Defend_P","Defend_P","Defend_P","Eruption+1","Vigilance+1","TalkToTheHand+1","JustLucky","Crescendo","FlurryOfBlows","FollowUp","FlurryOfBlows","InnerPeace","Blasphemy","DevaForm","ClearTheMind"],"relics":["PureWater","NeowsBlessing","Question Card","Tiny Chest","Oddly Smooth Stone","Lee\u0027s Waffle","Strawberry","VioletLotus"],"acts_visited":["Exordium","TheCity"],"potions_floor_usage":[8,14,14,20],"damage_taken":[{"damage":0,"enemies":"Jaw Worm","floor":1,"turns":1},{"damage":0,"enemies":"Cultist","floor":2,"turns":1},{"damage":0,"enemies":"2 Louse","floor":3,"turns":1},{"damage":3,"enemies":"Looter","floor":4,"turns":3},{"damage":9,"enemies":"Lagavulin","floor":6,"turns":7},{"damage":11,"enemies":"3 Sentries","floor":8,"turns":5},{"damage":20,"enemies":"Red Slaver","floor":12,"turns":2},{"damage":8,"enemies":"3 Louse","floor":13,"turns":3},{"damage":1,"enemies":"Lagavulin","floor":14,"turns":5},{"damage":15,"enemies":"Slime Boss","floor":16,"turns":9},{"damage":48,"enemies":"2 Thieves","floor":18,"turns":4},{"damage":5,"enemies":"3 Byrds","floor":19,"turns":7},{"damage":50,"enemies":"Masked Bandits","floor":20,"turns":3}],"seed_played":"7082135831029313230","potions_obtained":[{"floor":1,"key":"BottledMiracle"},{"floor":5,"key":"LiquidMemories"},{"floor":5,"key":"Explosive Potion"},{"floor":12,"key":"ColorlessPotion"},{"floor":18,"key":"SkillPotion"}],"is_trial":false,"path_per_floor":["M","M","M","M","?","E","R","E","T","R","$","M","M","E","R","B",null,"M","M","?"],"character_chosen":"WATCHER","items_purchased":["InnerPeace","Lee\u0027s Waffle"],"campfire_rested":0,"item_purchase_floors":[11,11],"current_hp_per_floor":[72,72,72,69,69,60,60,49,49,49,79,59,51,57,57,42,86,38,33,0,0],"gold":215,"neow_bonus":"THREE_ENEMY_KILL","is_daily":false,"chose_seed":false,"campfire_upgraded":3,"win_rate":0.0,"timestamp":1613506992,"path_taken":["M","M","M","M","?","E","R","E","T","R","?","M","M","E","R","BOSS","M","M","?"],"items_purchased_type":["Card","Relic"],"build_version":"2020-12-22","purchased_purges":0,"victory":false,"max_hp_per_floor":[72,72,72,72,72,72,72,72,72,72,79,79,79,86,86,86,86,86,86,86,86],"relic_stats":{"Lee\u0027s Waffle":30,"counters":[13,51],"Tiny Chest":0,"VioletLotus":[4],"Question Card":7,"obtain_stats":[{"Lee\u0027s Waffle":11,"NeowsBlessing":0,"Strawberry":14,"Oddly Smooth Stone":9,"Tiny Chest":8,"VioletLotus":17,"PureWater":0,"Question Card":6},{"Lee\u0027s Waffle":6,"NeowsBlessing":0,"Strawberry":9,"Oddly Smooth Stone":6,"Tiny Chest":6,"VioletLotus":10,"PureWater":0,"Question Card":5},{"Lee\u0027s Waffle":18,"NeowsBlessing":0,"Strawberry":28,"Oddly Smooth Stone":18,"Tiny Chest":18,"VioletLotus":37,"PureWater":0,"Question Card":13}]},"card_choices":[{"not_picked":["WreathOfFlame","CutThroughFate"],"picked":"TalkToTheHand","floor":1},{"not_picked":["LikeWater","CrushJoints"],"picked":"JustLucky","floor":2},{"not_picked":["CrushJoints","FollowUp"],"picked":"Crescendo","floor":3},{"not_picked":["Wallop","EmptyFist"],"picked":"FlurryOfBlows","floor":4},{"not_picked":["Ragnarok","JustLucky"],"picked":"FollowUp","floor":6},{"not_picked":["ThirdEye","Study","Prostrate"],"picked":"FlurryOfBlows","floor":8},{"not_picked":["SashWhip","JustLucky","Fasting2","MasterReality"],"picked":"SKIP","floor":12},{"not_picked":["Worship","CarveReality","Conclude","Collect"],"picked":"SKIP","floor":13},{"not_picked":["SashWhip","Sanctity","ThirdEye"],"picked":"Blasphemy","floor":14},{"not_picked":["Alpha","Blasphemy","Judgement"],"picked":"DevaForm","floor":16},{"not_picked":["EmptyFist","FlurryOfBlows","Protect"],"picked":"ClearTheMind","floor":18},{"not_picked":["Evaluate","FlyingSleeves","Vengeance","ClearTheMind"],"picked":"SKIP","floor":19}],"player_experience":175404,"relics_obtained":[{"floor":6,"key":"Question Card"},{"floor":8,"key":"Tiny Chest"},{"floor":9,"key":"Oddly Smooth Stone"},{"floor":14,"key":"Strawberry"}],"event_choices":[{"damage_healed":0,"gold_gain":0,"player_choice":"Got Potions","damage_taken":0,"max_hp_gain":0,"max_hp_loss":0,"event_name":"Lab","floor":5,"gold_loss":0},{"damage_healed":0,"gold_gain":0,"player_choice":"Fought Bandits","damage_taken":0,"max_hp_gain":0,"max_hp_loss":0,"event_name":"Masked Bandits","floor":20,"gold_loss":0}],"is_beta":false,"boss_relics":[{"not_picked":["Pandora\u0027s Box","SacredBark"],"picked":"VioletLotus"}],"items_purged_floors":[],"is_endless":false,"potions_floor_spawned":[1,6,12,13,18],"killed_by":"Masked Bandits","ascension_level":1}}