{"host":"bsgp9wgausrmthh2","time":1613514149,"event":{"mods":["AchievementEnabler","BaseMod","Colored Map","Minty Spire (QoL Compilation)","StSLib"],"gold_per_floor":[112,112,130,130,147,147,147,157,157,157,168,202,218,236,236,336,336,355,72,88,188,203,203,217,1,1,15,15,25,38,3,3,99,99,114,36,54,66,13,13,13,31,84,84,108,128,128,128,128,128,128,128,97,97,97],"floor_reached":54,"language":"ENG","playtime":6060,"items_purged":[],"score":643,"play_id":"f422b105-332b-4284-8cf8-07c8b505f619","local_time":"20210216172229","is_ascension_mode":false,"campfire_choices":[{"floor":6,"key":"RECALL"},{"floor":15,"key":"REST"},{"data":"White Noise","floor":23,"key":"SMITH"},{"data":"Defragment","floor":28,"key":"SMITH"},{"floor":32,"key":"REST"},{"data":"Echo Form","floor":40,"key":"SMITH"},{"floor":44,"key":"REST"},{"floor":49,"key":"REST"},{"data":"Defragment","floor":52,"key":"SMITH"}],"circlet_count":0,"master_deck":["Strike_B","Strike_B","Strike_B","Strike_B","Defend_B","Defend_B","Defend_B","Defend_B+1","Zap","Dualcast","Dramatic Entrance","Conserve Battery+1","Undo","Leap","Chill","Steam","Barrage","White Noise+1","Auto Shields","Machine Learning","Skim","Rebound","Loop","Coolheaded+1","Streamline+1","Compile Driver","Defragment+1","Defragment+1","Gash+1","Ball Lightning","Reinforced Body","Echo Form+1","Melter+1","Defragment","Melter+1","Stack+1","Steam","Dark Shackles","Steam+1","Lockon","Compile Driver+1","Capacitor"],"relics":["Cracked Core","Smiling Mask","Sozu","Oddly Smooth Stone","Runic Capacitor","Ornamental Fan","Busted Crown","Anchor","Dream Catcher","The Courier"],"acts_visited":["Exordium","TheCity","TheBeyond","TheEnding"],"potions_floor_usage":[],"damage_taken":[{"damage":3,"enemies":"2 Louse","floor":1,"turns":2},{"damage":1,"enemies":"Jaw Worm","floor":3,"turns":3},{"damage":0,"enemies":"Cultist","floor":5,"turns":4},{"damage":0,"enemies":"Lots of Slimes","floor":8,"turns":2},{"damage":0,"enemies":"2 Fungi Beasts","floor":11,"turns":3},{"damage":14,"enemies":"3 Sentries","floor":12,"turns":12},{"damage":9,"enemies":"Exordium Wildlife","floor":13,"turns":6},{"damage":3,"enemies":"Lots of Slimes","floor":14,"turns":2},{"damage":23,"enemies":"Slime Boss","floor":16,"turns":9},{"damage":4,"enemies":"Shell Parasite","floor":18,"turns":11},{"damage":32,"enemies":"2 Thieves","floor":20,"turns":4},{"damage":2,"enemies":"Snecko","floor":22,"turns":6},{"damage":0,"enemies":"Shelled Parasite and Fungi","floor":24,"turns":7},{"damage":0,"enemies":"Centurion and Healer","floor":27,"turns":7},{"damage":4,"enemies":"Cultist and Chosen","floor":29,"turns":7},{"damage":7,"enemies":"Snake Plant","floor":30,"turns":6},{"damage":36,"enemies":"Automaton","floor":33,"turns":8},{"damage":15,"enemies":"3 Darklings","floor":35,"turns":6},{"damage":18,"enemies":"Orb Walker","floor":37,"turns":5},{"damage":6,"enemies":"4 Shapes","floor":38,"turns":4},{"damage":14,"enemies":"Jaw Worm Horde","floor":42,"turns":6},{"damage":16,"enemies":"Transient","floor":46,"turns":5},{"damage":48,"enemies":"Awakened One","floor":50,"turns":16},{"damage":86,"enemies":"Shield and Spear","floor":54,"turns":8}],"seed_played":"5821158890946347900","potions_obtained":[{"floor":1,"key":"GamblersBrew"},{"floor":8,"key":"DistilledChaos"},{"floor":12,"key":"DistilledChaos"},{"floor":13,"key":"Block Potion"}],"is_trial":false,"path_per_floor":["M","$","M","?","M","R","?","M","T","?","M","E","M","M","R","B",null,"M","$","M","?","M","R","M","$","T","M","R","M","M","$","R","B",null,"M","$","M","M","$","R","?","M","T","R","T","M","T","?","R","B",null,"R","$","E"],"character_chosen":"DEFECT","items_purchased":["Rebound","Loop","Oddly Smooth Stone","Defragment","Runic Capacitor","Reinforced Body","Defragment","Steam","Capacitor"],"campfire_rested":4,"item_purchase_floors":[19,19,19,25,25,31,36,39,53],"current_hp_per_floor":[72,72,71,76,76,76,60,60,60,60,60,46,37,34,58,35,80,76,76,44,44,42,42,42,42,42,42,42,38,31,31,55,19,80,65,65,47,41,41,41,36,22,22,46,46,30,30,30,54,6,80,80,80,0,0],"gold":97,"neow_bonus":"RANDOM_COLORLESS","is_daily":false,"chose_seed":false,"campfire_upgraded":4,"win_rate":0.0,"timestamp":1613514149,"path_taken":["M","$","M","?","M","R","?","M","T","?","M","E","M","?","R","BOSS","M","$","M","?","M","R","M","$","T","M","R","M","?","$","R","BOSS","M","$","?","M","$","R","?","M","T","R","?","?","?","?","R","BOSS","R","$","E"],"items_purchased_type":["Card","Card","Relic","Card","Relic","Card","Card","Card","Card"],"build_version":"2020-12-22","purchased_purges":0,"victory":false,"max_hp_per_floor":[75,75,75,80,80,80,80,80,80,80,80,80,80,80,80,80,80,80,80,80,80,80,80,80,80,80,80,80,80,80,80,80,80,80,80,80,80,80,80,80,80,80,80,80,80,80,80,80,80,80,80,80,80,80,80],"card_choices":[{"not_picked":["Flash of Steel","Mind Blast"],"picked":"Dramatic Entrance","floor":0},{"not_picked":["Streamline","Compile Driver"],"picked":"Conserve Battery","floor":1},{"not_picked":["Consume","All For One"],"picked":"Undo","floor":3},{"not_picked":["Lockon","Sweeping Beam"],"picked":"Leap","floor":5},{"not_picked":["Reprogram","Streamline"],"picked":"Chill","floor":8},{"not_picked":["Sweeping Beam","Blizzard"],"picked":"Steam","floor":11},{"not_picked":["Scrape","Amplify"],"picked":"Barrage","floor":12},{"not_picked":["Consume","Lockon"],"picked":"White Noise","floor":13},{"not_picked":["Gash","Sunder"],"picked":"Auto Shields","floor":14},{"not_picked":["Core Surge","Thunder Strike"],"picked":"Machine Learning","floor":16},{"not_picked":["Consume","Barrage"],"picked":"Skim","floor":18},{"not_picked":["Compile Driver","Steam"],"picked":"Coolheaded+1","floor":20},{"not_picked":["Coolheaded","Genetic Algorithm+1"],"picked":"Streamline+1","floor":22},{"not_picked":["Heatsinks+1","Chill+1"],"picked":"Compile Driver","floor":24},{"not_picked":["Undo","Static Discharge+1"],"picked":"Defragment","floor":27},{"not_picked":["Stack+1","Glacier"],"picked":"Gash+1","floor":29},{"not_picked":["Scrape","Gash"],"picked":"Ball Lightning","floor":30},{"not_picked":["Rainbow","Reboot"],"picked":"Echo Form","floor":33},{"not_picked":[],"picked":"Melter+1","floor":35},{"not_picked":[],"picked":"Melter+1","floor":37},{"not_picked":[],"picked":"Stack+1","floor":38},{"not_picked":[],"picked":"Dark Shackles","floor":41},{"not_picked":[],"picked":"Steam+1","floor":42},{"not_picked":[],"picked":"Lockon","floor":46},{"not_picked":[],"picked":"Compile Driver+1","floor":49}],"player_experience":262359,"relics_obtained":[{"floor":12,"key":"Smiling Mask"},{"floor":26,"key":"Ornamental Fan"},{"floor":43,"key":"Anchor"},{"floor":45,"key":"Dream Catcher"},{"floor":47,"key":"The Courier"}],"event_choices":[{"damage_healed":0,"gold_gain":0,"player_choice":"Donut","damage_taken":0,"max_hp_gain":5,"max_hp_loss":0,"event_name":"Big Fish","floor":4,"gold_loss":0},{"damage_healed":0,"gold_gain":0,"player_choice":"Entered Light","damage_taken":16,"max_hp_gain":0,"max_hp_loss":0,"event_name":"Shining Light","floor":7,"gold_loss":0,"cards_upgraded":["Conserve Battery","Defend_B"]},{"damage_healed":0,"gold_gain":0,"player_choice":"Ignored","damage_taken":0,"max_hp_gain":0,"max_hp_loss":0,"event_name":"Golden Wing","floor":10,"gold_loss":0},{"damage_healed":0,"gold_gain":100,"player_choice":"Pray","damage_taken":0,"max_hp_gain":0,"max_hp_loss":0,"event_name":"Golden Shrine","floor":21,"gold_loss":0},{"damage_healed":0,"gold_gain":0,"player_choice":"Memory 2","damage_taken":5,"max_hp_gain":0,"max_hp_loss":0,"event_name":"SensoryStone","floor":41,"gold_loss":0},{"damage_healed":0,"gold_gain":0,"player_choice":"Ignored","damage_taken":0,"max_hp_gain":0,"max_hp_loss":0,"event_name":"Tomb of Lord Red Mask","floor":48,"gold_loss":0}],"is_beta":false,"boss_relics":[{"not_picked":["Calling Bell","Snecko Eye"],"picked":"Sozu"},{"not_picked":["Tiny House","FrozenCore"],"picked":"Busted Crown"}],"items_purged_floors":[],"is_endless":false,"potions_floor_spawned":[1,8,12,13,14,20,24,29,30,42],"killed_by":"Shield and Spear","ascension_level":0}}