{"host":"uceopoba4zvqsgiy","time":1613483477,"event":{"mods":["2.2 Compatiblity","Act Like it!","BaseMod","Better Skull","Better Third Choice","Elementarium","Evolution","GifTheSpireLib","Hermit","Humility","Infinite Spire","Jorbs\u0027s Wanderer Trilogy","Marked Mod","Minty Spire (QoL Compilation)","Potionbrewer","Reliquary","Replay The Spire","Robot Space Explorer","Shade Mod","Spicy Shops","StS++","StSLib","Stuff the Spire","The Blue Laboratory","The Caster","The Cursed","The Dragon Tamer","The Dragonkin","The Hierophant","The Judge","The Jungle","TheSurvivalist","Wandering Minibosses"],"gold_per_floor":[112,126,143,130,130,120,120],"floor_reached":6,"language":"ENG","playtime":271,"items_purged":[],"score":38,"play_id":"2ea1cba3-832b-4ed0-be4e-8547eec351a9","local_time":"20210217002117","is_ascension_mode":false,"campfire_choices":[],"circlet_count":0,"master_deck":["hierophant:Strike_Hierophant","hierophant:Strike_Hierophant","hierophant:Strike_Hierophant","hierophant:Strike_Hierophant","hierophant:Punish","hierophant:Defend_Hierophant","hierophant:Defend_Hierophant","hierophant:Defend_Hierophant","hierophant:Defend_Hierophant","hierophant:ChurchCoffers","hierophant:HolyVerse","hierophant:HolyVerse","hierophant:Martyrdom","Replay:Sssssssssshield"],"relics":["hierophant:PropheticMaskRelic","EVO:Axolotl","NeowsBlessing"],"acts_visited":["Exordium"],"potions_floor_usage":[],"damage_taken":[{"damage":0,"enemies":"Cultist","floor":1,"turns":1},{"damage":0,"enemies":"Jaw Worm","floor":2,"turns":1},{"damage":0,"enemies":"Small Slimes","floor":3,"turns":1},{"damage":20,"enemies":"Looter","floor":4,"turns":3},{"damage":71,"enemies":"Gremlin Nob","floor":6,"turns":6}],"seed_played":"8379436658003310411","potions_obtained":[{"floor":1,"key":"SteroidPotion"},{"floor":2,"key":"Doom Potion"},{"floor":4,"key":"blueLaboratory:CorrosionFlask"}],"is_trial":false,"path_per_floor":["M","M","M","M","?","E"],"character_chosen":"HIEROPHANT","items_purchased":[],"campfire_rested":0,"item_purchase_floors":[],"current_hp_per_floor":[75,75,75,55,55,0,0],"gold":120,"neow_bonus":"THREE_ENEMY_KILL","is_daily":false,"chose_seed":false,"campfire_upgraded":0,"win_rate":0.0,"timestamp":1613483477,"path_taken":["M","M","?","?","?","E"],"items_purchased_type":[],"build_version":"2020-12-22","purchased_purges":0,"victory":false,"max_hp_per_floor":[75,75,75,75,75,75,75],"card_choices":[{"not_picked":["hierophant:Remorse","hierophant:Encroach"],"picked":"hierophant:HolyVerse","floor":1},{"not_picked":["hierophant:HammerAndAnvil","hierophant:AuricShield"],"picked":"hierophant:HolyVerse","floor":2},{"not_picked":["hierophant:Purify","hierophant:Sermon"],"picked":"hierophant:Martyrdom","floor":3},{"not_picked":["hierophant:ThreeLashes","hierophant:RustyCrate","hierophant:Doubloon"],"picked":"SKIP","floor":4}],"player_experience":1835450,"relics_obtained":[],"event_choices":[{"damage_healed":0,"gold_gain":0,"player_choice":"1 cards matched","damage_taken":0,"max_hp_gain":0,"max_hp_loss":0,"event_name":"Match and Keep!","floor":5,"gold_loss":0,"cards_obtained":["Replay:Sssssssssshield"]}],"is_beta":false,"boss_relics":[],"items_purged_floors":[],"is_endless":false,"potions_floor_spawned":[1,2,4],"killed_by":"Gremlin Nob","ascension_level":0,"is_humility":true}}