{"host":"sf9jac3ppl7h88gj","time":1613491248,"event":{"mods":["AchievementEnabler","Ascension Unlocker","BaseMod","Colored Map","Custom Start","Force Act Four","Minty Spire (QoL Compilation)","Replay The Spire","StSLib"],"gold_per_floor":[116,128,128,143,154,154,189,200,200,230,244,244,244,258,258,356,356,375,389,402,38,54,54,54,66,66,66,96,96,114,114,114,218,218,230,248,265,265,276,310,310,310,310,310,330,330,346,398,398,494,494,505,521,13,26,26,55,55,112,181,181,181,181,181,181,181,279,279,289,289,204,204,222,222,247,91,117,133,133,133,167,6,6,102,102,116,116,116],"floor_reached":87,"language":"ENG","playtime":56165,"items_purged":[],"score":1927,"play_id":"43e7b87a-7251-4062-8b21-ab6e39f52eb7","local_time":"20210216110048","is_ascension_mode":false,"campfire_choices":[{"data":"Defy Death","floor":6,"key":"SMITH"},{"floor":15,"key":"DIG"},{"floor":23,"key":"DIG"},{"data":"Barricade","floor":27,"key":"SMITH"},{"data":"Replay:Undeath\u0027s Touch","floor":27,"key":"SMITH"},{"data":"RitualDagger","floor":29,"key":"SMITH"},{"floor":32,"key":"DIG"},{"floor":42,"key":"DIG"},{"data":"Rage","floor":44,"key":"SMITH"},{"data":"Offering","floor":44,"key":"SMITH"},{"floor":49,"key":"DIG"},{"floor":58,"key":"DIG"},{"data":"ReplayTheSpireMod:Brewmster","floor":63,"key":"SMITH"},{"data":"Seeing Red","floor":63,"key":"SMITH"},{"floor":66,"key":"DIG"},{"floor":74,"key":"DIG"},{"data":"Entrench","floor":80,"key":"SMITH"},{"data":"DevaForm","floor":80,"key":"SMITH"},{"floor":83,"key":"DIG"}],"circlet_count":0,"master_deck":["MasterReality+1","Feed+1","Feed+1","Feed+1","White Noise+1","White Noise+1","White Noise+1","Clash+1","Defy Death+1","Replay:Undeath\u0027s Touch+1","Anger+1","Rampage+1","RitualDagger+1","Barricade+1","Life Link+1","Offering+1","Flex+1","Blind+1","Warcry+1","Rage+1","Seeing Red+1","ReplayTheSpireMod:Brewmster+1","Warcry","Self Repair+1","Berserk","Entrench","Entrench+1","DevaForm+1","Corpse Explosion"],"relics":["replay:Trail_Library","Potion Belt","Question Card","SacredBark","Singing Bowl","White Beast Statue","Unceasing Top","Replay:PocketPolymizer","Peace Pipe","Chameleon Ring","Blue Candle","Medical Kit","Prayer Wheel","Quantum Egg","Replay:Ringing Soul","Shovel","Blue Doll","The Courier","Anchor","Regal Pillow","Mummified Hand","Replay:Multitool","BranchBurnRelic","Pet Ghost","Pandora\u0027s Box","Art of War","Replay:Arrowhead","Kunai","War Paint","Du-Vu Doll","Coffee Dripper","Juzu Bracelet","ReplayFunnel","Tiny Chest","Replay:Rubber Ducky","StoneCalendar","Orichalcum","ChewingGum","replay:Trail_Library","Thread and Needle","Oddly Smooth Stone","Strawberry","Replay:Bottled Steam","Molten Egg 2","Iron Core","Pen Nib","Gremlin Horn","Omamori","Replay:Bottled Snecko","PrismaticShard","ReplayTheSpireMod:Lightbulb","Replay:Mystery Machine"],"acts_visited":["Exordium","TheCity","TheBeyond","Exordium","TheCity","TheBeyond"],"potions_floor_usage":[7,20,22,25,28,33,35,35,45,50,50,52,53,55,57,67,69,81,84,86,86,86,86],"damage_taken":[{"damage":0,"enemies":"2 Louse","floor":1,"turns":1},{"damage":17,"enemies":"Jaw Worm","floor":2,"turns":2},{"damage":0,"enemies":"Small Slimes","floor":4,"turns":1},{"damage":0,"enemies":"Gremlin Gang","floor":5,"turns":2},{"damage":18,"enemies":"Gremlin Nob","floor":7,"turns":3},{"damage":1,"enemies":"3 Louse","floor":8,"turns":2},{"damage":0,"enemies":"Replay:BlueRogue","floor":10,"turns":4},{"damage":0,"enemies":"Large Slime","floor":11,"turns":2},{"damage":0,"enemies":"Blue Slaver","floor":14,"turns":2},{"damage":0,"enemies":"Hexaghost","floor":16,"turns":2},{"damage":0,"enemies":"Chosen","floor":18,"turns":4},{"damage":13,"enemies":"Shell Parasite","floor":19,"turns":3},{"damage":7,"enemies":"Chosen and Byrds","floor":20,"turns":5},{"damage":4,"enemies":"3 Cultists","floor":22,"turns":3},{"damage":0,"enemies":"Snake Plant","floor":25,"turns":3},{"damage":3,"enemies":"Book of Stabbing","floor":28,"turns":3},{"damage":0,"enemies":"Chosen and Byrds","floor":30,"turns":3},{"damage":8,"enemies":"Collector","floor":33,"turns":7},{"damage":6,"enemies":"3 Darklings","floor":35,"turns":2},{"damage":6,"enemies":"3 Shapes","floor":36,"turns":1},{"damage":6,"enemies":"3 Darklings","floor":37,"turns":3},{"damage":39,"enemies":"Sphere and 2 Shapes","floor":39,"turns":3},{"damage":9,"enemies":"R_Hoarder","floor":40,"turns":6},{"damage":0,"enemies":"Jaw Worm Horde","floor":45,"turns":2},{"damage":8,"enemies":"3 Darklings","floor":47,"turns":2},{"damage":6,"enemies":"2 Orb Walkers","floor":48,"turns":4},{"damage":6,"enemies":"Replay:Hell Engine","floor":50,"turns":11},{"damage":0,"enemies":"2 Louse","floor":52,"turns":1},{"damage":0,"enemies":"Cultist","floor":53,"turns":2},{"damage":6,"enemies":"Small Slimes","floor":55,"turns":1},{"damage":0,"enemies":"Lagavulin","floor":57,"turns":2},{"damage":6,"enemies":"Lagavulin Event","floor":59,"turns":1},{"damage":6,"enemies":"Slime Boss","floor":67,"turns":1},{"damage":7,"enemies":"Chosen","floor":69,"turns":2},{"damage":0,"enemies":"Spheric Guardian","floor":73,"turns":1},{"damage":6,"enemies":"Book of Stabbing","floor":75,"turns":5},{"damage":8,"enemies":"Gremlin Leader","floor":77,"turns":4},{"damage":6,"enemies":"3 Cultists","floor":78,"turns":4},{"damage":6,"enemies":"Replay:Snechameleon","floor":81,"turns":6},{"damage":6,"enemies":"Collector","floor":84,"turns":8},{"damage":6,"enemies":"3 Shapes","floor":86,"turns":2},{"damage":6,"enemies":"Orb Walker","floor":87,"turns":3}],"seed_played":"3144561224225705300","potions_obtained":[{"floor":1,"key":"GamblersBrew"},{"floor":2,"key":"Elixir"},{"floor":4,"key":"Elixir"},{"floor":5,"key":"DuplicationPotion"},{"floor":7,"key":"Elixir"},{"floor":8,"key":"Explosive Potion"},{"floor":10,"key":"Block Potion"},{"floor":11,"key":"PowerPotion"},{"floor":20,"key":"SkillPotion"},{"floor":22,"key":"ElixirPotion"},{"floor":25,"key":"Toxic Potion"},{"floor":28,"key":"Adrenaline Potion"},{"floor":33,"key":"Weak Potion"},{"floor":35,"key":"ElixirPotion"},{"floor":36,"key":"Swift Potion"},{"floor":40,"key":"DuplicationPotion"},{"floor":45,"key":"LiquidBronze"},{"floor":47,"key":"Reflective Coating"},{"floor":48,"key":"DuplicationPotion"},{"floor":50,"key":"Strength Potion"},{"floor":52,"key":"Cursed Concoction"},{"floor":53,"key":"Energy Potion"},{"floor":55,"key":"FearPotion"},{"floor":57,"key":"BlessingOfTheForge"},{"floor":59,"key":"SteroidPotion"},{"floor":67,"key":"Block Potion"},{"floor":69,"key":"Milkshake"},{"floor":75,"key":"Venom Potion"},{"floor":81,"key":"AttackPotion"},{"floor":86,"key":"Explosive Potion"}],"is_trial":true,"path_per_floor":["M","M","?","M","M","R","E","M","T","E","M","?","R","M","R_BF","B",null,"M","M","M","$","M","R","?","M","T","R","E","R","M","?","R","B",null,"M","M","M","?","M","E","?","R","T","R","M","T","M","?","R","B",null,"M","M","$","M","?","E","R","?","T","?","?","R","?","?","R","B",null,"M","?","?","?","M","R","E","$","E","M","?","R","E","$","R","B",null,"M","M"],"character_chosen":"IRONCLAD","items_purchased":["Art of War","Replay:Arrowhead","Thread and Needle","Oddly Smooth Stone","ReplayTheSpireMod:Brewmster","PrismaticShard","Entrench","ReplayTheSpireMod:Lightbulb"],"campfire_rested":0,"item_purchase_floors":[21,21,54,54,54,76,76,82],"current_hp_per_floor":[92,89,82,101,124,124,115,132,132,140,154,157,158,166,166,168,168,176,177,188,188,207,207,204,224,224,227,233,233,242,242,242,243,245,254,266,270,273,256,256,256,256,256,259,282,282,284,289,289,310,322,334,338,341,345,345,351,358,364,364,367,370,370,370,370,370,373,373,381,381,381,381,385,385,391,394,396,409,409,409,411,411,411,418,418,430,424,424],"gold":116,"neow_bonus":"","is_daily":false,"chose_seed":false,"campfire_upgraded":10,"win_rate":0.0,"timestamp":1613491248,"path_taken":["M","M","?","M","M","R","E","M","T","E","M","?","R","M","R_BF","BOSS","M","M","M","$","M","R","?","M","T","R","E","R","M","?","R","BOSS","M","M","?","?","M","E","?","R","T","R","M","?","M","?","R","BOSS","M","M","$","M","?","E","R","?","T","?","?","R","?","?","R","BOSS","M","?","?","?","M","R","E","$","E","M","?","R","E","?","R","BOSS","M","M"],"items_purchased_type":["Relic","Relic","Relic","Relic","Card","Relic","Card","Relic"],"build_version":"2020-12-22","purchased_purges":0,"victory":false,"max_hp_per_floor":[92,100,100,113,130,130,133,145,145,147,155,158,158,166,166,168,168,176,184,196,196,213,213,216,224,224,227,233,233,242,242,242,245,245,254,266,270,273,289,292,292,292,292,295,307,307,311,316,316,322,322,334,338,341,345,345,351,358,364,364,367,370,370,370,370,370,373,373,381,381,381,381,385,385,391,394,396,409,409,409,411,411,411,418,418,430,430,430],"card_choices":[{"not_picked":["Inflame","Clothesline","Flex","ReplayReversal"],"picked":"Singing Bowl","floor":1},{"not_picked":["Metallicize","ReplayTheSpireMod:Stacked","Carnage","ReplayTheSpireMod:Muscle Training"],"picked":"Singing Bowl","floor":1},{"not_picked":["Replay:Undeath\u0027s Touch","Twin Strike","ReplayTheSpireMod:Corrosion Curse","Sword Boomerang"],"picked":"Singing Bowl","floor":2},{"not_picked":["Flex","Twin Strike","Cleave","ReplayTheSpireMod:Muscle Training"],"picked":"Singing Bowl","floor":2},{"not_picked":["Battle Trance","Shrug It Off","Run Through","Clash"],"picked":"Singing Bowl","floor":4},{"not_picked":["Iron Wave","Warcry","Heavy Blade"],"picked":"Clash","floor":4},{"not_picked":["Clothesline","Havoc","Sentinel"],"picked":"Defy Death","floor":5},{"not_picked":["Flame Barrier","Shrug It Off","Armaments","Replay:Undeath\u0027s Touch"],"picked":"Singing Bowl","floor":5},{"not_picked":["Burning Pact","Carnage","Berserk"],"picked":"Replay:Undeath\u0027s Touch","floor":7},{"not_picked":["Heavy Blade","Thunderclap","Pummel","Pommel Strike"],"picked":"Singing Bowl","floor":8},{"not_picked":["Heavy Blade","Body Slam","Wild Strike","ReplayTheSpireMod:Strike From Hell"],"picked":"Singing Bowl","floor":8},{"not_picked":["True Grit","Dark Embrace","Pommel Strike","Sword Boomerang"],"picked":"Singing Bowl","floor":10},{"not_picked":["Sword Boomerang","Eclipse","Flex","Clash"],"picked":"Singing Bowl","floor":11},{"not_picked":["Heavy Blade","Thunderclap","Replay:Undeath\u0027s Touch","Spot Weakness"],"picked":"Singing Bowl","floor":11},{"not_picked":["Power Through","Replay:Undeath\u0027s Touch","Blood for Blood","ReplayTheSpireMod:Strike From Hell"],"picked":"Singing Bowl","floor":14},{"not_picked":["Headbutt","Twin Strike","Shrug It Off","ReplayReversal"],"picked":"Singing Bowl","floor":14},{"not_picked":["Eclipse","Brutality","Impervious","Fiend Fire"],"picked":"Singing Bowl","floor":16},{"not_picked":["Spot Weakness+1","Armaments","Combust","Headbutt+1"],"picked":"Singing Bowl","floor":18},{"not_picked":["Twin Strike","Headbutt","Burning Pact","Combust+1"],"picked":"Singing Bowl","floor":18},{"not_picked":["Headbutt","Inflame","Replay:Undeath\u0027s Touch","Feel No Pain"],"picked":"Singing Bowl","floor":19},{"not_picked":["Warcry","Flex","Sentinel","Heavy Blade"],"picked":"Singing Bowl","floor":19},{"not_picked":["Run Through","ReplayTheSpireMod:Strike From Hell+1","Entrench+1","Havoc"],"picked":"Singing Bowl","floor":20},{"not_picked":["Demon Form","Thunderclap","Infernal Blade","Hemokinesis+1"],"picked":"Singing Bowl","floor":20},{"not_picked":["Warcry+1","Ghostly Armor","Blood for Blood+1","Anger+1"],"picked":"Singing Bowl","floor":22},{"not_picked":["Headbutt","ReplayReversal","Run Through"],"picked":"Rampage+1","floor":22},{"not_picked":["Sword Boomerang","Replay:Undeath\u0027s Touch","Power Through+1","Dark Embrace"],"picked":"Singing Bowl","floor":25},{"not_picked":["Heavy Blade","Perfected Strike","Replay:Undeath\u0027s Touch","Pommel Strike"],"picked":"Singing Bowl","floor":25},{"not_picked":["Reckless Charge","Entrench","Pommel Strike","Ghostly Armor"],"picked":"Singing Bowl","floor":28},{"not_picked":["Ghostly Armor+1","Flex+1","Metallicize"],"picked":"Life Link+1","floor":30},{"not_picked":["ReplayTheSpireMod:LeadingStrike+1","Bloodletting+1","Headbutt","Reckless Charge+1"],"picked":"Singing Bowl","floor":30},{"not_picked":["Barricade","Juggernaut","Fiend Fire"],"picked":"Offering","floor":33},{"not_picked":["Pommel Strike","Battle Trance+1","Dark Embrace+1","Armaments+1"],"picked":"Singing Bowl","floor":35},{"not_picked":["Disarm+1","Pommel Strike","Iron Wave"],"picked":"Flex+1","floor":35},{"not_picked":["Clash+1","Run Through+1","Iron Wave+1","Thunderclap"],"picked":"Singing Bowl","floor":36},{"not_picked":["Clothesline","Impervious","Replay:Undeath\u0027s Touch","Headbutt"],"picked":"Singing Bowl","floor":36},{"not_picked":["Heavy Blade+1","Sword Boomerang","Wild Strike+1","Anger"],"picked":"Singing Bowl","floor":37},{"not_picked":["Shrug It Off+1","Battle Trance+1","Twin Strike+1","Headbutt"],"picked":"Singing Bowl","floor":37},{"not_picked":["HandOfGreed","ReplayTheSpireMod:Trickstab","Forethought"],"picked":"Blind","floor":38},{"not_picked":["ReplayTheSpireMod:Corrosion Curse+1","Iron Wave+1","Massacre","Dark Embrace"],"picked":"Singing Bowl","floor":39},{"not_picked":["Cleave","Thunderclap+1","Clash+1","Rampage+1"],"picked":"Singing Bowl","floor":39},{"not_picked":["ReplayTheSpireMod:Muscle Training","Corruption","Inflame"],"picked":"Warcry+1","floor":40},{"not_picked":["Heavy Blade+1","Pommel Strike+1","Run Through+1","Iron Wave+1"],"picked":"Singing Bowl","floor":45},{"not_picked":["Bloodletting+1","Dark Embrace","Perfected Strike","True Grit"],"picked":"Singing Bowl","floor":45},{"not_picked":["Wild Strike+1","Shrug It Off","Iron Wave","Uppercut+1"],"picked":"Singing Bowl","floor":47},{"not_picked":["Pommel Strike+1","Havoc+1","Wild Strike+1","Replay:Undeath\u0027s Touch"],"picked":"Singing Bowl","floor":47},{"not_picked":["ReplayTheSpireMod:Strike From Hell","Havoc","Second Wind","ReplayReversal"],"picked":"Singing Bowl","floor":48},{"not_picked":["Brutality","Barricade","Corruption","Juggernaut"],"picked":"Singing Bowl","floor":50},{"not_picked":["Replay:Undeath\u0027s Touch","Iron Wave","Clash","Rage"],"picked":"Singing Bowl","floor":52},{"not_picked":["Pommel Strike","Pummel","Clash","Power Through"],"picked":"Singing Bowl","floor":52},{"not_picked":["Armaments","Headbutt","Clash","Combust"],"picked":"Singing Bowl","floor":53},{"not_picked":["Reaper","Uppercut","Metallicize","Warcry"],"picked":"Singing Bowl","floor":53},{"not_picked":["Heavy Blade","Sentinel","Perfected Strike","Hemokinesis"],"picked":"Singing Bowl","floor":55},{"not_picked":["True Grit","Iron Wave","Wild Strike","Perfected Strike"],"picked":"Singing Bowl","floor":55},{"not_picked":["Fiend Fire","Warcry","Run Through","Second Wind"],"picked":"Singing Bowl","floor":57},{"not_picked":["Cleave","Massacre","ReplayTheSpireMod:Limb From Limb","Shockwave"],"picked":"Singing Bowl","floor":59},{"not_picked":["Replay:Many Hands","ReplayTheSpireMod:Omega Cannon+1","Eclipse"],"picked":"Berserk","floor":67},{"not_picked":["Pommel Strike+1","Evolve+1","True Grit+1","Armaments"],"picked":"Singing Bowl","floor":69},{"not_picked":["Massacre+1","Dark Embrace+1","Anger+1","Flex"],"picked":"Singing Bowl","floor":69},{"not_picked":["ReplayTheSpireMod:Strike From Hell+1","Heavy Blade+1","Life Link","Iron Wave+1"],"picked":"Singing Bowl","floor":73},{"not_picked":["Shrug It Off+1","Uppercut+1","ReplayTheSpireMod:Muscle Training+1","ReplayTheSpireMod:Strike From Hell+1"],"picked":"Singing Bowl","floor":73},{"not_picked":["Defy Death","Perfected Strike+1","Rupture","Clash+1"],"picked":"Singing Bowl","floor":75},{"not_picked":["Hello World","Turbo+1","Redo","Sword Boomerang+1"],"picked":"Singing Bowl","floor":77},{"not_picked":["Consecrate+1","Ball Lightning+1","Clothesline+1"],"picked":"DevaForm","floor":78},{"not_picked":["Backflip+1","Blood for Blood+1","Power Through+1","ReplayTheSpireMod:Scrap Shanks"],"picked":"Singing Bowl","floor":78},{"not_picked":["Wallop+1","Hello World+1","True Grit","Bouncing Flask"],"picked":"Singing Bowl","floor":81},{"not_picked":["Berserk","Bullet Time","Juggernaut"],"picked":"Corpse Explosion","floor":84},{"not_picked":["Footwork","Escape Plan+1","Panic Button","BowlingBash+1"],"picked":"Singing Bowl","floor":86},{"not_picked":["Backflip+1","Panic Button+1","Dark Embrace","Jack Of All Trades+1"],"picked":"Singing Bowl","floor":86}],"player_experience":1244695,"relics_obtained":[{"floor":7,"key":"Regal Pillow"},{"floor":9,"key":"Mummified Hand"},{"floor":10,"key":"Replay:Multitool"},{"floor":15,"key":"Pet Ghost"},{"floor":23,"key":"Kunai"},{"floor":28,"key":"War Paint"},{"floor":32,"key":"Du-Vu Doll"},{"floor":40,"key":"Juzu Bracelet"},{"floor":42,"key":"ReplayFunnel"},{"floor":43,"key":"Tiny Chest"},{"floor":46,"key":"Replay:Rubber Ducky"},{"floor":48,"key":"StoneCalendar"},{"floor":49,"key":"Orichalcum"},{"floor":58,"key":"Strawberry"},{"floor":59,"key":"Replay:Bottled Steam"},{"floor":60,"key":"Molten Egg 2"},{"floor":66,"key":"Gremlin Horn"},{"floor":74,"key":"Replay:Bottled Snecko"},{"floor":83,"key":"Replay:Mystery Machine"}],"event_choices":[{"damage_healed":0,"gold_gain":0,"player_choice":"Success","damage_taken":7,"relics_obtained":["Anchor"],"max_hp_gain":0,"max_hp_loss":0,"event_name":"Scrap Ooze","floor":3,"gold_loss":0},{"damage_healed":0,"gold_gain":0,"player_choice":"Grow","damage_taken":0,"max_hp_gain":0,"max_hp_loss":0,"event_name":"Living Wall","floor":12,"gold_loss":0,"cards_upgraded":["Anger"]},{"damage_healed":0,"gold_gain":0,"player_choice":"Joined the Cult","damage_taken":6,"max_hp_gain":0,"max_hp_loss":0,"event_name":"Nest","floor":24,"gold_loss":0,"cards_obtained":["RitualDagger"]},{"damage_healed":0,"gold_gain":0,"player_choice":"Ignored","damage_taken":0,"max_hp_gain":0,"max_hp_loss":0,"event_name":"Transmorgrifier","floor":31,"gold_loss":0},{"damage_healed":0,"gold_gain":0,"player_choice":"Memory 1","damage_taken":0,"max_hp_gain":0,"max_hp_loss":0,"event_name":"SensoryStone","floor":38,"gold_loss":0},{"damage_healed":0,"gold_gain":0,"player_choice":"Fight","damage_taken":0,"max_hp_gain":0,"max_hp_loss":0,"event_name":"Mysterious Sphere","floor":48,"gold_loss":0},{"damage_healed":0,"gold_gain":0,"player_choice":"Searched \u00272\u0027 times","damage_taken":0,"max_hp_gain":0,"max_hp_loss":0,"event_name":"Dead Adventurer","floor":59,"gold_loss":0},{"cards_removed":["Feel No Pain"],"damage_healed":0,"gold_gain":0,"player_choice":"Purged","damage_taken":0,"max_hp_gain":0,"max_hp_loss":0,"event_name":"Purifier","floor":61,"gold_loss":0},{"damage_healed":0,"gold_gain":0,"player_choice":"Gave Potion","damage_taken":0,"relics_obtained":["Pen Nib"],"max_hp_gain":0,"max_hp_loss":0,"event_name":"WeMeetAgain","floor":64,"gold_loss":0},{"damage_healed":0,"gold_gain":0,"player_choice":"Ignored","damage_taken":0,"max_hp_gain":0,"max_hp_loss":0,"event_name":"NoteForYourself","floor":65,"gold_loss":0},{"damage_healed":0,"gold_gain":0,"player_choice":"Ignored","damage_taken":0,"max_hp_gain":0,"max_hp_loss":0,"event_name":"Beggar","floor":70,"gold_loss":0},{"damage_healed":0,"gold_gain":0,"player_choice":"Obtained Relic","damage_taken":0,"relics_obtained":["Omamori"],"max_hp_gain":0,"max_hp_loss":0,"event_name":"Addict","floor":71,"gold_loss":85},{"damage_healed":126,"gold_gain":0,"player_choice":"Heal","damage_taken":0,"max_hp_gain":0,"max_hp_loss":0,"event_name":"The Library","floor":72,"gold_loss":0},{"damage_healed":0,"gold_gain":0,"player_choice":"Simplicity","damage_taken":0,"max_hp_gain":0,"max_hp_loss":0,"event_name":"Back to Basics","floor":79,"gold_loss":0,"cards_upgraded":[]}],"is_beta":false,"boss_relics":[{"not_picked":["Kintsugi","Snecko Eye"],"picked":"Pandora\u0027s Box"},{"not_picked":["Replay:Ancient Bell","ReplayTheSpireMod:DimensionalGlitch"],"picked":"Coffee Dripper"},{"not_picked":["Honey Jar","Tiny House"],"picked":"ChewingGum"},{"not_picked":["Sozu","Velvet Choker","Ooze Armor"]},{"not_picked":["Electric Blood","Busted Crown","Snecko Eye"]}],"items_purged_floors":[],"is_endless":true,"potions_floor_spawned":[1,2,4,5,7,8,10,11,14,16,18,19,20,22,25,28,30,33,35,36,37,39,40,45,47,48,50,52,53,55,57,59,67,69,73,75,77,78,81,84,86],"killed_by":"Orb Walker","ascension_level":0}}