{"host":"gf8hyl7jhl0is674","time":1613507923,"event":{"mods":["2.2 Compatiblity","Act Like it!","BaseMod","CapriCore","Chen","Colored Map","Gensokyo","Hallownest","KinomotoSakuraMod(????)","Koishi","Marisa????????","Minty Spire (QoL Compilation)","Permanent Neow","Reimu??????","StSLib","The Administrix","The Blue Laboratory","The Immortal","The Servant 0.9.4","Waifu the Spire"],"gold_per_floor":[112,112,112,112,129,129,54,54,54,54,65,78,78,95,95,190,190,204,57,57,57,7,36,36,50,101,127,27,62,162,162,162,264,264,275,275,275,117,130,164,164,193,193,203,223,240,258,258,258,258,258,258,16,50,50],"floor_reached":56,"language":"ENG","playtime":3782,"items_purged":["Strike_S","Shame","Snipe"],"score":1501,"play_id":"8d7d5b2a-23b1-4e86-97c3-10b6ad5dcf9e","local_time":"20210216133843","is_ascension_mode":false,"campfire_choices":[{"data":"Misdirection","floor":6,"key":"SMITH"},{"data":"Defend_S","floor":8,"key":"SMITH"},{"data":"1","floor":10,"key":"LIFT"},{"data":"2","floor":15,"key":"LIFT"},{"data":"3","floor":24,"key":"LIFT"},{"floor":32,"key":"REST"},{"floor":41,"key":"RECALL"},{"data":"Hightail","floor":49,"key":"SMITH"},{"data":"TheWorld","floor":52,"key":"SMITH"}],"circlet_count":0,"master_deck":["Defend_S+1","Defend_S+1","Exchange+1","Starlight+1","Misdirection+1","SilverBlades+1","Defy+1","Potential+1","SoulSculpture","TimeWarp+1","TimeTheft","RealityMarble+1","Hightail+1","Gensokyo:ShootingStar","TheWorld+1","Gensokyo:UnhurriedMind+1","Moonlight","Desolation+1","FastForward+1","WasteNot","Reset+1","ShiftingGears+1"],"relics":["Uniform","Gensokyo:Mercy","Girya","Sozu","War Paint","White Beast Statue","Oddly Smooth Stone","Strawberry","Prayer Wheel","Pocketwatch","Gensokyo:RedStar","Coffee Dripper","Bottled Lightning","Gambling Chip","RuthlessExorcism:ReiMu","Gensokyo:TheCrow","Ornamental Fan","Pear"],"acts_visited":["Gensokyo:Gensokyo","Gensokyo:Gensokyoer","Gensokyo:Gensokyoest","TheEnding"],"potions_floor_usage":[27,33],"damage_taken":[{"damage":7,"enemies":"Gensokyo:Python","floor":1,"turns":5},{"damage":0,"enemies":"Gensokyo:3_Fairies","floor":5,"turns":3},{"damage":0,"enemies":"Gensokyo:2_Kodama","floor":11,"turns":1},{"damage":2,"enemies":"Gensokyo:2_Rabbits","floor":12,"turns":2},{"damage":4,"enemies":"Gensokyo:CorruptedTreant","floor":14,"turns":3},{"damage":0,"enemies":"Gensokyo:Reimu","floor":16,"turns":6},{"damage":0,"enemies":"Gensokyo:Chomper","floor":18,"turns":2},{"damage":31,"enemies":"Gensokyo:Reisen","floor":23,"turns":6},{"damage":12,"enemies":"Gensokyo:3_Dogs","floor":25,"turns":3},{"damage":5,"enemies":"Gensokyo:Koishi","floor":27,"turns":5},{"damage":6,"enemies":"Gensokyo:Reisen","floor":29,"turns":5},{"damage":10,"enemies":"Gensokyo:Reisen","floor":30,"turns":5},{"damage":5,"enemies":"Gensokyo:Kaguya","floor":33,"turns":7},{"damage":0,"enemies":"Gensokyo:AncientGuardian","floor":35,"turns":3},{"damage":0,"enemies":"Gensokyo:AncientGuardian","floor":37,"turns":7},{"damage":0,"enemies":"Gensokyo:3_Boulders","floor":39,"turns":3},{"damage":2,"enemies":"Gensokyo:Marisa","floor":40,"turns":3},{"damage":0,"enemies":"Gensokyo:Kasen","floor":42,"turns":4},{"damage":0,"enemies":"Gensokyo:Sharpion","floor":44,"turns":2},{"damage":0,"enemies":"Gensokyo:Rafflesia","floor":45,"turns":3},{"damage":0,"enemies":"Gensokyo:SeedOfUnknown","floor":46,"turns":3},{"damage":0,"enemies":"Gensokyo:Dusk_and_Dawn","floor":47,"turns":2},{"damage":2,"enemies":"Gensokyo:Scarlet_Devils","floor":50,"turns":4},{"damage":0,"enemies":"Shield and Spear","floor":54,"turns":4},{"damage":6,"enemies":"The Heart","floor":55,"turns":6}],"seed_played":"-5189843437540628972","potions_obtained":[{"floor":1,"key":"blueLaboratory:ArtificerPotion"},{"floor":11,"key":"AttackPotion"},{"floor":14,"key":"GrandPatriotsElixir:ReiMu"}],"is_trial":false,"path_per_floor":["M","?","?","?","M","R","$","R","T","R","M","M","$","M","R","B",null,"M","$","$","?","?","E","R","M","T","E","$","E","?","?","R","B",null,"M","?","?","$","M","E","R","E","T","M","M","M","M","?","R","B",null,"R","$","E","B",null],"character_chosen":"THE_SERVANT","items_purchased":["War Paint","Moonlight","Ornamental Fan"],"campfire_rested":1,"item_purchase_floors":[19,38,53],"current_hp_per_floor":[52,52,30,30,30,30,30,30,30,30,30,28,28,24,24,24,59,59,59,59,59,66,35,35,23,23,18,18,19,9,9,30,61,73,73,63,63,63,63,61,61,61,61,61,61,61,61,61,61,59,73,73,73,83,77],"gold":50,"neow_bonus":"REMOVE_TWO","is_daily":false,"chose_seed":false,"campfire_upgraded":4,"win_rate":0.0,"timestamp":1613507923,"path_taken":["M","?","?","?","M","R","$","R","T","R","M","M","?","?","R","BOSS","M","?","$","?","?","E","R","?","T","E","?","E","?","?","R","BOSS","M","?","?","$","?","E","R","E","T","M","?","M","M","?","R","BOSS","R","$","E","BOSS"],"items_purchased_type":["Relic","Card","Relic"],"build_version":"2020-12-22","purchased_purges":3,"victory":true,"max_hp_per_floor":[59,59,59,59,59,59,59,59,59,59,59,59,59,59,59,59,59,59,59,59,59,66,66,66,66,66,66,66,73,73,73,73,73,73,73,73,73,73,73,73,73,73,73,73,73,73,73,73,73,73,73,73,73,83,83],"card_choices":[{"not_picked":["GearUp","RealityMarble"],"picked":"Starlight","floor":1},{"not_picked":["Rearm","RealityMarble"],"picked":"Misdirection","floor":5},{"not_picked":["Alleviate","Rewind"],"picked":"SilverBlades","floor":11},{"not_picked":["Spin","Moondial"],"picked":"Defy","floor":12},{"not_picked":["Starlight","Embodiment"],"picked":"Potential","floor":14},{"not_picked":["Solidify","LightFlow"],"picked":"SoulSculpture","floor":16},{"not_picked":["Defy","Rearm"],"picked":"TimeWarp+1","floor":18},{"not_picked":["Rearm","Unruled"],"picked":"Snipe","floor":23},{"not_picked":["Unruled","TimeWarp"],"picked":"TimeTheft","floor":25},{"not_picked":["Alleviate","Contraction"],"picked":"RealityMarble+1","floor":27},{"not_picked":["FloweringNight","Spin","DoubleEdge"],"picked":"SKIP","floor":29},{"not_picked":["Potential","Rewind"],"picked":"Hightail","floor":30},{"not_picked":[],"picked":"Gensokyo:ShootingStar","floor":33},{"not_picked":["Solidify","ForgedInTime"],"picked":"TheWorld","floor":33},{"not_picked":["Potential+1","Starlight","Hightail"],"picked":"SKIP","floor":35},{"not_picked":["Rewind+1","Starlight","Unruled"],"picked":"SKIP","floor":35},{"not_picked":["Gensokyo:UnlikelyAid+1","Gensokyo:HouraiInAPot+1"],"picked":"Gensokyo:UnhurriedMind+1","floor":37},{"not_picked":["Ricochet","Collapse+1","TimeWarp+1"],"picked":"SKIP","floor":39},{"not_picked":["Replace","PendulumOfEternity","Rearm"],"picked":"SKIP","floor":39},{"not_picked":["Alleviate+1","TrueSight","Starlight"],"picked":"SKIP","floor":40},{"not_picked":["TimeWarp","Deadline+1"],"picked":"Desolation+1","floor":42},{"not_picked":["DoubleEdge+1","Revamp+1","FanOfKnives"],"picked":"SKIP","floor":44},{"not_picked":["Shuttle","Starlight+1","DoubleEdge+1"],"picked":"SKIP","floor":44},{"not_picked":["Spin","DoubleEdge"],"picked":"FastForward+1","floor":45},{"not_picked":["DoubleEdge+1","Replace+1"],"picked":"WasteNot","floor":45},{"not_picked":["Deadline","Alleviate"],"picked":"Reset+1","floor":46},{"not_picked":["Ricochet","Reset+1"],"picked":"ShiftingGears+1","floor":46},{"not_picked":["ShiftingGears","ShatteredReality+1","Rearm"],"picked":"SKIP","floor":47},{"not_picked":["Alleviate+1","TimeWarp","ForgedInTime"],"picked":"SKIP","floor":47},{"not_picked":["ShatteredReality+1","Barrier+1","WasteNot+1"],"picked":"SKIP","floor":54}],"player_experience":443323,"relics_obtained":[{"floor":9,"key":"Girya"},{"floor":23,"key":"White Beast Statue"},{"floor":27,"key":"Oddly Smooth Stone"},{"floor":29,"key":"Strawberry"},{"floor":30,"key":"Prayer Wheel"},{"floor":30,"key":"Pocketwatch"},{"floor":40,"key":"Bottled Lightning"},{"floor":42,"key":"Gambling Chip"},{"floor":43,"key":"RuthlessExorcism:ReiMu"},{"floor":54,"key":"Pear"}],"event_choices":[],"is_beta":false,"boss_relics":[{"not_picked":["Philosopher\u0027s Stone","Tiny House"],"picked":"Sozu"},{"not_picked":["RedLine:ReiMu","Astrolabe"],"picked":"Coffee Dripper"}],"items_purged_floors":[7,28,38],"is_endless":false,"potions_floor_spawned":[1,11,14,25,27,29,30,33,35,39,40,42,44,45,46,47,54],"ascension_level":0}}