{"host":"sccdx89hs6cnwb1o","time":1613510025,"event":{"mods":["AchievementEnabler","BaseMod","Block Reminder","Colored Powertips","Highlight Path","Minty Spire (QoL Compilation)","Rare Cards Sparkle"],"gold_per_floor":[112,130,130,144,158,158,169,203,256,256,287,300,335,186,186,286,286,296,267,84,9,9,9,25,25,70,87,2,2,12,30,30,133,133,145,200,200,37,37,51,51,1,1,1,14,14,14,42,42,42,42,42,4,35,35,35],"floor_reached":55,"language":"DEU","playtime":7552,"items_purged":["Strike_B","Writhe"],"score":715,"play_id":"88e21d0e-070c-4020-adf8-6f2bbade1d63","local_time":"20210216221345","is_ascension_mode":false,"campfire_choices":[{"floor":6,"key":"RECALL"},{"data":"Defragment","floor":10,"key":"SMITH"},{"data":"Zap","floor":15,"key":"SMITH"},{"data":"Apotheosis","floor":23,"key":"SMITH"},{"data":"Echo Form","floor":25,"key":"SMITH"},{"data":"Conserve Battery","floor":29,"key":"SMITH"},{"data":"Defragment","floor":32,"key":"SMITH"},{"floor":41,"key":"REST"},{"data":"Creative AI","floor":44,"key":"SMITH"},{"data":"Lockon","floor":47,"key":"SMITH"},{"data":"Hologram","floor":49,"key":"SMITH"},{"data":"Coolheaded","floor":52,"key":"SMITH"}],"circlet_count":0,"master_deck":["Strike_B","Strike_B","Defend_B","Defend_B","Defend_B","Zap+1","Dualcast","Leap","Conserve Battery+1","Coolheaded+1","Coolheaded","Defragment+1","FTL","Cold Snap","Creative AI+1","Self Repair","Echo Form+1","Lockon+1","Hologram+1","Apotheosis+1","Stack","Hologram+1","Defragment+1","Amplify","Glacier","Go for the Eyes+1","Double Energy+1","Loop","Redo"],"relics":["Cracked Core","Bronze Scales","Eternal Feather","Strawberry","Blood Vial","Bottled Lightning","Inserter","WingedGreaves","PreservedInsect","White Beast Statue","Nuclear Battery","Lizard Tail","Membership Card","Toy Ornithopter","Lantern"],"acts_visited":["Exordium","TheCity","TheBeyond","TheEnding"],"potions_floor_usage":[33,36,50,50,55,55],"damage_taken":[{"damage":0,"enemies":"Cultist","floor":1,"turns":3},{"damage":7,"enemies":"2 Louse","floor":2,"turns":3},{"damage":0,"enemies":"Small Slimes","floor":4,"turns":3},{"damage":0,"enemies":"Blue Slaver","floor":5,"turns":5},{"damage":0,"enemies":"3 Louse","floor":7,"turns":4},{"damage":8,"enemies":"3 Sentries","floor":8,"turns":16},{"damage":0,"enemies":"Lagavulin","floor":11,"turns":7},{"damage":3,"enemies":"2 Fungi Beasts","floor":12,"turns":3},{"damage":17,"enemies":"Gremlin Nob","floor":13,"turns":5},{"damage":26,"enemies":"Slime Boss","floor":16,"turns":10},{"damage":8,"enemies":"Shell Parasite","floor":18,"turns":6},{"damage":14,"enemies":"2 Thieves","floor":19,"turns":5},{"damage":29,"enemies":"Centurion and Healer","floor":24,"turns":6},{"damage":20,"enemies":"Snake Plant","floor":27,"turns":3},{"damage":12,"enemies":"3 Cultists","floor":30,"turns":6},{"damage":5,"enemies":"Snecko","floor":31,"turns":7},{"damage":1,"enemies":"Automaton","floor":33,"turns":13},{"damage":6,"enemies":"Orb Walker","floor":35,"turns":3},{"damage":69,"enemies":"2 Orb Walkers","floor":36,"turns":8},{"damage":13,"enemies":"3 Darklings","floor":40,"turns":11},{"damage":28,"enemies":"4 Shapes","floor":45,"turns":5},{"damage":0,"enemies":"Giant Head","floor":48,"turns":11},{"damage":2,"enemies":"Donu and Deca","floor":50,"turns":13},{"damage":55,"enemies":"Shield and Spear","floor":54,"turns":10},{"damage":107,"enemies":"The Heart","floor":55,"turns":14}],"seed_played":"1582955785218715601","potions_obtained":[{"floor":1,"key":"Dexterity Potion"},{"floor":2,"key":"Swift Potion"},{"floor":11,"key":"SpeedPotion"},{"floor":12,"key":"FearPotion"},{"floor":33,"key":"EssenceOfSteel"},{"floor":36,"key":"LiquidBronze"},{"floor":48,"key":"GamblersBrew"},{"floor":54,"key":"SteroidPotion"}],"is_trial":false,"path_per_floor":["M","M","?","M","M","R","M","E","T","R","E","M","E","$","R","B",null,"M","M","$","?","?","R","M","R","T","M","?","R","M","M","R","B",null,"M","?","?","$","?","M","R","$","T","R","M","?","R","E","R","B",null,"R","$","E","B"],"character_chosen":"DEFECT","items_purchased":["Self Repair","Apotheosis","Membership Card","Glacier","Loop"],"campfire_rested":1,"item_purchase_floors":[14,20,38,38,53],"current_hp_per_floor":[82,75,75,75,75,75,75,67,74,83,83,82,67,67,76,52,89,88,82,82,82,82,89,70,82,82,71,71,83,80,87,89,89,89,89,30,30,30,30,33,73,73,73,85,67,67,82,84,85,83,85,85,85,40,0,0],"gold":35,"neow_bonus":"TEN_PERCENT_HP_BONUS","is_daily":false,"chose_seed":false,"campfire_upgraded":10,"win_rate":0.0,"timestamp":1613510025,"path_taken":["M","?","?","M","M","R","M","E","T","R","E","M","E","$","R","BOSS","M","M","$","?","?","R","M","R","T","M","?","R","M","M","R","BOSS","M","?","?","$","?","M","R","$","T","R","M","?","R","E","R","BOSS","R","$","E","BOSS"],"items_purchased_type":["Card","Card","Relic","Card","Card"],"build_version":"2020-12-22","purchased_purges":2,"victory":false,"max_hp_per_floor":[82,82,82,82,82,82,82,82,89,89,89,89,89,89,89,89,89,89,89,89,89,89,89,89,89,89,89,89,89,89,89,89,89,89,89,89,89,89,85,85,85,85,85,85,85,85,85,85,85,85,85,85,85,85,85,85],"card_choices":[{"not_picked":["Reprogram","Streamline"],"picked":"Leap","floor":1},{"not_picked":["Compile Driver","Leap"],"picked":"Conserve Battery","floor":2},{"not_picked":["Reprogram","Gash"],"picked":"Coolheaded","floor":4},{"not_picked":["Rebound","Sweeping Beam"],"picked":"Coolheaded","floor":5},{"not_picked":["Stack","Loop"],"picked":"Defragment","floor":7},{"not_picked":["Streamline","Turbo"],"picked":"FTL","floor":8},{"not_picked":["Gash","Conserve Battery"],"picked":"Cold Snap","floor":11},{"not_picked":["Turbo","Ball Lightning"],"picked":"Creative AI","floor":12},{"not_picked":["Rebound","Scrape","Rip and Tear"],"picked":"SKIP","floor":13},{"not_picked":["All For One","Creative AI"],"picked":"Echo Form","floor":16},{"not_picked":["Beam Cell","Storm"],"picked":"Lockon","floor":18},{"not_picked":["Rebound","Steam"],"picked":"Hologram","floor":19},{"not_picked":["Force Field","Redo"],"picked":"Stack","floor":24},{"not_picked":["Rip and Tear","Streamline"],"picked":"Hologram+1","floor":27},{"not_picked":["Steam","Chill"],"picked":"Defragment","floor":30},{"not_picked":["Steam","Genetic Algorithm","Beam Cell"],"picked":"SKIP","floor":31},{"not_picked":["Meteor Strike","Rainbow"],"picked":"Amplify","floor":33},{"not_picked":["Streamline+1","Rebound","Cold Snap+1"],"picked":"SKIP","floor":35},{"not_picked":["Fission","Auto Shields+1"],"picked":"Go for the Eyes+1","floor":40},{"not_picked":["Streamline+1","White Noise+1"],"picked":"Double Energy+1","floor":45},{"not_picked":["Undo","Echo Form","Redo"],"picked":"SKIP","floor":48},{"not_picked":["Hologram+1","Force Field"],"picked":"Redo","floor":54}],"player_experience":68189,"relics_obtained":[{"floor":3,"key":"Bronze Scales"},{"floor":8,"key":"Eternal Feather"},{"floor":9,"key":"Strawberry"},{"floor":11,"key":"Blood Vial"},{"floor":13,"key":"Bottled Lightning"},{"floor":26,"key":"PreservedInsect"},{"floor":36,"key":"Lizard Tail"},{"floor":48,"key":"Toy Ornithopter"},{"floor":54,"key":"Lantern"}],"event_choices":[{"damage_healed":0,"gold_gain":0,"player_choice":"Relic","damage_taken":0,"max_hp_gain":0,"max_hp_loss":0,"event_name":"Wheel of Change","floor":3,"gold_loss":0},{"cards_removed":["Defend_B"],"damage_healed":0,"gold_gain":0,"player_choice":"Gave Gold","damage_taken":0,"max_hp_gain":0,"max_hp_loss":0,"event_name":"Beggar","floor":21,"gold_loss":75},{"damage_healed":0,"gold_gain":0,"player_choice":"Opened","damage_taken":0,"relics_obtained":["WingedGreaves"],"max_hp_gain":0,"max_hp_loss":0,"event_name":"The Mausoleum","floor":22,"gold_loss":0,"cards_obtained":["Writhe"]},{"damage_healed":0,"gold_gain":0,"player_choice":"Obtained Relic","damage_taken":0,"relics_obtained":["White Beast Statue"],"max_hp_gain":0,"max_hp_loss":0,"event_name":"Addict","floor":28,"gold_loss":85},{"damage_healed":0,"gold_gain":0,"player_choice":"Fight","damage_taken":0,"max_hp_gain":0,"max_hp_loss":0,"event_name":"Mysterious Sphere","floor":36,"gold_loss":0},{"damage_healed":0,"gold_gain":0,"player_choice":"Ignored","damage_taken":0,"max_hp_gain":0,"max_hp_loss":0,"event_name":"The Moai Head","floor":37,"gold_loss":0},{"damage_healed":0,"gold_gain":0,"player_choice":"Max HP","damage_taken":0,"max_hp_gain":0,"max_hp_loss":4,"event_name":"Winding Halls","floor":39,"gold_loss":0},{"cards_removed":["Strike_B"],"damage_healed":0,"gold_gain":0,"player_choice":"Removed Attack","damage_taken":0,"max_hp_gain":0,"max_hp_loss":0,"event_name":"Falling","floor":46,"gold_loss":0}],"is_beta":false,"boss_relics":[{"not_picked":["Coffee Dripper","Runic Dome"],"picked":"Inserter"},{"not_picked":["Runic Pyramid","Cursed Key"],"picked":"Nuclear Battery"}],"items_purged_floors":[14,42],"is_endless":false,"potions_floor_spawned":[1,2,11,12,18,27,30,31,33,35,36,40,45,48,54],"killed_by":"The Heart","ascension_level":0}}