{"host":"3goc4eg48gs58qxk","time":1613476805,"event":{"mods":["BaseMod","Better Note","Downfall","Minty Spire (QoL Compilation)","MostiFishMod","StSLib","Waifu the Spire"],"gold_per_floor":[99,110,110,125,142,203,230,380,397,497,517,544,244,574,594,693,693,693,711,725,743,754,754,809,840,859,872,802,820,820,820,838,936,936,936,947,960,960,960,989,1001,470,481,491,491,215,232,262,275,275,275,300,24,24,24,24],"floor_reached":57,"language":"ZHS","playtime":7734,"items_purged":["downfall:Icky","bronze:Strike","bronze:Strike","bronze:Strike"],"score":1525,"play_id":"ae612f15-7e41-40c3-8491-d21ced22a614","local_time":"20210216200005","is_ascension_mode":false,"campfire_choices":[{"floor":1.0,"key":"RECALL"},{"data":"bronze:Goto","floor":13.0,"key":"SMITH"},{"data":"bronze:HardenedForm","floor":18,"key":"SMITH"},{"data":"bronze:Format","floor":23,"key":"SMITH"},{"data":"bronze:FineTuning","floor":30,"key":"SMITH"},{"data":"bronze:FindAndReplace","floor":35,"key":"SMITH"},{"data":"bronze:Goto","floor":45,"key":"SMITH"},{"data":"bronze:Verify","floor":54,"key":"SMITH"}],"circlet_count":0,"master_deck":["bronze:Strike","bronze:Defend","bronze:Defend","bronze:Defend","bronze:Defend","bronze:Replicate","bronze:Goto+1","bronze:ChosenStrike","bronze:Overheat","bronze:ClassDefault","bronze:Goto+1","bronze:FineTuning+1","bronze:CloningBeam","bronze:HardenedForm+1","Flash of Steel","Clumsy","bronze:Terminator","bronze:HyperBeam","bronze:Turbo","bronze:Format+1","bronze:Assembly+1","bronze:Repulsor","bronze:FindAndReplace+1","bronze:Verify+1","bronze:Optimize","expansioncontent:GuardianWhirl","bronze:FineTuning+1","bronze:Philosophize+1"],"relics":["DaveBox","EGODaCapo","JellyFishMachine","champ:DuelingGlove","ArrowTower","downfall:GremlinSack","bronze:SilverBullet","downfall:HeartBlessingRed","downfall:HeartBlessingGreen","downfall:HeartBlessingBlue","Old Coin","RhineSuit","Akabeko","Prayer Wheel","Centennial Puzzle","Runic Dome","CaptainsWheel","MawBank","Dream Catcher","OrangePellets","Omamori","Pen Nib","Lantern","Potion Belt","ThornShield"],"acts_visited":["Exordium","TheCity","TheBeyond","TheEnding"],"potions_floor_usage":[28,28,56,56,56],"damage_taken":[{"damage":1.0,"enemies":"Jaw Worm","floor":2.0,"turns":3.0},{"damage":1.0,"enemies":"2 Louse","floor":4.0,"turns":2.0},{"damage":0.0,"enemies":"Small Slimes","floor":5.0,"turns":2.0},{"damage":8.0,"enemies":"Lagavulin Event","floor":6.0,"turns":4.0},{"damage":0.0,"enemies":"Gremlin Gang","floor":9.0,"turns":3.0},{"damage":10.0,"enemies":"Gremlin Gang","floor":10.0,"turns":4.0},{"damage":1.0,"enemies":"3 Louse","floor":11.0,"turns":2.0},{"damage":0.0,"enemies":"Gremlin Nob","floor":12.0,"turns":2.0},{"damage":0.0,"enemies":"3 Sentries","floor":14.0,"turns":4.0},{"damage":0.0,"enemies":"downfall:LooterAlt","floor":15.0,"turns":2.0},{"damage":4.0,"enemies":"IC_STATUS_ARCHETYPE","floor":16.0,"turns":3.0},{"damage":0,"enemies":"Shell Parasite","floor":19,"turns":3},{"damage":4,"enemies":"downfall:LooterAlt2","floor":20,"turns":3},{"damage":0,"enemies":"Sentry and Sphere","floor":21,"turns":3},{"damage":9,"enemies":"Snake Plant","floor":22,"turns":2},{"damage":0,"enemies":"Gremlin Leader","floor":25,"turns":4},{"damage":0,"enemies":"Snecko","floor":26,"turns":2},{"damage":0,"enemies":"Cultist and Chosen","floor":27,"turns":4},{"damage":0,"enemies":"downfall:FleeingMerchant","floor":28,"turns":4},{"damage":0,"enemies":"Snake Plant","floor":29,"turns":2},{"damage":11,"enemies":"Shelled Parasite and Fungi","floor":32,"turns":2},{"damage":0,"enemies":"WA_ARCHETYPE_CALM","floor":33,"turns":4},{"damage":0,"enemies":"Orb Walker","floor":36,"turns":1},{"damage":0,"enemies":"3 Darklings","floor":37,"turns":3},{"damage":35,"enemies":"Nemesis","floor":40,"turns":3},{"damage":8,"enemies":"Jaw Worm Horde","floor":43,"turns":2},{"damage":0,"enemies":"Sphere and 2 Shapes","floor":44,"turns":2},{"damage":0,"enemies":"3 Darklings","floor":47,"turns":2},{"damage":0,"enemies":"Giant Head","floor":48,"turns":4},{"damage":0,"enemies":"Spire Growth","floor":49,"turns":1},{"damage":0,"enemies":"DF_ARCHETYPE_ORBS","floor":50,"turns":4},{"damage":0,"enemies":"downfall:CharBossMerchant","floor":52,"turns":6},{"damage":0,"enemies":"downfall:NeowBoss","floor":55,"turns":8},{"damage":18,"enemies":"downfall:NeowBossFinal","floor":56,"turns":6}],"seed_played":"15764878970280766","potions_obtained":[{"floor":2.0,"key":"Strength Potion"},{"floor":5.0,"key":"DuplicationPotion"},{"floor":6.0,"key":"SpeedPotion"},{"floor":9.0,"key":"bronze:FreeFunctionsPotion"},{"floor":14.0,"key":"DistilledChaos"},{"floor":21,"key":"AttackPotion"},{"floor":48,"key":"Weak Potion"}],"is_trial":false,"path_per_floor":["R","M","?","M","M","?","T","?","M","?","M","E","R","E","M","B",null,"R","M","M","M","M","R","T","E","M","M","$","M","R","?","M","B",null,"R","M","M","?","T","E","T","$","M","M","R","$","M","E","M","B",null,"E","$","R","B","B",null],"character_chosen":"THE_AUTOMATON","items_purchased":["Centennial Puzzle","Fruit Juice","PowerPotion","OrangePellets","Omamori","Pen Nib","Lantern","BlessingOfTheForge","DuplicationPotion"],"campfire_rested":0,"item_purchase_floors":[28,28,28,42,42,42,46,53,53],"current_hp_per_floor":[70,69,51,50,50,42,42,42,42,32,31,31,41,41,41,37,80,80,80,76,76,67,67,67,67,67,67,72,72,72,72,61,61,85,85,85,85,85,85,50,50,50,42,42,42,42,42,42,42,42,85,85,85,85,85,67],"gold":24,"neow_bonus":"BOSS_RELIC","is_daily":false,"chose_seed":false,"campfire_upgraded":7,"win_rate":0.0,"timestamp":1613476805,"path_taken":["R","M","?","M","M","?","T","?","M","?","M","E","R","E","M","BOSS","R","M","M","?","M","R","T","E","M","M","$","M","R","?","M","BOSS","R","M","M","?","?","E","T","$","M","M","R","$","?","E","M","BOSS","E","$","R","BOSS","BOSS"],"items_purchased_type":["Relic","Potion","Potion","Relic","Relic","Relic","Relic","Potion","Potion"],"build_version":"2020-12-22","purchased_purges":4,"victory":true,"max_hp_per_floor":[70,70,70,70,70,70,70,70,70,70,70,70,80,80,80,80,80,80,80,80,80,80,80,80,80,80,80,85,85,85,85,85,85,85,85,85,85,85,85,85,85,85,85,85,85,85,85,85,85,85,85,85,85,85,85,85],"card_choices":[{"not_picked":["bronze:Separator","bronze:Shell"],"picked":"bronze:ChosenStrike","floor":2.0},{"not_picked":["bronze:ForceShield","bronze:Boost"],"picked":"bronze:Overheat","floor":4.0},{"not_picked":["bronze:Constructor","bronze:GetLatest","bronze:BitShift"],"picked":"SKIP","floor":5.0},{"not_picked":["bronze:ForLoop","bronze:FollowUp"],"picked":"bronze:ClassDefault","floor":6.0},{"not_picked":["bronze:Overload","bronze:Invalidate","bronze:BronzeOrb"],"picked":"SKIP","floor":9.0},{"not_picked":["bronze:BuggyMess","bronze:BitShift","bronze:Allocate"],"picked":"SKIP","floor":11.0},{"not_picked":["bronze:BronzeOrb","bronze:Overheat"],"picked":"bronze:Terminator","floor":12.0},{"not_picked":["bronze:Terminator","bronze:WildBeam"],"picked":"bronze:HyperBeam","floor":14.0},{"not_picked":["bronze:Deprecate","bronze:Branch"],"picked":"bronze:Turbo","floor":15.0},{"not_picked":["bronze:BurnOut","bronze:InfiniteLoop"],"picked":"bronze:Format","floor":16.0},{"not_picked":["bronze:DelayedGuard","bronze:BugBarrage+1","bronze:Constructor+1"],"picked":"SKIP","floor":19},{"not_picked":["bronze:WildBeam","bronze:ChildClass","bronze:Terminator"],"picked":"SKIP","floor":20},{"not_picked":["bronze:DigitalCarnage","bronze:Separator+1","bronze:ForceShield"],"picked":"SKIP","floor":21},{"not_picked":["bronze:DelayedSlice","bronze:Overload","bronze:DelayedGuard+1"],"picked":"SKIP","floor":22},{"not_picked":["bronze:Constructor","bronze:BuggyMess","bronze:FineTuning"],"picked":"SKIP","floor":25},{"not_picked":["bronze:ItsAFeature+1","bronze:Turbo+1"],"picked":"bronze:Assembly","floor":26},{"not_picked":["bronze:Separator","bronze:CutThrough+1","bronze:BuggyMess"],"picked":"SKIP","floor":26},{"not_picked":["bronze:Overheat","bronze:Frontload+1"],"picked":"bronze:Repulsor","floor":27},{"not_picked":["bronze:Shield","bronze:DelayedGuard","bronze:ChosenStrike"],"picked":"SKIP","floor":27},{"not_picked":["bronze:BuggyMess","bronze:Shield","bronze:Branch"],"picked":"SKIP","floor":28},{"not_picked":["bronze:DelayedGuard+1","bronze:DelayedSlice","bronze:Boost"],"picked":"SKIP","floor":29},{"not_picked":["bronze:Overheat","bronze:Constructor","bronze:DelayedSlice"],"picked":"SKIP","floor":29},{"not_picked":["bronze:Turbo","bronze:ItsAFeature+1"],"picked":"bronze:FindAndReplace","floor":32},{"not_picked":["bronze:CutThrough","bronze:Frontload","bronze:Shield+1"],"picked":"SKIP","floor":32},{"not_picked":["bronze:TinkerersToolbox","bronze:HardenedForm"],"picked":"bronze:Verify","floor":33},{"not_picked":["bronze:Frontload+1","bronze:BugBarrage","bronze:ChosenStrike+1"],"picked":"SKIP","floor":36},{"not_picked":["bronze:BuggyMess+1","bronze:Invalidate","bronze:Constructor+1"],"picked":"SKIP","floor":36},{"not_picked":["bronze:Branch","bronze:Constructor"],"picked":"bronze:Optimize","floor":37},{"not_picked":["bronze:Boost+1","bronze:Branch+1","bronze:NullPointer"],"picked":"SKIP","floor":37},{"not_picked":["expansioncontent:Chronoboost","expansioncontent:InvincibleStrength"],"picked":"expansioncontent:GuardianWhirl","floor":38},{"not_picked":["bronze:DelayedGuard","bronze:BronzeArmor+1","bronze:AlphaBuild"],"picked":"SKIP","floor":40},{"not_picked":["bronze:ClassDefault","bronze:Turbo+1"],"picked":"bronze:FineTuning+1","floor":43},{"not_picked":["bronze:Overheat+1","bronze:Invalidate","bronze:Deprecate+1"],"picked":"SKIP","floor":43},{"not_picked":["bronze:Overload+1","bronze:Backtrace+1","bronze:BronzeOrb+1"],"picked":"SKIP","floor":44},{"not_picked":["bronze:DelayedSlice","bronze:BuggyMess+1","bronze:DelayedGuard"],"picked":"SKIP","floor":44},{"not_picked":["bronze:Overload+1","bronze:Backtrace+1","bronze:BronzeOrb+1"],"picked":"SKIP","floor":44},{"not_picked":["bronze:DelayedSlice","bronze:BuggyMess+1","bronze:DelayedGuard"],"picked":"SKIP","floor":44},{"not_picked":["bronze:InfiniteBeams+1","bronze:ChildClass","bronze:Separator"],"picked":"SKIP","floor":47},{"not_picked":["bronze:WildBeam","bronze:CloningBeam","bronze:Deprecate"],"picked":"SKIP","floor":47},{"not_picked":["bronze:Refactor+1","bronze:Format"],"picked":"bronze:Philosophize+1","floor":48},{"not_picked":["bronze:CutThrough","bronze:Refactor+1","bronze:DelayedSlice"],"picked":"SKIP","floor":49},{"not_picked":["bronze:ForceShield+1","bronze:Frontload","bronze:OilSpill+1"],"picked":"SKIP","floor":49},{"not_picked":["bronze:WhirlingStrike","bronze:Hardcode","bronze:FollowUp"],"picked":"SKIP","floor":52}],"player_experience":486663,"relics_obtained":[{"floor":6.0,"key":"ArrowTower"},{"floor":10.0,"key":"downfall:GremlinSack"},{"floor":12.0,"key":"bronze:SilverBullet"},{"floor":14.0,"key":"Old Coin"},{"floor":24,"key":"Akabeko"},{"floor":25,"key":"Prayer Wheel"},{"floor":39,"key":"CaptainsWheel"},{"floor":40,"key":"MawBank"},{"floor":41,"key":"Dream Catcher"},{"floor":48,"key":"Potion Belt"},{"floor":52,"key":"ThornShield"}],"event_choices":[{"damage_healed":0.0,"max_hp_gain":0.0,"max_hp_loss":0.0,"gold_gain":0.0,"event_name":"Scrap Ooze","player_choice":"Success","floor":3.0,"gold_loss":0.0,"damage_taken":18.0,"relics_obtained":["champ:DuelingGlove"]}],"is_beta":false,"boss_relics":[{"not_picked":["ChiXiaoBlade","BloodWine"],"picked":"RhineSuit"},{"not_picked":["bronze:MakeshiftBattery","ExusiaiGun"],"picked":"Runic Dome"}],"items_purged_floors":[28,42,46,53],"is_endless":false,"potions_floor_spawned":[2,5,6,9,10,14,21,22,25,27,37,43,48],"ascension_level":0}}