{"host":"Jitters","time":1613466207,"event":{"mods":["BaseMod","Curses Come First","Downfall","Minty Spire (QoL Compilation)","Quick Restart","Relic Stats","Reliquary","Shop Mod","Spicy Shops","Spire Arcade","StSLib"],"gold_per_floor":[99,118,129,140,205,380,380,38,73,85,85,18,37,52,66,168,168,168,179,179,191,203,203,203,203],"floor_reached":23,"language":"ENG","playtime":1594,"items_purged":["Doubt"],"score":215,"play_id":"1d86f5ae-fa36-4e4d-9f89-ca95d7bc03d9","local_time":"20210216040327","is_ascension_mode":true,"campfire_choices":[{"data":"Slimebound:CorrosiveSpit","floor":1,"key":"SMITH"},{"data":"Slimebound:SlimeSpikes","floor":11,"key":"SMITH"},{"data":"Slimebound:Gluttony","floor":18,"key":"SMITH"}],"circlet_count":0,"master_deck":["Slimebound:Strike_Slimebound","Slimebound:Strike_Slimebound","Slimebound:Strike_Slimebound","Slimebound:Tackle","Slimebound:Defend_Slimebound","Slimebound:Defend_Slimebound","Slimebound:Defend_Slimebound","Slimebound:Defend_Slimebound","Slimebound:Split+1","Slimebound:CorrosiveSpit+1","Slimebound:SlimeSpikes+1","Slimebound:Prepare","Slimebound:Replication","Slimebound:FinishingTackle","Slimebound:LeechEnergy+1","Slimebound:OozeBath","Slimebound:HauntingLick","Slimebound:Recollect","Slimebound:Gluttony+1","Slimebound:BestDefense+1","Slimebound:GoopTackle+1","Slimebound:HungryTackle+1","Slimebound:SlimeSpikes"],"relics":["Slimebound:AbsorbEndCombat","Molten Egg 2","Meat on the Bone","reliquary:Sideboard","Black Star","downfall:RedIOU"],"acts_visited":["Exordium","TheCity"],"potions_floor_usage":[8,15,15,16,19,21,23],"damage_taken":[{"damage":0,"enemies":"Small Slimes","floor":2,"turns":4},{"damage":0,"enemies":"2 Louse","floor":3,"turns":2},{"damage":2,"enemies":"Jaw Worm","floor":4,"turns":3},{"damage":18,"enemies":"3 Sentries","floor":5,"turns":9},{"damage":0,"enemies":"downfall:FleeingMerchant","floor":8,"turns":4},{"damage":33,"enemies":"Lagavulin","floor":9,"turns":6},{"damage":15,"enemies":"Exordium Thugs","floor":10,"turns":5},{"damage":3,"enemies":"downfall:FleeingMerchant","floor":12,"turns":4},{"damage":9,"enemies":"3 Louse","floor":13,"turns":4},{"damage":1,"enemies":"2 Fungi Beasts","floor":14,"turns":4},{"damage":4,"enemies":"Large Slime","floor":15,"turns":5},{"damage":6,"enemies":"SI_SHIV_ARCHETYPE","floor":16,"turns":10},{"damage":23,"enemies":"Shell Parasite","floor":19,"turns":5},{"damage":31,"enemies":"Snake Plant","floor":21,"turns":4},{"damage":14,"enemies":"Shelled Parasite and Fungi","floor":22,"turns":5},{"damage":52,"enemies":"Gremlin Leader","floor":23,"turns":2}],"seed_played":"-4679072175524103831","potions_obtained":[{"floor":5,"key":"Energy Potion"},{"floor":13,"key":"hexamod:SoulburnPotion"},{"floor":14,"key":"Explosive Potion"},{"floor":16,"key":"Weak Potion"},{"floor":19,"key":"SneckoOil"},{"floor":21,"key":"sneckomod:MuddlingPotion"}],"is_trial":false,"path_per_floor":["R","M","M","M","?","?","T","$","E","M","R","$","M","M","M","B",null,"R","M","?","M","M","E"],"character_chosen":"SLIMEBOUND","items_purchased":["Meat on the Bone","Dexterity Potion"],"campfire_rested":0,"item_purchase_floors":[8,12],"current_hp_per_floor":[65,65,65,65,60,60,60,64,37,40,40,43,48,49,47,49,72,72,57,57,44,46,0,0,0],"gold":203,"neow_bonus":"UPGRADE_CARD","is_daily":false,"chose_seed":false,"campfire_upgraded":3,"win_rate":0.0,"timestamp":1613466207,"path_taken":["R","M","M","M","?","?","T","$","E","M","R","$","M","M","M","BOSS","R","M","?","M","M","E"],"items_purchased_type":["Relic","Potion"],"build_version":"2020-11-17","purchased_purges":1,"victory":false,"max_hp_per_floor":[65,65,65,65,72,72,72,72,72,72,72,72,72,72,72,72,72,72,72,72,72,72,72,72,72],"relic_stats":{"counters":[16,74],"Black Star":0,"obtain_stats":[{"reliquary:Sideboard":9,"Strawberry":5,"Molten Egg 2":7,"downfall:RedIOU":20,"Slimebound:AbsorbEndCombat":0,"Black Star":17,"Meat on the Bone":8},{"reliquary:Sideboard":6,"Strawberry":4,"Molten Egg 2":4,"downfall:RedIOU":13,"Slimebound:AbsorbEndCombat":0,"Black Star":12,"Meat on the Bone":5},{"reliquary:Sideboard":27,"Strawberry":18,"Molten Egg 2":18,"downfall:RedIOU":63,"Slimebound:AbsorbEndCombat":0,"Black Star":58,"Meat on the Bone":22}],"Meat on the Bone":48},"card_choices":[{"not_picked":["Slimebound:Schlurp","Slimebound:RejuvenatingLick"],"picked":"Slimebound:SlimeSpikes","floor":2},{"not_picked":["Slimebound:Schlurp","Slimebound:LevelUp"],"picked":"Slimebound:Prepare","floor":3},{"not_picked":["Slimebound:LivingWall","Slimebound:ServeAndProtect"],"picked":"Slimebound:Replication","floor":4},{"not_picked":["Slimebound:LeechingTouch","Slimebound:DivideAndConquer"],"picked":"Slimebound:FinishingTackle","floor":5},{"not_picked":["Slimebound:SplitSpecialist","Slimebound:SplitBruiser"],"picked":"Slimebound:LeechEnergy+1","floor":8},{"not_picked":["Slimebound:SplitSpecialist","Slimebound:SplitBruiser"],"picked":"Slimebound:HauntingLick","floor":9},{"not_picked":["Slimebound:LeechingTouch+1","Slimebound:BestDefense"],"picked":"Slimebound:Gluttony","floor":10},{"not_picked":["Slimebound:Prepare","Slimebound:ItLooksTasty+1"],"picked":"Slimebound:Recollect","floor":12},{"not_picked":["Slimebound:FinishingTackle+1","Slimebound:SplitBruiser"],"picked":"Slimebound:HungryTackle+1","floor":13},{"not_picked":["Slimebound:SplitBruiser","Slimebound:SplitAcid"],"picked":"Slimebound:SlimeTap","floor":14},{"not_picked":["Slimebound:SplitLeeching","Slimebound:Prepare"],"picked":"Slimebound:GoopTackle+1","floor":15},{"not_picked":["Slimebound:TagTeam+1","Slimebound:MinionMaster"],"picked":"Slimebound:OozeBath","floor":16},{"not_picked":["Slimebound:SplitAcid","Slimebound:SplitSpecialist"],"picked":"Slimebound:SlimeSpikes","floor":19},{"not_picked":["Slimebound:SplitAcid","Slimebound:OneTwoCombo+1"],"picked":"Slimebound:BestDefense+1","floor":21},{"not_picked":["Slimebound:HauntingLick","Slimebound:SplitBruiser"],"picked":"Slimebound:SamplingLick","floor":22}],"player_experience":211925,"relics_obtained":[{"floor":5,"key":"Strawberry"},{"floor":7,"key":"Molten Egg 2"},{"floor":9,"key":"reliquary:Sideboard"}],"event_choices":[],"is_beta":true,"boss_relics":[{"not_picked":["Fusion Hammer","Slimebound:TarBlob"],"picked":"Black Star"}],"items_purged_floors":[8],"is_endless":false,"potions_floor_spawned":[5,13,14,16,19,21],"killed_by":"Gremlin Leader","ascension_level":2}}