{"host":"13o02hya6v6rzuva","time":1613502121,"event":{"mods":["BaseMod","Minty Spire (QoL Compilation)","Relic Stats"],"gold_per_floor":[124,136,163,193,225,266,278,322,359,371,371],"floor_reached":10,"language":"ENG","playtime":346,"items_purged":[],"score":125,"play_id":"c4f80668-0d8e-41a7-919e-fbd081eb46b2","local_time":"20210216200201","is_ascension_mode":true,"campfire_choices":[{"floor":7,"key":"REST"}],"circlet_count":0,"master_deck":["AscendersBane","Strike_R","Strike_R","Strike_R","Strike_R","Strike_R","Defend_R","Defend_R","Defend_R","Defend_R","Bash","Pummel","Rampage","Headbutt","Battle Trance","Fire Breathing","Rampage"],"relics":["Burning Blood","MawBank","Peace Pipe","Bronze Scales","Potion Belt"],"acts_visited":["Exordium"],"potions_floor_usage":[5,10,10],"damage_taken":[{"damage":23,"enemies":"Jaw Worm","floor":1,"turns":5},{"damage":6,"enemies":"Cultist","floor":3,"turns":3},{"damage":4,"enemies":"2 Louse","floor":4,"turns":3},{"damage":41,"enemies":"Large Slime","floor":5,"turns":6},{"damage":40,"enemies":"3 Sentries","floor":6,"turns":7},{"damage":29,"enemies":"Gremlin Nob","floor":8,"turns":4},{"damage":32,"enemies":"Lagavulin","floor":10,"turns":4}],"seed_played":"24892116209353457","potions_obtained":[{"floor":1,"key":"LiquidMemories"},{"floor":5,"key":"BloodPotion"},{"floor":8,"key":"PowerPotion"}],"is_trial":false,"path_per_floor":["M","?","M","M","M","E","R","E","T","E"],"character_chosen":"IRONCLAD","items_purchased":[],"campfire_rested":1,"item_purchase_floors":[],"current_hp_per_floor":[55,80,80,80,45,11,35,12,12,0,0],"gold":371,"neow_bonus":"RANDOM_COMMON_RELIC","is_daily":false,"chose_seed":false,"campfire_upgraded":0,"win_rate":0.0,"timestamp":1613502121,"path_taken":["M","?","M","M","?","E","R","E","T","E"],"items_purchased_type":[],"build_version":"2020-12-22","purchased_purges":0,"victory":false,"max_hp_per_floor":[80,80,80,80,80,80,80,80,80,80,80],"relic_stats":{"Peace Pipe":0,"counters":[7,32],"Bronze Scales":[3],"MawBank":120,"obtain_stats":[{"Peace Pipe":6,"Potion Belt":9,"Bronze Scales":8,"MawBank":0,"Burning Blood":0},{"Peace Pipe":5,"Potion Belt":6,"Bronze Scales":6,"MawBank":0,"Burning Blood":0},{"Peace Pipe":24,"Potion Belt":28,"Bronze Scales":28,"MawBank":0,"Burning Blood":0}],"Burning Blood":34},"card_choices":[{"not_picked":["Thunderclap","Clothesline"],"picked":"Pummel","floor":1},{"not_picked":["Wild Strike","Dark Embrace"],"picked":"Rampage","floor":3},{"not_picked":["Havoc","Anger"],"picked":"Headbutt","floor":4},{"not_picked":["Flex","Pommel Strike"],"picked":"Battle Trance","floor":5},{"not_picked":["Dual Wield","Uppercut"],"picked":"Fire Breathing","floor":6},{"not_picked":["Juggernaut","Searing Blow"],"picked":"Rampage","floor":8}],"player_experience":1225768,"relics_obtained":[{"floor":6,"key":"Peace Pipe"},{"floor":8,"key":"Bronze Scales"},{"floor":9,"key":"Potion Belt"}],"event_choices":[{"damage_healed":25,"gold_gain":0,"player_choice":"Full Heal","damage_taken":0,"max_hp_gain":0,"max_hp_loss":0,"event_name":"Wheel of Change","floor":2,"gold_loss":0}],"is_beta":false,"boss_relics":[],"items_purged_floors":[],"is_endless":false,"potions_floor_spawned":[1,5,8],"killed_by":"Lagavulin","ascension_level":12}}