{"host":"7gd7wzntdunlhduv","time":1613504004,"event":{"mods":["Aspiration","BaseMod","BetterRewards","Colored Powertips","Conspire","DeckTracker","Halation","Hubris","Minty Spire (QoL Compilation)","Quick Restart","StSLib","SuperFastMode","Trackpad"],"gold_per_floor":[112,20,20,20,39,39,39],"floor_reached":6,"language":"ENG","playtime":160,"items_purged":[],"score":37,"play_id":"f20b9a76-6a12-4144-af16-8d9666c5e3ea","local_time":"20210216193324","is_ascension_mode":true,"campfire_choices":[],"circlet_count":0,"master_deck":["Strike_B","Strike_B","Strike_B","Strike_B","Defend_B","Defend_B","Defend_B+1","Defend_B","Zap","Dualcast","Darkness","aspiration:Polymerization","Static Discharge","Leap+1","Doom and Gloom","Defragment"],"relics":["Cracked Core","StoneCalendar","HandDrill"],"acts_visited":[],"potions_floor_usage":[6],"damage_taken":[{"damage":37,"enemies":"Cultist","floor":1,"turns":6},{"damage":0,"enemies":"Small Slimes","floor":5,"turns":4},{"damage":28,"enemies":"3 Sentries","floor":6,"turns":2}],"seed_played":"4321591571193314358","potions_obtained":[{"floor":1,"key":"Explosive Potion"},{"floor":5,"key":"Swift Potion"}],"is_trial":false,"path_per_floor":["M","$","?","?","M","E"],"character_chosen":"DEFECT","items_purchased":["Darkness","aspiration:Polymerization","HandDrill","Leap","Doom and Gloom"],"campfire_rested":0,"item_purchase_floors":[0,0,0,2,2],"current_hp_per_floor":[16,16,1,26,26,0,0],"gold":39,"neow_bonus":"","is_daily":false,"chose_seed":false,"campfire_upgraded":0,"win_rate":0.0,"timestamp":1613504004,"path_taken":["M","?","?","?","M","E"],"items_purchased_type":["Card","Card","Relic","Card","Card"],"build_version":"2020-12-22","purchased_purges":0,"victory":false,"max_hp_per_floor":[75,75,75,75,75,75,75],"card_choices":[{"not_picked":["Go for the Eyes","Compile Driver"],"picked":"Static Discharge","floor":1},{"not_picked":["Stack","Aggregate"],"picked":"Defragment","floor":5}],"player_experience":364876,"relics_obtained":[],"event_choices":[{"damage_healed":0,"gold_gain":0,"player_choice":"Entered Light","damage_taken":15,"max_hp_gain":0,"max_hp_loss":0,"event_name":"Shining Light","floor":3,"gold_loss":0,"cards_upgraded":["Leap","Defend_B"]},{"damage_healed":25,"gold_gain":0,"player_choice":"Banana","damage_taken":0,"max_hp_gain":0,"max_hp_loss":0,"event_name":"Big Fish","floor":4,"gold_loss":0}],"is_beta":false,"boss_relics":[],"items_purged_floors":[],"is_endless":false,"potions_floor_spawned":[1,5],"killed_by":"3 Sentries","ascension_level":2}}