{"host":"nz11ypxva4e39b7q","time":1613469111,"event":{"mods":["BaseMod","Better Third Choice","Better Vampires","Colored Map","Minty Spire (QoL Compilation)","Quick Restart","StSLib","The Marked"],"gold_per_floor":[113,188,86,86,99,99,125,125,149,149,163,194,205,231,231,336,336,355,355,366,380,280,280,315,315,370,399,399,411,120,135,135,232,232,243,243,243,257,273,299,299,329,329,356,368,405,434,446,458,470,482,494,99,130,130],"floor_reached":56,"language":"ENG","playtime":14408,"items_purged":["theMarked:Defend","theMarked:Improvise","theMarked:UnarmedFury"],"score":1762,"play_id":"737aa2d9-6355-48c4-9e8e-e40a29a8e2f2","local_time":"20210216105151","is_ascension_mode":true,"campfire_choices":[{"data":"theMarked:SoldierOfQuellstein","floor":6.0,"key":"SMITH"},{"data":"theMarked:SwordAndMagic","floor":8.0,"key":"SMITH"},{"data":"theMarked:Challenge","floor":10.0,"key":"SMITH"},{"data":"theMarked:AttractMetal","floor":15.0,"key":"SMITH"},{"data":"theMarked:Improvise","floor":23.0,"key":"SMITH"},{"data":"theMarked:Polarize","floor":25.0,"key":"SMITH"},{"data":"theMarked:Convert","floor":28.0,"key":"SMITH"},{"data":"theMarked:ComboAttacks","floor":32.0,"key":"SMITH"},{"data":"theMarked:EmpowerWeapon","floor":41.0,"key":"SMITH"},{"data":"theMarked:SelfDefenseTraining","floor":45.0,"key":"SMITH"},{"floor":49.0,"key":"RECALL"},{"data":"theMarked:Overcharge","floor":52,"key":"SMITH"}],"circlet_count":0,"master_deck":["theMarked:SoldierOfQuellstein+1","theMarked:Convert+1","theMarked:SwordAndMagic+1","theMarked:Challenge+1","theMarked:AttractMetal+1","theMarked:EternalStudent+1","theMarked:Improvise+1","theMarked:EmpowerWeapon+1","theMarked:Polarize+1","theMarked:Overthink+1","theMarked:Opportunist","theMarked:ComboAttacks+1","theMarked:SelfDefenseTraining+1","theMarked:Parkour+1","theMarked:WardOff+1","theMarked:ContemptForTheProud+1","theMarked:Overcharge+1","theMarked:MuscleMemory+1"],"relics":["theMarked:ArtifactOfAir","NeowsBlessing","Eternal Feather","WingedGreaves","Pandora\u0027s Box","Singing Bowl","PreservedInsect","Mercury Hourglass","Coffee Dripper","HornCleat","Happy Flower","War Paint","Ice Cream","MawBank","Sundial","Bottled Tornado","TheAbacus","Bag of Preparation","Toy Ornithopter"],"acts_visited":["Exordium","TheCity","TheBeyond","TheEnding"],"potions_floor_usage":[50,50,54,55,55],"damage_taken":[{"damage":0.0,"enemies":"Small Slimes","floor":1.0,"turns":1.0},{"damage":0.0,"enemies":"Jaw Worm","floor":5.0,"turns":1.0},{"damage":0.0,"enemies":"Lagavulin","floor":7.0,"turns":1.0},{"damage":0.0,"enemies":"Cultist","floor":11.0,"turns":2.0},{"damage":22.0,"enemies":"3 Sentries","floor":12.0,"turns":9.0},{"damage":0.0,"enemies":"Gremlin Gang","floor":13.0,"turns":6.0},{"damage":10.0,"enemies":"Lagavulin","floor":14.0,"turns":6.0},{"damage":15.0,"enemies":"The Guardian","floor":16.0,"turns":12.0},{"damage":0.0,"enemies":"Spheric Guardian","floor":18.0,"turns":2.0},{"damage":0.0,"enemies":"Shell Parasite","floor":20.0,"turns":4.0},{"damage":21.0,"enemies":"Cultist and Chosen","floor":21.0,"turns":5.0},{"damage":19.0,"enemies":"Gremlin Leader","floor":24.0,"turns":7.0},{"damage":27.0,"enemies":"Slavers","floor":27.0,"turns":5.0},{"damage":2.0,"enemies":"Snake Plant","floor":29.0,"turns":4.0},{"damage":16.0,"enemies":"Centurion and Healer","floor":31.0,"turns":6.0},{"damage":26.0,"enemies":"Collector","floor":33.0,"turns":8.0},{"damage":0.0,"enemies":"Orb Walker","floor":35.0,"turns":3.0},{"damage":7.0,"enemies":"3 Shapes","floor":38.0,"turns":4.0},{"damage":13.0,"enemies":"Spire Growth","floor":39.0,"turns":4.0},{"damage":1.0,"enemies":"Giant Head","floor":40.0,"turns":6.0},{"damage":8.0,"enemies":"Reptomancer","floor":42.0,"turns":4.0},{"damage":0.0,"enemies":"Giant Head","floor":44.0,"turns":4.0},{"damage":11.0,"enemies":"Reptomancer","floor":46.0,"turns":4.0},{"damage":3.0,"enemies":"3 Darklings","floor":47.0,"turns":3.0},{"damage":50,"enemies":"Time Eater","floor":50,"turns":8},{"damage":15,"enemies":"Shield and Spear","floor":54,"turns":3},{"damage":65,"enemies":"The Heart","floor":55,"turns":8}],"seed_played":"-2340588678558899711","potions_obtained":[{"floor":11.0,"key":"Swift Potion"},{"floor":12.0,"key":"DistilledChaos"},{"floor":14.0,"key":"Regen Potion"},{"floor":21.0,"key":"SteroidPotion"},{"floor":24.0,"key":"SteroidPotion"},{"floor":29.0,"key":"Regen Potion"},{"floor":35.0,"key":"theMarked:ChargePotion"},{"floor":38.0,"key":"Explosive Potion"},{"floor":47.0,"key":"Fire Potion"}],"is_trial":false,"path_per_floor":["M","?","$","?","M","R","E","R","T","R","M","E","M","E","R","B",null,"M","?","M","M","$","R","E","R","T","E","R","M","$","M","R","B",null,"M","?","$","M","M","E","R","E","T","E","R","E","M","T","R","B",null,"R","$","E","B",null],"character_chosen":"THE_DEFAULT","items_purchased":["theMarked:SwordAndMagic","theMarked:ComboAttacks","EntropicBrew","TheAbacus","Bag of Preparation","Block Potion","Explosive Potion"],"campfire_rested":0,"item_purchase_floors":[3,30,30,53,53,53,53],"current_hp_per_floor":[63,52,52,52,52,52,52,58,58,64,64,42,42,32,38,23,58,58,58,58,37,37,43,24,30,30,19,25,25,25,24,30,6,59,59,59,59,54,41,40,49,43,43,45,54,43,42,42,51,1,63,72,72,57,2],"gold":130,"neow_bonus":"THREE_ENEMY_KILL","is_daily":false,"chose_seed":false,"campfire_upgraded":11,"win_rate":0.0,"timestamp":1613469111,"path_taken":["M","?","$","?","?","R","E","R","T","R","M","E","?","E","R","BOSS","M","?","M","M","$","R","E","R","T","E","R","M","$","M","R","BOSS","M","?","?","M","M","E","R","E","T","E","R","E","M","?","R","BOSS","R","$","E","BOSS"],"items_purchased_type":["Card","Card","Potion","Relic","Relic","Potion","Potion"],"build_version":"2020-12-22","purchased_purges":3,"victory":true,"max_hp_per_floor":[70,70,70,70,70,70,70,70,70,70,70,70,70,70,70,70,70,70,70,70,70,70,70,70,70,70,72,72,74,74,74,74,76,76,76,76,76,78,78,78,78,80,80,82,82,82,84,84,84,84,84,84,84,84,84],"card_choices":[{"not_picked":["theMarked:TakeCover","theMarked:RepellingDischarge"],"picked":"theMarked:Convert","floor":1.0},{"not_picked":["theMarked:HeightenedSenses","theMarked:TakeCover","theMarked:ChainLightning"],"picked":"SKIP","floor":5.0},{"not_picked":["theMarked:UnarmedFury","theMarked:WastefulAttack","theMarked:Aftermath"],"picked":"SKIP","floor":7.0},{"not_picked":["theMarked:TakeCover","theMarked:HeightenedSenses","theMarked:TheMission"],"picked":"SKIP","floor":11.0},{"not_picked":["theMarked:TakeCover","theMarked:HeightenedSenses","theMarked:TheMission"],"picked":"SKIP","floor":11.0},{"not_picked":["theMarked:TakeCover","theMarked:Indomitable"],"picked":"theMarked:AttractMetal","floor":12.0},{"not_picked":["theMarked:MuscleMemory","theMarked:LightningStrikesTwice","theMarked:TakeCover"],"picked":"SKIP","floor":13.0},{"not_picked":["theMarked:Memento","theMarked:HeightenedSenses","theMarked:Aftermath"],"picked":"SKIP","floor":14.0},{"not_picked":["theMarked:Toughness","theMarked:Challenge"],"picked":"theMarked:EternalStudent","floor":16.0},{"not_picked":["theMarked:Overthink","theMarked:EmpowerWeapon","theMarked:Overcharge"],"picked":"SKIP","floor":18.0},{"not_picked":["theMarked:Aftermath","theMarked:EmpowerWeapon","theMarked:BanishingStrike+1"],"picked":"SKIP","floor":20.0},{"not_picked":["theMarked:Memento","theMarked:Improvise","theMarked:ChainLightning+1"],"picked":"SKIP","floor":21.0},{"not_picked":["theMarked:Aftermath","theMarked:EmpowerWeapon"],"picked":"theMarked:Opportunist","floor":24.0},{"not_picked":["theMarked:ChannelForce","theMarked:FavorableWinds","theMarked:TakeCover"],"picked":"Singing Bowl","floor":27.0},{"not_picked":["theMarked:Reabsorb","theMarked:BanishingWave","theMarked:TheMission"],"picked":"Singing Bowl","floor":29.0},{"not_picked":["theMarked:ChainLightning","theMarked:Friction"],"picked":"theMarked:SelfDefenseTraining","floor":31.0},{"not_picked":["theMarked:Vacuum","theMarked:MagusForm","theMarked:Levitate"],"picked":"Singing Bowl","floor":33.0},{"not_picked":["theMarked:Parry+1","theMarked:TwofoldDefense"],"picked":"theMarked:Parkour+1","floor":35.0},{"not_picked":["theMarked:Aftermath","theMarked:WardOff","theMarked:HeightenedSenses"],"picked":"Singing Bowl","floor":38.0},{"not_picked":["theMarked:BanishingWave+1","theMarked:SwordAndMagic"],"picked":"theMarked:WardOff+1","floor":39.0},{"not_picked":["theMarked:HeightenedSenses","theMarked:ResourceFulStrike"],"picked":"theMarked:ContemptForTheProud+1","floor":40.0},{"not_picked":["theMarked:Parkour+1","theMarked:TakeCover+1","theMarked:SuspiciousRaven"],"picked":"Singing Bowl","floor":42.0},{"not_picked":["theMarked:RogueSparks","theMarked:Electrify+1","theMarked:EternalStudent"],"picked":"Singing Bowl","floor":44.0},{"not_picked":["theMarked:ContemptForTheProud+1","theMarked:ChainLightning+1"],"picked":"theMarked:Overcharge","floor":46.0},{"not_picked":["theMarked:RepellingDischarge+1","theMarked:SwordAndMagic+1","theMarked:SelfDefenseTraining+1"],"picked":"Singing Bowl","floor":47.0},{"not_picked":["theMarked:ElectricStrings","theMarked:HeightenedSenses+1"],"picked":"theMarked:MuscleMemory+1","floor":54}],"player_experience":1058476,"relics_obtained":[{"floor":7.0,"key":"Eternal Feather"},{"floor":12.0,"key":"WingedGreaves"},{"floor":24.0,"key":"Singing Bowl"},{"floor":26.0,"key":"PreservedInsect"},{"floor":27.0,"key":"Mercury Hourglass"},{"floor":40.0,"key":"Happy Flower"},{"floor":42.0,"key":"War Paint"},{"floor":43.0,"key":"Ice Cream"},{"floor":44.0,"key":"MawBank"},{"floor":46.0,"key":"Sundial"},{"floor":48.0,"key":"Bottled Tornado"},{"floor":54,"key":"Toy Ornithopter"}],"event_choices":[{"damage_healed":0.0,"max_hp_gain":0.0,"max_hp_loss":0.0,"gold_gain":75.0,"event_name":"betterThird:BetterGoop","player_choice":"Gold","floor":2.0,"gold_loss":0.0,"damage_taken":11.0},{"damage_healed":0.0,"max_hp_gain":0.0,"max_hp_loss":0.0,"gold_gain":0.0,"cards_transformed":["theMarked:Strike"],"event_name":"Transmorgrifier","player_choice":"Transformed","floor":4.0,"gold_loss":0.0,"damage_taken":0.0,"cards_obtained":["theMarked:Challenge"]},{"cards_removed":["theMarked:Panic"],"damage_healed":0.0,"max_hp_gain":0.0,"max_hp_loss":0.0,"gold_gain":0.0,"event_name":"Purifier","player_choice":"Purged","floor":19.0,"gold_loss":0.0,"damage_taken":0.0},{"damage_healed":0.0,"max_hp_gain":0.0,"max_hp_loss":0.0,"gold_gain":0.0,"event_name":"WeMeetAgain","player_choice":"Gave Potion","floor":36.0,"gold_loss":0.0,"damage_taken":0.0,"relics_obtained":["HornCleat"]}],"is_beta":false,"boss_relics":[{"not_picked":["Velvet Choker","SacredBark"],"picked":"Pandora\u0027s Box"},{"not_picked":["Sozu","Busted Crown"],"picked":"Coffee Dripper"}],"items_purged_floors":[3,22,30],"is_endless":false,"potions_floor_spawned":[11,12,14,21,24,29,35,38,47],"ascension_level":7}}