{"host":"c95txy58ipbu969e","time":1613449024,"event":{"mods":["Act Like it!","BaseMod","Gensokyo","Minty Spire (QoL Compilation)","Permanent Neow","Quick Restart","Ruina","StSLib"],"gold_per_floor":[111,111,111,111,111,111,136,136,136,154,79,107,107,126,126,204,204,220,220,220,233,77,110,110,144,144,144,44,81,101,101,101,101,101],"floor_reached":33,"language":"ENG","playtime":1582,"items_purged":["Strike_P","Defend_P"],"score":508,"play_id":"ab7f56b7-2c61-48a8-a39d-26458555c8ae","local_time":"20210216121704","is_ascension_mode":true,"campfire_choices":[{"data":"Eruption","floor":6.0,"key":"SMITH"},{"data":"BowlingBash","floor":8.0,"key":"SMITH"},{"data":"Fasting2","floor":13.0,"key":"SMITH"},{"data":"1","floor":15.0,"key":"LIFT"},{"data":"Wallop","floor":24.0,"key":"SMITH"},{"data":"Vault","floor":32,"key":"SMITH"}],"circlet_count":0,"master_deck":["AscendersBane","Strike_P","Strike_P","Defend_P","Defend_P","Defend_P","Eruption+1","Vigilance","BowlingBash+1","Fasting2+1","FlurryOfBlows","Injury","Clumsy","InnerPeace","Wallop+1","CutThroughFate","Devotion","Doubt","MentalFortress","Vault+1","Tantrum","Swivel"],"relics":["Coffee Dripper","Eternal Feather","Gensokyo:NagashiBinaDoll","Ice Cream","Girya","Philosopher\u0027s Stone","Letter Opener","Lee\u0027s Waffle","Centennial Puzzle","Bag of Marbles","CeramicFish","ruina:Prescript","Dream Catcher"],"acts_visited":["Gensokyo:Gensokyo","ruina:Briah"],"potions_floor_usage":[],"damage_taken":[{"damage":1.0,"enemies":"Gensokyo:3_Fairies","floor":1.0,"turns":4.0},{"damage":34.0,"enemies":"Gensokyo:Aya","floor":7.0,"turns":6.0},{"damage":0.0,"enemies":"Gensokyo:2_Kodama","floor":10.0,"turns":1.0},{"damage":0.0,"enemies":"Gensokyo:Cirno","floor":12.0,"turns":6.0},{"damage":0.0,"enemies":"Gensokyo:Python","floor":14.0,"turns":2.0},{"damage":20.0,"enemies":"Gensokyo:Kokoro","floor":16.0,"turns":5.0},{"damage":10.0,"enemies":"ruina:2_Scarecrows","floor":18.0,"turns":6.0},{"damage":31.0,"enemies":"ruina:BadWolf","floor":21.0,"turns":6.0},{"damage":51.0,"enemies":"ruina:RoadHome","floor":23.0,"turns":7.0},{"damage":25.0,"enemies":"ruina:ServantOfWrath","floor":25.0,"turns":6.0},{"damage":6.0,"enemies":"ruina:RoadHome","floor":29.0,"turns":6.0},{"damage":6,"enemies":"ruina:Woodsman","floor":30,"turns":3},{"damage":29,"enemies":"ruina:Red_and_Wolf","floor":33,"turns":4}],"seed_played":"8191170947674220341","potions_obtained":[{"floor":10.0,"key":"Regen Potion"},{"floor":14.0,"key":"StancePotion"},{"floor":23.0,"key":"DistilledChaos"}],"is_trial":false,"path_per_floor":["M","?","?","?","?","R","E","R","T","M","$","E","R","M","R","B",null,"M","?","?","M","$","E","R","E","T","?","$","E","M","?","R","B"],"character_chosen":"WATCHER","items_purchased":["Lee\u0027s Waffle"],"campfire_rested":0,"item_purchase_floors":[22],"current_hp_per_floor":[60,60,60,54,54,63,29,38,38,38,38,38,47,47,56,36,60,50,50,50,19,75,24,36,11,11,11,11,20,14,14,26,0,0],"gold":101,"neow_bonus":"BOSS_RELIC","is_daily":false,"chose_seed":false,"campfire_upgraded":5,"win_rate":0.0,"timestamp":1613449024,"path_taken":["M","?","?","?","?","R","E","R","T","?","$","E","R","?","R","BOSS","M","?","?","M","$","E","R","E","T","?","$","E","M","?","R","BOSS"],"items_purchased_type":["Relic"],"build_version":"2020-12-22","purchased_purges":2,"victory":false,"max_hp_per_floor":[68,68,68,68,68,68,68,68,68,68,68,68,68,68,68,68,68,68,68,68,68,75,75,75,75,75,75,75,75,75,75,75,75,75],"card_choices":[{"not_picked":["CrushJoints","ReachHeaven"],"picked":"BowlingBash","floor":1.0},{"not_picked":["Perseverance","WindmillStrike"],"picked":"Fasting2","floor":2.0},{"not_picked":["ThirdEye","Conclude"],"picked":"FlurryOfBlows","floor":2.0},{"not_picked":["FollowUp","SandsOfTime"],"picked":"InnerPeace","floor":7.0},{"not_picked":["JustLucky","ThirdEye"],"picked":"Wallop","floor":10.0},{"not_picked":["BowlingBash","Indignation"],"picked":"CutThroughFate","floor":12.0},{"not_picked":["FollowUp","CutThroughFate","BowlingBash"],"picked":"SKIP","floor":14.0},{"not_picked":["Establishment","Judgement"],"picked":"Devotion","floor":16.0},{"not_picked":["CutThroughFate","Wireheading","FlyingSleeves"],"picked":"SKIP","floor":18.0},{"not_picked":["SashWhip","CarveReality+1"],"picked":"MentalFortress","floor":21.0},{"not_picked":["FlurryOfBlows","Evaluate+1","Worship"],"picked":"SKIP","floor":23.0},{"not_picked":["BowlingBash+1","Wallop"],"picked":"Vault","floor":25.0},{"not_picked":["Brilliance","Halt"],"picked":"Tantrum","floor":29.0},{"not_picked":["WaveOfTheHand","Halt"],"picked":"Swivel","floor":30}],"player_experience":258536,"relics_obtained":[{"floor":7.0,"key":"Ice Cream"},{"floor":12.0,"key":"Girya"},{"floor":23.0,"key":"Centennial Puzzle"},{"floor":25.0,"key":"Bag of Marbles"},{"floor":26.0,"key":"CeramicFish"},{"floor":29.0,"key":"Dream Catcher"}],"event_choices":[],"is_beta":false,"boss_relics":[{"not_picked":["Astrolabe","Calling Bell"],"picked":"Philosopher\u0027s Stone"}],"items_purged_floors":[11,28],"is_endless":false,"potions_floor_spawned":[10,14,16,21,23,25],"killed_by":"ruina:Red_and_Wolf","ascension_level":14}}