{"host":"yqztwemefsbhfep8","time":1613458038,"event":{"mods":["BaseMod","Downfall","Hermit","Minty Spire (QoL Compilation)","StSLib"],"gold_per_floor":[99,199,199,217,21,21,21,37,71,87,121,138,153,163,178,280,280,80,98,136,136,136,164,215,215,17,17,37,37,37,37],"floor_reached":29,"language":"ENG","playtime":1702,"items_purged":[],"score":257,"play_id":"67ecdea5-edb8-4847-bbb6-2c18633835dc","local_time":"20210215224718","is_ascension_mode":false,"campfire_choices":[{"data":"sneckomod:SnekBite","floor":1,"key":"SMITH"},{"floor":27,"key":"REST"}],"circlet_count":0,"master_deck":["sneckomod:Strike","sneckomod:Strike","sneckomod:Defend","sneckomod:Defend","sneckomod:Defend","sneckomod:TailWhip","sneckomod:SnekBite+1","sneckomod:SoulRoll","sneckomod:Unknown3Cost","sneckomod:IronFang","sneckomod:DiceBoulder","sneckomod:IronFang","sneckomod:Cheat","sneckomod:SerpentIdol","sneckomod:SnakeSap","sneckomod:Mudshield","sneckomod:UnknownUncommonAttack+1","sneckomod:Mudshield+1","sneckomod:SerpentIdol+1","Reflex","sneckomod:UnknownClassSLIMEBOUND+1","sneckomod:UnknownClassGREEN+1","sneckomod:SerpentIdol"],"relics":["sneckomod:SneckoSoul","Girya","Regal Pillow","Astrolabe","downfall:HeartBlessingGreen","downfall:HeartBlessingBlue","Molten Egg 2","Anchor","Membership Card"],"acts_visited":["Exordium","TheCity"],"potions_floor_usage":[8,11,12,14,16,20,23,25,28,29],"damage_taken":[{"damage":2,"enemies":"2 Louse","floor":4,"turns":2},{"damage":3,"enemies":"downfall:FleeingMerchant","floor":5,"turns":4},{"damage":2,"enemies":"Small Slimes","floor":8,"turns":4},{"damage":28,"enemies":"3 Sentries","floor":9,"turns":8},{"damage":5,"enemies":"Cultist","floor":10,"turns":4},{"damage":8,"enemies":"Lagavulin","floor":11,"turns":6},{"damage":5,"enemies":"3 Louse","floor":12,"turns":3},{"damage":33,"enemies":"Exordium Wildlife","floor":13,"turns":3},{"damage":8,"enemies":"Red Slaver","floor":14,"turns":2},{"damage":4,"enemies":"Exordium Thugs","floor":15,"turns":3},{"damage":24,"enemies":"DF_ARCHETYPE_STREAMLINE","floor":16,"turns":12},{"damage":21,"enemies":"Chosen","floor":19,"turns":6},{"damage":17,"enemies":"downfall:LooterAlt2","floor":20,"turns":4},{"damage":84,"enemies":"Gremlin Leader","floor":23,"turns":10},{"damage":0,"enemies":"3 Cultists","floor":25,"turns":1},{"damage":1,"enemies":"downfall:FleeingMerchant","floor":26,"turns":4},{"damage":45,"enemies":"Centurion and Healer","floor":28,"turns":11},{"damage":15,"enemies":"Chosen and Byrds","floor":29,"turns":4}],"seed_played":"7710986600327074898","potions_obtained":[{"floor":6,"key":"Guardian:BlockOnCardUsePotion"},{"floor":6,"key":"AttackPotion"},{"floor":6,"key":"Dexterity Potion"},{"floor":9,"key":"Block Potion"},{"floor":10,"key":"FairyPotion"},{"floor":12,"key":"SmokeBomb"},{"floor":13,"key":"Guardian:BlockOnCardUsePotion"},{"floor":14,"key":"Strength Potion"},{"floor":19,"key":"Block Potion"},{"floor":20,"key":"PowerPotion"},{"floor":28,"key":"Swift Potion"}],"is_trial":false,"path_per_floor":["R","?","?","M","$","?","T","M","E","M","E","M","M","M","M","B",null,"R","M","M","?","?","E","T","M","$","R","M","M"],"character_chosen":"THE_SNECKO","items_purchased":["sneckomod:Unknown3Cost","sneckomod:IronFang","Membership Card","PowerPotion"],"campfire_rested":1,"item_purchase_floors":[5,5,26,26],"current_hp_per_floor":[90,90,90,88,85,85,85,83,55,50,42,37,19,11,7,20,90,100,79,62,95,95,11,11,11,10,55,10,0,0,0],"gold":37,"neow_bonus":"THREE_CARDS","is_daily":false,"chose_seed":false,"campfire_upgraded":1,"win_rate":0.0,"timestamp":1613458038,"path_taken":["R","?","?","M","$","?","T","?","E","M","E","M","M","M","M","BOSS","R","M","M","?","?","E","T","M","?","R","M","M"],"items_purchased_type":["Card","Card","Relic","Potion"],"build_version":"2020-12-22","purchased_purges":0,"victory":false,"max_hp_per_floor":[90,90,90,90,90,90,90,90,90,90,90,90,90,90,90,90,90,100,100,100,100,100,100,100,100,100,100,100,100,100,100],"card_choices":[{"not_picked":["sneckomod:UnknownWeak","sneckomod:UnknownStrike"],"picked":"sneckomod:UnknownCommonSkill","floor":0},{"not_picked":["sneckomod:UnknownCommonSkill","sneckomod:UnknownCommonAttack"],"picked":"sneckomod:UnknownDraw","floor":4},{"not_picked":["sneckomod:UnknownVulnerable","sneckomod:Unknown1Cost"],"picked":"sneckomod:SoulRoll","floor":5},{"not_picked":["sneckomod:UnknownExhaust","sneckomod:SoulCleanse"],"picked":"sneckomod:DiceBoulder","floor":8},{"not_picked":["sneckomod:UnknownUncommonSkill","sneckomod:SlitherStrike"],"picked":"sneckomod:IronFang","floor":9},{"not_picked":["sneckomod:DiceBoulder","sneckomod:DiceCrush"],"picked":"sneckomod:Cheat","floor":10},{"not_picked":["sneckomod:Unknown0Cost","sneckomod:Unknown1Cost"],"picked":"sneckomod:SerpentIdol","floor":11},{"not_picked":["sneckomod:WideSting","sneckomod:QuickMove","sneckomod:DefensiveFlair"],"picked":"SKIP","floor":12},{"not_picked":["sneckomod:IronFang","sneckomod:SoulRoll"],"picked":"sneckomod:SnakeSap","floor":13},{"not_picked":["sneckomod:RainOfDice","sneckomod:QuickMove","sneckomod:UnknownCommonAttack"],"picked":"SKIP","floor":14},{"not_picked":["sneckomod:QuickBite","sneckomod:IronFang","sneckomod:UnknownUncommonPower"],"picked":"SKIP","floor":15},{"not_picked":["sneckomod:Unknown3Cost","sneckomod:SerpentMind"],"picked":"sneckomod:Mudshield","floor":16},{"not_picked":["sneckomod:ImprovisedAttack","sneckomod:UnknownUncommonAttack","sneckomod:DefensiveFlair"],"picked":"SKIP","floor":19},{"not_picked":["sneckomod:DiceBlock","sneckomod:UnknownCommonSkill+1"],"picked":"sneckomod:UnknownClassSLIMEBOUND+1","floor":20},{"not_picked":["sneckomod:CheapStock","sneckomod:UnknownStrike+1"],"picked":"sneckomod:UnknownClassGREEN+1","floor":23},{"not_picked":["sneckomod:SoulDraw","sneckomod:Nope"],"picked":"sneckomod:SerpentIdol","floor":26},{"not_picked":["sneckomod:UnknownStrike+1","sneckomod:QuickMove","sneckomod:ImprovisedGuard+1"],"picked":"SKIP","floor":28}],"player_experience":322970,"relics_obtained":[{"floor":9,"key":"Girya"},{"floor":11,"key":"Regal Pillow"},{"floor":23,"key":"Molten Egg 2"},{"floor":24,"key":"Anchor"}],"event_choices":[{"damage_healed":0,"gold_gain":0,"player_choice":"Got Potions","damage_taken":0,"max_hp_gain":0,"max_hp_loss":0,"event_name":"Lab","floor":6,"gold_loss":0},{"damage_healed":33,"gold_gain":0,"player_choice":"Heal","damage_taken":0,"max_hp_gain":0,"max_hp_loss":0,"event_name":"The Library","floor":21,"gold_loss":0},{"damage_healed":0,"gold_gain":0,"player_choice":"Ignored","damage_taken":0,"max_hp_gain":0,"max_hp_loss":0,"event_name":"Ghosts","floor":22,"gold_loss":0}],"is_beta":false,"boss_relics":[{"not_picked":["bronze:MakeshiftBattery","SlaversCollar"],"picked":"Astrolabe"}],"items_purged_floors":[],"is_endless":false,"potions_floor_spawned":[9,10,12,13,14,15,19,20,28],"killed_by":"Chosen and Byrds","ascension_level":0}}