{"host":"u7bb6mvzuirwfcqo","time":1613486420,"event":{"mods":["2.2 Compatiblity","AchievementEnabler","BaseMod","Card Forge","Downfall","Hermit","Minty Spire (QoL Compilation)","Relic Stats","StSLib"],"gold_per_floor":[116,127,138,158,169,169,169,20,20,20,48,66,85,85,85,189,189,222,2,277,2,15,15,15,46,72,96,96,96,123,138,138,241,241,256,256,270,42,56,90,190,190,258,258,132,132,61,61,61,61],"floor_reached":51,"language":"ENG","playtime":2445,"items_purged":["hermit:Strike_Hermit"],"score":911,"play_id":"4f365edc-f2dc-458e-9e03-655b81422a31","local_time":"20210216094020","is_ascension_mode":false,"campfire_choices":[{"data":"hermit:Adapt","floor":6.0,"key":"SMITH"},{"data":"hermit:Misfire","floor":10.0,"key":"SMITH"},{"data":"hermit:GoldenBullet","floor":15.0,"key":"SMITH"},{"data":"hermit:BigShot","floor":23.0,"key":"SMITH"},{"data":"hermit:GoldenBullet","floor":29.0,"key":"SMITH"},{"data":"hermit:DeadOrAlive","floor":32.0,"key":"SMITH"},{"data":"hermit:ShadowCloak","floor":42.0,"key":"SMITH"},{"data":"hermit:ShadowCloak","floor":44.0,"key":"SMITH"},{"data":"hermit:DeadOrAlive","floor":46.0,"key":"SMITH"},{"data":"hermit:Reprieve","floor":49.0,"key":"SMITH"}],"circlet_count":0,"master_deck":["hermit:Defend_Hermit+1","hermit:Defend_Hermit+1","hermit:Defend_Hermit+1","hermit:Snapshot","hermit:Covet","hermit:Adapt+1","hermit:Misfire+1","hermit:TrackingShot","hermit:HighCaliber","hermit:FlashPowder","hermit:GoldenBullet+1","hermit:ShadowCloak","hermit:TakeAim","hermit:SprayPray","hermit:ShadowCloak+1","Parasite","hermit:DeadOrAlive+1","hermit:DeadMansHand+1","hermit:Coalescence+1","hermit:FinalCanter+1","hermit:GoldenBullet+1","hermit:Midnight","Regret","hermit:Enervate","hermit:BigShot+1","hermit:Reprieve+1","hermit:Spite","hermit:Adapt","hermit:ShadowCloak+1","hermit:FinalCanter","hermit:EyeOfTheStorm+1","hermit:Gambit+1","CurseOfTheBell","CurseOfTheBell","Parasite","Pain","hermit:DeadOrAlive+1","Pain","hermit:Vantage+1","hermit:Combo+1","hermit:ShadowCloak+1"],"relics":["hermit:Momento","Hammer of Thor","Seething Fire","Anvil of the Gods","Eternal Feather","Mummified Hand","Astrolabe","OrangePellets","Gremlin Horn","Kunai","Regal Pillow","Strawberry","Pantograph","Busted Crown","Toxic Egg 2","downfall:ExtraCursedBell","Vajra","Meat on the Bone","Bird Faced Urn","Frozen Egg 2"],"acts_visited":["Exordium","TheCity","TheBeyond"],"potions_floor_usage":[50,50,50],"damage_taken":[{"damage":0.0,"enemies":"Small Slimes","floor":1.0,"turns":3.0},{"damage":6.0,"enemies":"Cultist","floor":2.0,"turns":3.0},{"damage":4.0,"enemies":"Jaw Worm","floor":3.0,"turns":4.0},{"damage":4.0,"enemies":"Blue Slaver","floor":4.0,"turns":4.0},{"damage":6.0,"enemies":"Exordium Thugs","floor":5.0,"turns":4.0},{"damage":13.0,"enemies":"3 Sentries","floor":11.0,"turns":12.0},{"damage":0.0,"enemies":"Large Slime","floor":12.0,"turns":3.0},{"damage":9.0,"enemies":"Blue Slaver","floor":13.0,"turns":3.0},{"damage":31.0,"enemies":"Hexaghost","floor":16.0,"turns":15.0},{"damage":5.0,"enemies":"Spheric Guardian","floor":18.0,"turns":5.0},{"damage":16.0,"enemies":"2 Thieves","floor":22.0,"turns":3.0},{"damage":0.0,"enemies":"Gremlin Leader","floor":25.0,"turns":10.0},{"damage":22.0,"enemies":"Slavers","floor":30.0,"turns":5.0},{"damage":21.0,"enemies":"Sentry and Sphere","floor":31.0,"turns":4.0},{"damage":24.0,"enemies":"Automaton","floor":33.0,"turns":12.0},{"damage":6.0,"enemies":"3 Darklings","floor":35.0,"turns":6.0},{"damage":5.0,"enemies":"Orb Walker","floor":37.0,"turns":4.0},{"damage":22.0,"enemies":"3 Darklings","floor":39.0,"turns":5.0},{"damage":13.0,"enemies":"Giant Head","floor":40.0,"turns":12.0},{"damage":56,"enemies":"Donu and Deca","floor":50,"turns":12}],"seed_played":"-5858868390339970251","potions_obtained":[{"floor":1.0,"key":"BlessingOfTheForge"},{"floor":12.0,"key":"LiquidBronze"},{"floor":16.0,"key":"PowerPotion"},{"floor":18.0,"key":"CultistPotion"},{"floor":31.0,"key":"Fire Potion"}],"is_trial":false,"path_per_floor":["M","M","M","M","M","R","?","$","T","R","E","M","M","?","R","B",null,"M","$","?","$","M","R","$","E","T","T","?","R","E","M","R","B",null,"M","?","M","$","M","E","?","R","T","R","$","R","$","?","R","B",null],"character_chosen":"HERMIT","items_purchased":["hermit:ShadowCloak","OrangePellets","hermit:Midnight","Gremlin Horn","hermit:Enervate","hermit:ShadowCloak","hermit:FinalCanter","hermit:Vantage+1","hermit:Combo+1","hermit:ShadowCloak+1"],"campfire_rested":0,"item_purchase_floors":[8,19,19,21,21,38,38,45,45,47],"current_hp_per_floor":[75,69,65,61,55,55,55,55,55,64,51,51,42,60,69,38,75,70,70,70,70,54,69,69,69,69,76,76,82,64,43,58,62,82,82,82,77,77,55,42,47,68,68,87,87,87,87,83,83,43],"gold":61,"neow_bonus":"ONE_RANDOM_RARE_CARD","is_daily":false,"chose_seed":false,"campfire_upgraded":10,"win_rate":0.0,"timestamp":1613486420,"path_taken":["M","M","M","M","M","R","?","?","T","R","E","?","M","?","R","BOSS","M","$","?","?","M","R","$","E","T","?","?","R","E","M","R","BOSS","M","?","?","$","M","E","?","R","T","R","$","R","$","?","R","BOSS"],"items_purchased_type":["Card","Relic","Card","Relic","Card","Card","Card","Card","Card","Card"],"build_version":"2020-12-22","purchased_purges":1,"victory":true,"max_hp_per_floor":[75,75,75,75,75,75,75,75,75,75,75,75,75,75,75,75,75,75,75,75,75,75,75,75,75,75,82,82,82,82,82,82,82,82,82,82,82,82,82,82,87,87,87,87,87,87,87,83,83,83],"relic_stats":{"Regal Pillow":0,"Gremlin Horn":[20,20],"counters":[20,129],"Astrolabe":["hermit:DeadMansHand","hermit:Coalescence","hermit:FinalCanter"],"Eternal Feather":94,"OrangePellets":[8],"Busted Crown":8,"Mummified Hand":[80],"Pantograph":24,"Bird Faced Urn":[16],"Kunai":[27],"obtain_stats":[{"Regal Pillow":26,"Gremlin Horn":21,"Astrolabe":17,"Vajra":41,"Eternal Feather":9,"Hammer of Thor":0,"Seething Fire":0,"Frozen Egg 2":43,"OrangePellets":19,"Busted Crown":34,"Anvil of the Gods":0,"Mummified Hand":11,"Strawberry":27,"Pantograph":30,"Bird Faced Urn":41,"Kunai":25,"Toxic Egg 2":40,"downfall:ExtraCursedBell":41,"hermit:Momento":0,"Meat on the Bone":41},{"Regal Pillow":12,"Gremlin Horn":10,"Astrolabe":9,"Vajra":19,"Eternal Feather":5,"Hammer of Thor":0,"Seething Fire":0,"Frozen Egg 2":19,"OrangePellets":10,"Busted Crown":15,"Anvil of the Gods":0,"Mummified Hand":6,"Strawberry":12,"Pantograph":13,"Bird Faced Urn":19,"Kunai":12,"Toxic Egg 2":19,"downfall:ExtraCursedBell":19,"hermit:Momento":0,"Meat on the Bone":19},{"Regal Pillow":69,"Gremlin Horn":56,"Astrolabe":51,"Vajra":117,"Eternal Feather":18,"Hammer of Thor":0,"Seething Fire":0,"Frozen Egg 2":117,"OrangePellets":56,"Busted Crown":90,"Anvil of the Gods":0,"Mummified Hand":30,"Strawberry":69,"Pantograph":74,"Bird Faced Urn":117,"Kunai":69,"Toxic Egg 2":117,"downfall:ExtraCursedBell":117,"hermit:Momento":0,"Meat on the Bone":117}],"Meat on the Bone":0},"card_choices":[{"not_picked":["hermit:Combo","hermit:Scavenge"],"picked":"hermit:Misfire","floor":1.0},{"not_picked":["hermit:Gestalt","hermit:TakeAim"],"picked":"hermit:TrackingShot","floor":2.0},{"not_picked":["hermit:PistolWhip","hermit:Ricochet"],"picked":"hermit:HighCaliber","floor":3.0},{"not_picked":["hermit:TakeAim","hermit:HoleUp"],"picked":"hermit:FlashPowder","floor":4.0},{"not_picked":["hermit:Manifest","hermit:Glare","hermit:BodyArmor"],"picked":"SKIP","floor":5.0},{"not_picked":["hermit:Vantage","hermit:Headshot"],"picked":"hermit:TakeAim","floor":11.0},{"not_picked":["hermit:Feint","hermit:Maintenance"],"picked":"hermit:SprayPray","floor":12.0},{"not_picked":["hermit:HighCaliber","hermit:Coalescence"],"picked":"hermit:ShadowCloak","floor":13.0},{"not_picked":["hermit:EternalForm","hermit:HeroicBravado"],"picked":"hermit:DeadOrAlive","floor":16.0},{"not_picked":["hermit:Manifest","hermit:Quickdraw"],"picked":"hermit:GoldenBullet","floor":18.0},{"not_picked":["hermit:Virtue","hermit:Horror"],"picked":"hermit:BigShot","floor":22.0},{"not_picked":["hermit:Headshot","hermit:Maintenance"],"picked":"hermit:Reprieve","floor":25.0},{"not_picked":["hermit:HoleUp","hermit:GoldenBullet"],"picked":"hermit:Spite","floor":30.0},{"not_picked":["hermit:Quickdraw+1","hermit:HighCaliber","hermit:PistolWhip"],"picked":"SKIP","floor":31.0},{"not_picked":["hermit:Purgatory","hermit:Magnum"],"picked":"hermit:Adapt","floor":33.0},{"not_picked":["hermit:Shortfuse"],"picked":"SKIP","floor":35.0},{"not_picked":["hermit:LowProfile"],"picked":"SKIP","floor":37.0},{"not_picked":[],"picked":"hermit:EyeOfTheStorm+1","floor":39.0},{"not_picked":[],"picked":"hermit:Gambit+1","floor":40.0}],"player_experience":87053,"relics_obtained":[{"floor":9.0,"key":"Eternal Feather"},{"floor":11.0,"key":"Mummified Hand"},{"floor":25.0,"key":"Kunai"},{"floor":26.0,"key":"Regal Pillow"},{"floor":27.0,"key":"Strawberry"},{"floor":30.0,"key":"Pantograph"},{"floor":40.0,"key":"Toxic Egg 2"},{"floor":41.0,"key":"Vajra"},{"floor":41.0,"key":"Meat on the Bone"},{"floor":41.0,"key":"Bird Faced Urn"},{"floor":43.0,"key":"Frozen Egg 2"}],"event_choices":[{"damage_healed":0.0,"max_hp_gain":0.0,"max_hp_loss":0.0,"gold_gain":0.0,"cards_transformed":["hermit:Strike_Hermit"],"event_name":"Transmorgrifier","player_choice":"Transformed","floor":7.0,"gold_loss":0.0,"damage_taken":0.0,"cards_obtained":["hermit:GoldenBullet"]},{"damage_healed":18.0,"max_hp_gain":0.0,"max_hp_loss":0.0,"gold_gain":0.0,"event_name":"Mushrooms","player_choice":"Healed and dodged fight","floor":14.0,"gold_loss":0.0,"damage_taken":0.0,"cards_obtained":["Parasite"]},{"damage_healed":0.0,"max_hp_gain":0.0,"max_hp_loss":0.0,"gold_gain":275.0,"event_name":"Golden Shrine","player_choice":"Desecrate","floor":20.0,"gold_loss":0.0,"damage_taken":0.0,"cards_obtained":["Regret"]},{"damage_healed":0.0,"max_hp_gain":0.0,"max_hp_loss":0.0,"gold_gain":0.0,"event_name":"Back to Basics","player_choice":"Simplicity","floor":28.0,"gold_loss":0.0,"damage_taken":0.0,"cards_upgraded":["hermit:Defend_Hermit","hermit:Defend_Hermit","hermit:Defend_Hermit"]},{"damage_healed":0.0,"max_hp_gain":0.0,"max_hp_loss":0.0,"gold_gain":0.0,"event_name":"SecretPortal","player_choice":"Ignored","floor":36.0,"gold_loss":0.0,"damage_taken":0.0},{"damage_healed":0.0,"max_hp_gain":0.0,"max_hp_loss":4.0,"gold_gain":0.0,"event_name":"Winding Halls","player_choice":"Max HP","floor":48.0,"gold_loss":0.0,"damage_taken":0.0}],"is_beta":false,"boss_relics":[{"not_picked":["hermit:BartenderGlass","Velvet Choker"],"picked":"Astrolabe"},{"not_picked":["Empty Cage","Runic Pyramid"],"picked":"Busted Crown"}],"items_purged_floors":[8],"is_endless":false,"potions_floor_spawned":[1,12,16,18,31,33,40],"ascension_level":0}}