{"host":"xe7vird6mhwsic73","time":1613512248,"event":{"mods":["BaseMod","Minty Spire (QoL Compilation)","Relic Stats","StSLib"],"gold_per_floor":[116,116,116,131,141,169,179,211,282,309,322,322,61,61,61,160,160,180,198,215,215,232,232,265,284,308,308,308],"floor_reached":27,"language":"ENG","playtime":1196,"items_purged":[],"score":293,"play_id":"c166fd5a-2870-4ee1-a249-3dee690a7f03","local_time":"20210216165048","is_ascension_mode":true,"campfire_choices":[{"floor":15,"key":"REST"},{"data":"Demon Form","floor":23,"key":"SMITH"}],"circlet_count":0,"master_deck":["Strike_R","Strike_R","Strike_R","Strike_R+1","Strike_R","Defend_R","Defend_R","Defend_R","Defend_R+1","Bash+1","Spot Weakness","Wild Strike","Metallicize","Evolve","Metallicize","Cleave","Cleave","Demon Form+1","Clothesline+1","Flame Barrier","Shrug It Off","Uppercut+1"],"relics":["Burning Blood","NeowsBlessing","Lantern","Ginger","Bottled Tornado","Art of War","HornCleat","Mark of Pain","Molten Egg 2","Boot"],"acts_visited":["Exordium","TheCity"],"potions_floor_usage":[8,11,16,22,25,27,27],"damage_taken":[{"damage":0,"enemies":"2 Louse","floor":1,"turns":1},{"damage":0,"enemies":"Jaw Worm","floor":4,"turns":1},{"damage":0,"enemies":"Cultist","floor":5,"turns":1},{"damage":39,"enemies":"Lagavulin","floor":6,"turns":10},{"damage":7,"enemies":"Looter","floor":7,"turns":4},{"damage":11,"enemies":"3 Sentries","floor":8,"turns":7},{"damage":33,"enemies":"Lagavulin","floor":10,"turns":11},{"damage":10,"enemies":"2 Fungi Beasts","floor":11,"turns":4},{"damage":9,"enemies":"Slime Boss","floor":16,"turns":9},{"damage":10,"enemies":"Shell Parasite","floor":18,"turns":5},{"damage":10,"enemies":"Spheric Guardian","floor":19,"turns":4},{"damage":3,"enemies":"Centurion and Healer","floor":20,"turns":7},{"damage":3,"enemies":"Snake Plant","floor":22,"turns":5},{"damage":48,"enemies":"Gremlin Leader","floor":24,"turns":6},{"damage":24,"enemies":"3 Cultists","floor":25,"turns":6},{"damage":40,"enemies":"Book of Stabbing","floor":27,"turns":4}],"seed_played":"1219457229186689805","potions_obtained":[{"floor":1,"key":"BloodPotion"},{"floor":5,"key":"PowerPotion"},{"floor":8,"key":"Ancient Potion"},{"floor":10,"key":"Swift Potion"},{"floor":11,"key":"BloodPotion"},{"floor":18,"key":"SpeedPotion"},{"floor":19,"key":"ColorlessPotion"},{"floor":24,"key":"Block Potion"},{"floor":25,"key":"Weak Potion"}],"is_trial":false,"path_per_floor":["M","?","?","M","M","E","M","E","T","E","M","?","$","?","R","B",null,"M","M","M","?","M","R","E","M","T","E"],"character_chosen":"IRONCLAD","items_purchased":["HornCleat"],"campfire_rested":1,"item_purchase_floors":[13],"current_hp_per_floor":[80,80,80,80,80,47,46,41,41,14,26,31,31,14,39,36,85,81,77,80,80,83,83,41,23,23,0,0],"gold":308,"neow_bonus":"THREE_ENEMY_KILL","is_daily":false,"chose_seed":false,"campfire_upgraded":1,"win_rate":0.0,"timestamp":1613512248,"path_taken":["M","?","?","M","?","E","M","E","T","E","M","?","$","?","R","BOSS","M","M","M","?","M","R","E","M","T","E"],"items_purchased_type":["Relic"],"build_version":"2020-12-22","purchased_purges":0,"victory":false,"max_hp_per_floor":[80,80,80,80,80,80,80,80,80,80,80,85,85,85,85,85,85,85,85,85,85,85,85,85,85,85,85,85],"relic_stats":{"counters":[16,85],"Art of War":[7],"Ginger":[6],"Boot":[0],"obtain_stats":[{"Lantern":6,"HornCleat":13,"NeowsBlessing":0,"Molten Egg 2":24,"Mark of Pain":17,"Art of War":10,"Ginger":8,"Bottled Tornado":9,"Boot":26,"Burning Blood":0},{"Lantern":4,"HornCleat":8,"NeowsBlessing":0,"Molten Egg 2":14,"Mark of Pain":9,"Art of War":7,"Ginger":6,"Bottled Tornado":6,"Boot":15,"Burning Blood":0},{"Lantern":13,"HornCleat":39,"NeowsBlessing":0,"Molten Egg 2":75,"Mark of Pain":48,"Art of War":35,"Ginger":24,"Bottled Tornado":24,"Boot":81,"Burning Blood":0}],"Burning Blood":72},"card_choices":[{"not_picked":["Disarm","Infernal Blade"],"picked":"Spot Weakness","floor":1},{"not_picked":["Clothesline","Combust"],"picked":"Wild Strike","floor":4},{"not_picked":["Sever Soul","Anger"],"picked":"Metallicize","floor":5},{"not_picked":["Anger","Iron Wave"],"picked":"Evolve","floor":6},{"not_picked":["True Grit","Uppercut"],"picked":"Metallicize","floor":7},{"not_picked":["Iron Wave","Hemokinesis","Pummel"],"picked":"SKIP","floor":8},{"not_picked":["Thunderclap","Pommel Strike"],"picked":"Cleave","floor":10},{"not_picked":["Sword Boomerang","Blood for Blood"],"picked":"Cleave","floor":11},{"not_picked":["Immolate","Fiend Fire"],"picked":"Demon Form","floor":16},{"not_picked":["Pommel Strike","Blood for Blood"],"picked":"Clothesline+1","floor":18},{"not_picked":["Infernal Blade","Rage"],"picked":"Flame Barrier","floor":19},{"not_picked":["Headbutt","Clothesline"],"picked":"Shrug It Off","floor":20},{"not_picked":["Intimidate","Twin Strike+1"],"picked":"Uppercut+1","floor":22},{"not_picked":["Perfected Strike+1","Wild Strike+1","Power Through"],"picked":"SKIP","floor":24},{"not_picked":["Body Slam+1","Anger+1","Bloodletting"],"picked":"SKIP","floor":25}],"player_experience":180451,"relics_obtained":[{"floor":6,"key":"Lantern"},{"floor":8,"key":"Ginger"},{"floor":9,"key":"Bottled Tornado"},{"floor":10,"key":"Art of War"},{"floor":24,"key":"Molten Egg 2"},{"floor":26,"key":"Boot"}],"event_choices":[{"damage_healed":0,"gold_gain":0,"player_choice":"Grow","damage_taken":0,"max_hp_gain":0,"max_hp_loss":0,"event_name":"Living Wall","floor":2,"gold_loss":0,"cards_upgraded":["Bash"]},{"damage_healed":0,"gold_gain":0,"player_choice":"0 cards matched","damage_taken":0,"max_hp_gain":0,"max_hp_loss":0,"event_name":"Match and Keep!","floor":3,"gold_loss":0,"cards_obtained":[]},{"damage_healed":0,"gold_gain":0,"player_choice":"Donut","damage_taken":0,"max_hp_gain":5,"max_hp_loss":0,"event_name":"Big Fish","floor":12,"gold_loss":0},{"damage_healed":0,"gold_gain":0,"player_choice":"Entered Light","damage_taken":17,"max_hp_gain":0,"max_hp_loss":0,"event_name":"Shining Light","floor":14,"gold_loss":0,"cards_upgraded":["Defend_R","Strike_R"]},{"damage_healed":0,"gold_gain":0,"player_choice":"Ignored","damage_taken":0,"max_hp_gain":0,"max_hp_loss":0,"event_name":"Ghosts","floor":21,"gold_loss":0}],"is_beta":false,"boss_relics":[{"not_picked":["Sozu","Busted Crown"],"picked":"Mark of Pain"}],"items_purged_floors":[],"is_endless":false,"potions_floor_spawned":[1,5,8,10,11,18,19,24,25],"killed_by":"Book of Stabbing","ascension_level":3}}