{"host":"xobdcpbm4ckypiai","time":1613454780,"event":{"mods":["BaseMod","Downfall","Minty Spire (QoL Compilation)","StSLib"],"gold_per_floor":[99,99,129,129,138,173,173,200,211,234,134,166,6,33,55,159,159,59,74,102,211,211,233,233,233,233,260,279,307,307,325,342,449,449,449,476,502,602,624,624,672,672,572,572,591,632,651,651,651,685,59,59,59,59],"floor_reached":55,"language":"ZHS","playtime":6276,"items_purged":["champ:Execute"],"score":1205,"play_id":"4e90e333-9d1d-4494-91a9-ee7688e7c9be","local_time":"20210216135300","is_ascension_mode":false,"campfire_choices":[{"floor":1.0,"key":"RECALL"},{"data":"champ:FaceSlap","floor":11.0,"key":"SMITH"},{"data":"champ:GladiatorForm","floor":18.0,"key":"SMITH"},{"data":"champ:GladiatorStyle","floor":25.0,"key":"SMITH"},{"data":"champ:StrikeOfGenius","floor":30.0,"key":"SMITH"},{"data":"champ:Endure","floor":35.0,"key":"SMITH"},{"data":"champ:GladiatorStyle","floor":40.0,"key":"SMITH"},{"data":"champ:Duel","floor":43.0,"key":"SMITH"},{"data":"champ:GladiatorForm","floor":52.0,"key":"SMITH"}],"circlet_count":0,"master_deck":["champ:Shatter","champ:FaceSlap+1","champ:Endure+1","champ:EndlessRage","champ:FocusedBerserking","champ:GladiatorForm+1","champ:IronFortress+1","champ:FocusedDefense","champ:GladiatorStyle+1","champ:FanOfKnives","champ:IgnorePain+1","champ:Lariat+1","champ:AdrenalArmor+1","champ:StrikeOfGenius+1","champ:LastStand","champ:GutPunch","champ:GladiatorStyle+1","champ:CheapShot","champ:StanceDance+1","champ:Duel+1","champ:Endure+1","champ:EnGarde+1","champ:StanceDance+1","champ:StanceDance+1","champ:GladiatorForm+1"],"relics":["champ:ChampionCrown","downfall:HeartsMalice","CeramicFish","downfall:ShatteredFragment","Pantograph","Anchor","downfall:HeartBlessingRed","Odd Mushroom","champ:BerserkersGuideToSlaughter","Omamori","Runic Dome","downfall:HeartBlessingGreen","champ:BlackKnightHelmet","InkBottle","Question Card","Empty Cage","downfall:HeartBlessingBlue","downfall:TeleportStone","Ancient Tea Set","Art of War","Kunai","War Paint"],"acts_visited":["Exordium","TheCity","TheBeyond","TheEnding"],"potions_floor_usage":[54,54],"damage_taken":[{"damage":0.0,"enemies":"Jaw Worm","floor":2.0,"turns":1.0},{"damage":0.0,"enemies":"2 Louse","floor":5.0,"turns":1.0},{"damage":0.0,"enemies":"Gremlin Nob","floor":6.0,"turns":1.0},{"damage":10.0,"enemies":"Small Slimes","floor":8.0,"turns":3.0},{"damage":10.0,"enemies":"2 Fungi Beasts","floor":9.0,"turns":3.0},{"damage":13.0,"enemies":"Lots of Slimes","floor":10.0,"turns":3.0},{"damage":12.0,"enemies":"The Mushroom Lair","floor":12.0,"turns":3.0},{"damage":35.0,"enemies":"downfall:FleeingMerchant","floor":13.0,"turns":4.0},{"damage":25.0,"enemies":"Lagavulin","floor":14.0,"turns":5.0},{"damage":1.0,"enemies":"Large Slime","floor":15.0,"turns":5.0},{"damage":62.0,"enemies":"WA_ARCHETYPE_RETAIN","floor":16.0,"turns":8.0},{"damage":1.0,"enemies":"Spheric Guardian","floor":19.0,"turns":3.0},{"damage":21.0,"enemies":"3 Byrds","floor":20.0,"turns":5.0},{"damage":43.0,"enemies":"3 Byrds","floor":21.0,"turns":7.0},{"damage":24.0,"enemies":"Cultist and Chosen","floor":23.0,"turns":5.0},{"damage":30.0,"enemies":"Centurion and Healer","floor":28.0,"turns":4.0},{"damage":22.0,"enemies":"Snake Plant","floor":29.0,"turns":4.0},{"damage":17.0,"enemies":"Shelled Parasite and Fungi","floor":31.0,"turns":4.0},{"damage":15.0,"enemies":"Chosen and Byrds","floor":32.0,"turns":5.0},{"damage":91.0,"enemies":"DF_ARCHETYPE_CLAW","floor":33.0,"turns":6.0},{"damage":30.0,"enemies":"Orb Walker","floor":37.0,"turns":3.0},{"damage":34.0,"enemies":"3 Shapes","floor":39.0,"turns":4.0},{"damage":0.0,"enemies":"Spire Growth","floor":45.0,"turns":3.0},{"damage":48.0,"enemies":"Reptomancer","floor":46.0,"turns":5.0},{"damage":46.0,"enemies":"Maw","floor":47.0,"turns":6.0},{"damage":106.0,"enemies":"IC_BLOCK_ARCHETYPE","floor":48.0,"turns":8.0},{"damage":74.0,"enemies":"downfall:CharBossMerchant","floor":50.0,"turns":8.0},{"damage":139,"enemies":"downfall:NeowBoss","floor":53,"turns":14},{"damage":120,"enemies":"downfall:NeowBossFinal","floor":54,"turns":11}],"seed_played":"-1240074732530101433","potions_obtained":[{"floor":8.0,"key":"SneckoOil"},{"floor":9.0,"key":"BlessingOfTheForge"},{"floor":10.0,"key":"bronze:BurnAndBuffPotion"},{"floor":14.0,"key":"Fire Potion"},{"floor":21.0,"key":"champ:CounterPotion"},{"floor":29.0,"key":"Block Potion"},{"floor":33.0,"key":"SkillPotion"},{"floor":39.0,"key":"PowerPotion"},{"floor":46.0,"key":"Strength Potion"},{"floor":50.0,"key":"EntropicBrew"}],"is_trial":false,"path_per_floor":["R","M","?","?","M","E","T","M","M","M","R","?","$","E","M","B",null,"R","M","M","?","?","M","T","R","?","?","M","M","R","M","M","B",null,"R","?","M","?","M","R","T","?","R","?","M","E","M","B",null,"E","$","R","B","B",null],"character_chosen":"THE_CHAMP","items_purchased":["champ:BerserkersGuideToSlaughter","Kunai","War Paint","champ:GladiatorForm"],"campfire_rested":0,"item_purchase_floors":[13,51,51,51],"current_hp_per_floor":[90,90,90,63,63,63,63,63,63,60,60,58,53,53,62,53,90,90,90,84,76,100,96,96,96,96,96,100,93,93,100,100,64,100,100,100,100,100,100,100,100,100,110,110,110,97,96,74,110,110,110,110,101,95],"gold":59,"neow_bonus":"THREE_ENEMY_KILL","is_daily":false,"chose_seed":false,"campfire_upgraded":8,"win_rate":0.0,"timestamp":1613454780,"path_taken":["R","M","?","?","M","E","T","M","M","M","R","?","$","E","M","BOSS","R","M","M","?","?","?","T","R","?","?","?","M","R","M","M","BOSS","R","?","?","?","?","R","T","?","R","?","?","E","M","BOSS","E","$","R","BOSS","BOSS"],"items_purchased_type":["Relic","Relic","Relic","Card"],"build_version":"2020-12-22","purchased_purges":1,"victory":true,"max_hp_per_floor":[90,90,90,90,90,90,90,90,90,90,90,90,90,90,90,90,90,90,90,90,90,100,100,100,100,100,100,100,100,100,100,100,100,100,100,100,100,100,100,100,100,100,110,110,110,110,110,110,110,110,110,110,110,110],"card_choices":[{"not_picked":["champ:BringItOn","champ:EnGarde","champ:BerserkersShout"],"picked":"SKIP","floor":2.0},{"not_picked":["champ:GutPunch","champ:EnGarde"],"picked":"champ:DancingMaster","floor":5.0},{"not_picked":["champ:EnGarde","champ:BringItOn"],"picked":"champ:Shatter","floor":6.0},{"not_picked":["champ:Circumvent","champ:ArenaPreparation"],"picked":"champ:FaceSlap","floor":8.0},{"not_picked":["champ:BladeFlurry","champ:DefensiveShout","champ:Parry"],"picked":"SKIP","floor":9.0},{"not_picked":["champ:Encircle","champ:FlashCut"],"picked":"champ:DeathBlow","floor":10.0},{"not_picked":["champ:DeathBlow","champ:PerfectedStrike"],"picked":"champ:Endure","floor":12.0},{"not_picked":["champ:SetATrap","champ:AdrenalArmor"],"picked":"champ:EndlessRage","floor":13.0},{"not_picked":["champ:FanOfKnives","champ:Backstep","champ:RisingSlash"],"picked":"SKIP","floor":14.0},{"not_picked":["champ:GutPunch","champ:DefensiveShout"],"picked":"champ:FocusedBerserking","floor":15.0},{"not_picked":["champ:SteelEdge","champ:ShieldThrow"],"picked":"champ:GladiatorForm","floor":16.0},{"not_picked":["champ:EnGarde","champ:FanOfKnives","champ:SkillfulDodge"],"picked":"SKIP","floor":19.0},{"not_picked":["champ:DefensiveShout+1","champ:BerserkersShout"],"picked":"champ:IronFortress+1","floor":20.0},{"not_picked":["champ:Backstep","champ:CrownThrow"],"picked":"champ:FocusedDefense","floor":21.0},{"not_picked":["champ:CrownThrow+1","champ:GutPunch"],"picked":"champ:GladiatorStyle","floor":23.0},{"not_picked":["champ:FlashCut","champ:GutPunch","champ:SetATrap"],"picked":"champ:AdrenalArmor+1","floor":28.0},{"not_picked":["champ:BringItOn","champ:CrownThrow+1","champ:Encircle+1"],"picked":"champ:StrikeOfGenius","floor":29.0},{"not_picked":["champ:FanOfKnives","champ:BladeFlurry","champ:Haymaker","champ:AdrenalArmor"],"picked":"SKIP","floor":31.0},{"not_picked":["champ:CrownThrow","champ:Haymaker","champ:PreemptiveStrike","champ:EnragedBash"],"picked":"SKIP","floor":32.0},{"not_picked":["champ:HeavySlash","champ:VampiricStrike","champ:SteelEdge"],"picked":"champ:LastStand","floor":33.0},{"not_picked":["champ:FocusedDefense","champ:BerserkersShout","champ:CrownThrow+1"],"picked":"champ:StanceDance+1","floor":37.0},{"not_picked":["champ:Haymaker","champ:BringItOn+1","champ:EndlessRage+1"],"picked":"champ:Duel","floor":39.0},{"not_picked":["champ:SwordThrow","champ:EnGarde+1","champ:CrownThrow"],"picked":"champ:Endure+1","floor":45.0},{"not_picked":["champ:RisingSlash","champ:BringItOn","champ:ShieldThrow"],"picked":"champ:EnGarde+1","floor":46.0},{"not_picked":["champ:BringItOn","champ:Backstep","champ:Haymaker"],"picked":"champ:StanceDance+1","floor":47.0},{"not_picked":["champ:ArenaPreparation","champ:DeathBlow","champ:SetATrap"],"picked":"champ:StanceDance+1","floor":50.0}],"player_experience":141295,"relics_obtained":[{"floor":6.0,"key":"Pantograph"},{"floor":7.0,"key":"Anchor"},{"floor":12.0,"key":"Odd Mushroom"},{"floor":14.0,"key":"Omamori"},{"floor":21.0,"key":"champ:BlackKnightHelmet"},{"floor":21.0,"key":"InkBottle"},{"floor":24.0,"key":"Question Card"},{"floor":46.0,"key":"Ancient Tea Set"},{"floor":50.0,"key":"Art of War"}],"event_choices":[{"damage_healed":0.0,"max_hp_gain":0.0,"max_hp_loss":0.0,"gold_gain":0.0,"event_name":"Mushrooms","player_choice":"Fought Mushrooms","floor":12.0,"gold_loss":0.0,"damage_taken":0.0},{"cards_removed":["champ:DancingMaster"],"damage_healed":14.0,"max_hp_gain":10.0,"max_hp_loss":0.0,"gold_gain":0.0,"event_name":"Bonfire Elementals","player_choice":"Offered Rare","floor":22.0,"gold_loss":0.0,"damage_taken":0.0},{"cards_removed":["champ:Taunt"],"damage_healed":0.0,"max_hp_gain":0.0,"max_hp_loss":0.0,"gold_gain":0.0,"event_name":"Falling","player_choice":"Removed Skill","floor":42.0,"gold_loss":0.0,"damage_taken":0.0}],"is_beta":false,"boss_relics":[{"not_picked":["Busted Crown","Runic Pyramid"],"picked":"Runic Dome"},{"not_picked":["Black Star","Velvet Choker"],"picked":"Empty Cage"}],"items_purged_floors":[51],"is_endless":false,"potions_floor_spawned":[8,9,10,14,19,20,21,29,33,39,46,47,50],"ascension_level":0}}