{"host":"CarrotHands","time":1613462286,"event":{"mods":["BaseMod","Minty Spire (QoL Compilation)","Relic Stats","StSLib"],"gold_per_floor":[114,131,144,219,235,262,262,262,262,292,308,339,7,27,27,106,106,118,136,156,156,71,97,97,97],"floor_reached":24,"language":"ENG","playtime":1062,"items_purged":["Strike_B"],"score":476,"play_id":"b9a634b8-b99a-4628-9f67-6af476595aa9","local_time":"20210215235806","is_ascension_mode":true,"campfire_choices":[{"data":"Biased Cognition","floor":8,"key":"SMITH"},{"data":"Rip and Tear","floor":15,"key":"SMITH"}],"circlet_count":0,"master_deck":["AscendersBane","Defend_B","Defend_B+1","Defend_B","Defend_B","Zap","Dualcast","Ball Lightning","Rip and Tear+1","Streamline","Biased Cognition+1","Sweeping Beam","Ball Lightning","Conserve Battery+1","Loop","Skim","Cold Snap","Biased Cognition","Hologram","Reinforced Body","Rainbow","Ghostly","Ghostly","Ghostly","Buffer"],"relics":["Cracked Core","Potion Belt","Question Card","Blue Candle","Smiling Mask","Lee\u0027s Waffle","Nuclear Battery","War Paint","Bottled Tornado"],"acts_visited":["Exordium","TheCity"],"potions_floor_usage":[10,10,11,12],"damage_taken":[{"damage":1,"enemies":"2 Louse","floor":1,"turns":3},{"damage":0,"enemies":"Small Slimes","floor":2,"turns":3},{"damage":6,"enemies":"Cultist","floor":3,"turns":3},{"damage":3,"enemies":"Blue Slaver","floor":5,"turns":3},{"damage":8,"enemies":"Gremlin Nob","floor":6,"turns":3},{"damage":17,"enemies":"Lagavulin","floor":10,"turns":4},{"damage":9,"enemies":"Large Slime","floor":11,"turns":4},{"damage":11,"enemies":"Gremlin Nob","floor":12,"turns":3},{"damage":17,"enemies":"Exordium Wildlife","floor":14,"turns":4},{"damage":10,"enemies":"Slime Boss","floor":16,"turns":7},{"damage":14,"enemies":"Shell Parasite","floor":18,"turns":4},{"damage":0,"enemies":"Spheric Guardian","floor":19,"turns":3},{"damage":30,"enemies":"Chosen and Byrds","floor":20,"turns":5},{"damage":9,"enemies":"Slavers","floor":23,"turns":5},{"damage":41,"enemies":"Cultist and Chosen","floor":24,"turns":7}],"seed_played":"-1081284047946462552","potions_obtained":[{"floor":3,"key":"SkillPotion"},{"floor":5,"key":"Regen Potion"},{"floor":6,"key":"PowerPotion"},{"floor":11,"key":"FocusPotion"},{"floor":18,"key":"PotionOfCapacity"},{"floor":19,"key":"FairyPotion"}],"is_trial":false,"path_per_floor":["M","M","M","?","M","E","?","R","T","E","M","E","$","M","R","B",null,"M","M","M","?","?","E","M"],"character_chosen":"DEFECT","items_purchased":["Lee\u0027s Waffle","Loop","Skim"],"campfire_rested":0,"item_purchase_floors":[13,13,13],"current_hp_per_floor":[63,63,57,46,43,35,35,35,35,30,21,10,71,54,54,44,64,50,50,20,20,20,11,0,0],"gold":97,"neow_bonus":"REMOVE_TWO","is_daily":false,"chose_seed":false,"campfire_upgraded":2,"win_rate":0.0,"timestamp":1613462286,"path_taken":["M","M","M","?","M","E","?","R","T","E","M","E","$","M","R","BOSS","M","?","M","?","?","E","M"],"items_purchased_type":["Relic","Card","Card"],"build_version":"2020-12-18","purchased_purges":1,"victory":false,"max_hp_per_floor":[64,64,64,64,64,64,64,64,64,64,64,64,71,71,71,71,71,71,71,71,35,35,35,35,35],"relic_stats":{"Lee\u0027s Waffle":61,"counters":[15,61],"Blue Candle":[0],"War Paint":["Conserve Battery","Defend_B"],"Question Card":9,"Smiling Mask":25,"obtain_stats":[{"Potion Belt":6,"Lee\u0027s Waffle":13,"Blue Candle":10,"War Paint":22,"Bottled Tornado":23,"Cracked Core":0,"Question Card":9,"Smiling Mask":12,"Nuclear Battery":17},{"Potion Belt":5,"Lee\u0027s Waffle":8,"Blue Candle":6,"War Paint":13,"Bottled Tornado":14,"Cracked Core":0,"Question Card":5,"Smiling Mask":8,"Nuclear Battery":10},{"Potion Belt":15,"Lee\u0027s Waffle":26,"Blue Candle":19,"War Paint":49,"Bottled Tornado":54,"Cracked Core":0,"Question Card":15,"Smiling Mask":26,"Nuclear Battery":37}]},"card_choices":[{"not_picked":["Stack","Turbo"],"picked":"Ball Lightning","floor":1},{"not_picked":["White Noise","Lockon"],"picked":"Rip and Tear","floor":2},{"not_picked":["Stack","Coolheaded"],"picked":"Streamline","floor":3},{"not_picked":["Barrage","Streamline","Gash"],"picked":"SKIP","floor":5},{"not_picked":["Beam Cell","Tempest"],"picked":"Biased Cognition","floor":6},{"not_picked":["Coolheaded","Hologram","Sunder"],"picked":"Sweeping Beam","floor":10},{"not_picked":["Streamline","Barrage","Melter"],"picked":"Ball Lightning","floor":11},{"not_picked":["Aggregate","Reprogram","Tempest"],"picked":"Conserve Battery","floor":12},{"not_picked":["Rebound","Fusion","Sweeping Beam"],"picked":"Cold Snap","floor":14},{"not_picked":["Seek","Thunder Strike","Meteor Strike"],"picked":"Biased Cognition","floor":16},{"not_picked":["Cold Snap","Streamline","Aggregate"],"picked":"Hologram","floor":18},{"not_picked":["Leap","Barrage","Stack+1"],"picked":"Reinforced Body","floor":19},{"not_picked":["Go for the Eyes","Sweeping Beam","Reprogram"],"picked":"Rainbow","floor":20},{"not_picked":["Steam Power","Beam Cell+1","Fusion"],"picked":"Buffer","floor":23}],"player_experience":3157241,"relics_obtained":[{"floor":6,"key":"Potion Belt"},{"floor":9,"key":"Question Card"},{"floor":10,"key":"Blue Candle"},{"floor":12,"key":"Smiling Mask"},{"floor":23,"key":"Bottled Tornado"}],"event_choices":[{"damage_healed":0,"gold_gain":75,"player_choice":"Gather Gold","damage_taken":11,"max_hp_gain":0,"max_hp_loss":0,"event_name":"World of Goop","floor":4,"gold_loss":0},{"cards_removed":["Strike_B"],"damage_healed":0,"gold_gain":0,"player_choice":"Offered Basic","damage_taken":0,"max_hp_gain":0,"max_hp_loss":0,"event_name":"Bonfire Elementals","floor":7,"gold_loss":0},{"damage_healed":0,"gold_gain":0,"player_choice":"Became a Ghost","damage_taken":0,"max_hp_gain":0,"max_hp_loss":36,"event_name":"Ghosts","floor":21,"gold_loss":0,"cards_obtained":["Ghostly","Ghostly","Ghostly"]},{"damage_healed":0,"gold_gain":0,"player_choice":"Obtained Relic","damage_taken":0,"relics_obtained":["War Paint"],"max_hp_gain":0,"max_hp_loss":0,"event_name":"Addict","floor":22,"gold_loss":85}],"is_beta":true,"boss_relics":[{"not_picked":["Sozu","Astrolabe"],"picked":"Nuclear Battery"}],"items_purged_floors":[13],"is_endless":false,"potions_floor_spawned":[3,5,6,11,18,19],"killed_by":"Cultist and Chosen","ascension_level":20}}