{"host":"2fgwwnzqc97k7iys","time":1613509909,"event":{"mods":["BaseMod","Colored Map","Minty Spire (QoL Compilation)","Quick Restart","Relic Stats"],"gold_per_floor":[116,132,82,157,176,176,207,224,250,250,263,117,128,128,128,227,227,245,259,259,279,35,35,35,35],"floor_reached":24,"language":"ENG","playtime":2101,"items_purged":["Strike_B"],"score":322,"play_id":"264cd039-10fa-44a9-a560-d496e42321c0","local_time":"20210216151149","is_ascension_mode":true,"campfire_choices":[{"data":"Reinforced Body","floor":6,"key":"SMITH"},{"data":"Zap","floor":10,"key":"SMITH"},{"floor":15,"key":"REST"},{"data":"Rainbow","floor":23,"key":"SMITH"}],"circlet_count":0,"master_deck":["AscendersBane","Strike_B+1","Strike_B+1","Defend_B+1","Defend_B+1","Defend_B+1","Defend_B+1","Zap+1","Dualcast","Reinforced Body+1","Ball Lightning","Ball Lightning","Ball Lightning","Ball Lightning+1","Consume","Rainbow+1","Leap+1"],"relics":["Cracked Core","Bag of Preparation","Akabeko","Snecko Eye","Symbiotic Virus"],"acts_visited":["Exordium","TheCity"],"potions_floor_usage":[24],"damage_taken":[{"damage":4,"enemies":"Jaw Worm","floor":1,"turns":3},{"damage":0,"enemies":"2 Louse","floor":2,"turns":3},{"damage":3,"enemies":"Small Slimes","floor":5,"turns":3},{"damage":16,"enemies":"Gremlin Nob","floor":7,"turns":3},{"damage":0,"enemies":"Exordium Wildlife","floor":8,"turns":3},{"damage":1,"enemies":"Looter","floor":11,"turns":2},{"damage":13,"enemies":"Large Slime","floor":13,"turns":3},{"damage":15,"enemies":"Hexaghost","floor":16,"turns":9},{"damage":0,"enemies":"Chosen","floor":18,"turns":3},{"damage":7,"enemies":"Shell Parasite","floor":19,"turns":3},{"damage":0,"enemies":"Cultist and Chosen","floor":21,"turns":5},{"damage":54,"enemies":"Gremlin Leader","floor":24,"turns":9}],"seed_played":"-247921637188494718","potions_obtained":[{"floor":2,"key":"BlessingOfTheForge"},{"floor":5,"key":"SteroidPotion"},{"floor":7,"key":"Weak Potion"}],"is_trial":false,"path_per_floor":["M","M","?","?","M","R","E","M","T","R","M","$","M","?","R","B",null,"M","M","?","M","$","R","E"],"character_chosen":"DEFECT","items_purchased":["Consume","Symbiotic Virus"],"campfire_rested":1,"item_purchase_floors":[12,22],"current_hp_per_floor":[64,64,64,53,50,50,34,34,34,34,33,33,20,5,27,12,59,59,52,52,52,52,52,0,0],"gold":35,"neow_bonus":"THREE_CARDS","is_daily":false,"chose_seed":false,"campfire_upgraded":3,"win_rate":0.0,"timestamp":1613509909,"path_taken":["M","M","?","?","M","R","E","M","T","R","M","$","?","?","R","BOSS","M","M","?","M","$","R","E"],"items_purchased_type":["Card","Relic"],"build_version":"2020-12-22","purchased_purges":1,"victory":false,"max_hp_per_floor":[75,75,75,75,75,75,75,75,75,75,75,75,75,75,75,75,75,75,75,75,75,75,75,75,75],"relic_stats":{"counters":[12,49],"Snecko Eye":[32,32,35,33],"Bag of Preparation":[16],"obtain_stats":[{"Snecko Eye":17,"Bag of Preparation":7,"Cracked Core":0,"Symbiotic Virus":22,"Akabeko":9},{"Snecko Eye":8,"Bag of Preparation":4,"Cracked Core":0,"Symbiotic Virus":11,"Akabeko":5},{"Snecko Eye":29,"Bag of Preparation":12,"Cracked Core":0,"Symbiotic Virus":40,"Akabeko":15}]},"card_choices":[{"not_picked":["Redo","Hello World"],"picked":"Reinforced Body","floor":0},{"not_picked":["Coolheaded","Steam"],"picked":"Ball Lightning","floor":1},{"not_picked":["Hello World","Recycle"],"picked":"Ball Lightning","floor":2},{"not_picked":["Redo","BootSequence"],"picked":"Ball Lightning","floor":5},{"not_picked":["Beam Cell","Reboot"],"picked":"Ball Lightning","floor":7},{"not_picked":["Chaos","Self Repair","Hello World"],"picked":"SKIP","floor":8},{"not_picked":["Compile Driver","Go for the Eyes","Heatsinks"],"picked":"SKIP","floor":11},{"not_picked":["Redo","Heatsinks","Tempest"],"picked":"SKIP","floor":13},{"not_picked":["Creative AI","Machine Learning"],"picked":"Rainbow","floor":16},{"not_picked":["Rebound+1","Ball Lightning","Recycle+1"],"picked":"SKIP","floor":18},{"not_picked":["Heatsinks+1","Sweeping Beam"],"picked":"Leap+1","floor":19},{"not_picked":["Rebound","FTL","Auto Shields"],"picked":"SKIP","floor":21}],"player_experience":584795,"relics_obtained":[{"floor":7,"key":"Bag of Preparation"},{"floor":9,"key":"Akabeko"}],"event_choices":[{"cards_removed":["Strike_B"],"damage_healed":0,"gold_gain":0,"player_choice":"Card Removal","damage_taken":0,"max_hp_gain":0,"max_hp_loss":0,"event_name":"The Cleric","floor":3,"gold_loss":50},{"damage_healed":0,"gold_gain":75,"player_choice":"Gather Gold","damage_taken":11,"max_hp_gain":0,"max_hp_loss":0,"event_name":"World of Goop","floor":4,"gold_loss":0},{"damage_healed":0,"gold_gain":0,"player_choice":"Entered Light","damage_taken":15,"max_hp_gain":0,"max_hp_loss":0,"event_name":"Shining Light","floor":14,"gold_loss":0,"cards_upgraded":["Ball Lightning","Defend_B"]},{"damage_healed":0,"gold_gain":0,"player_choice":"Simplicity","damage_taken":0,"max_hp_gain":0,"max_hp_loss":0,"event_name":"Back to Basics","floor":20,"gold_loss":0,"cards_upgraded":["Strike_B","Strike_B","Defend_B","Defend_B","Defend_B"]}],"is_beta":false,"boss_relics":[{"not_picked":["Ectoplasm","Busted Crown"],"picked":"Snecko Eye"}],"items_purged_floors":[12],"is_endless":false,"potions_floor_spawned":[2,5,7,16,18,21],"killed_by":"Gremlin Leader","ascension_level":10}}