{"host":"ydg0vn0pu4pubmdt","time":1613504849,"event":{"mods":["AchievementEnabler","BaseMod","Colored Map","Minty Spire (QoL Compilation)","Quick Restart","SuperFastMode"],"gold_per_floor":[113,127,145,160,160,187,203,222,222,257,257,257,257],"floor_reached":12,"language":"KOR","playtime":279,"items_purged":[],"score":184,"play_id":"e6e9f06a-2444-45fe-8ba2-31e69a1fedff","local_time":"20210217044729","is_ascension_mode":true,"campfire_choices":[],"circlet_count":0,"master_deck":["AscendersBane","Strike_G","Strike_G","Strike_G","Defend_G","Defend_G","Defend_G","Defend_G","Defend_G","Survivor","Neutralize","Poisoned Stab","Deadly Poison","Blade Dance","Well Laid Plans","Bouncing Flask","Eviscerate","Quick Slash"],"relics":["Ring of the Snake","Oddly Smooth Stone","Letter Opener","Shovel"],"acts_visited":["Exordium"],"potions_floor_usage":[4,10],"damage_taken":[{"damage":4.0,"enemies":"Small Slimes","floor":1.0,"turns":3.0},{"damage":1.0,"enemies":"Cultist","floor":2.0,"turns":4.0},{"damage":0.0,"enemies":"2 Louse","floor":3.0,"turns":2.0},{"damage":12,"enemies":"Exordium Thugs","floor":4,"turns":3},{"damage":26,"enemies":"Gremlin Nob","floor":6,"turns":4},{"damage":2,"enemies":"Exordium Wildlife","floor":7,"turns":4},{"damage":10,"enemies":"Large Slime","floor":8,"turns":5},{"damage":15,"enemies":"Lagavulin","floor":10,"turns":5},{"damage":0,"enemies":"3 Sentries","floor":12,"turns":1}],"seed_played":"-1634662572703102331","potions_obtained":[{"floor":0.0,"key":"ColorlessPotion"},{"floor":0.0,"key":"Regen Potion"},{"floor":3.0,"key":"GhostInAJar"},{"floor":4,"key":"FairyPotion"}],"is_trial":false,"path_per_floor":["M","M","M","M","?","E","M","M","T","E","?","E"],"character_chosen":"THE_SILENT","items_purchased":[],"campfire_rested":0,"item_purchase_floors":[],"current_hp_per_floor":[55,54,54,54,54,28,26,16,16,1,1,1,1],"gold":257,"neow_bonus":"THREE_SMALL_POTIONS","is_daily":false,"chose_seed":false,"campfire_upgraded":0,"win_rate":0.0,"timestamp":1613504849,"path_taken":["M","M","M","M","?","E","M","?","T","E","?","E"],"items_purchased_type":[],"build_version":"2020-12-22","purchased_purges":0,"victory":false,"max_hp_per_floor":[66,66,66,66,66,66,66,66,66,66,66,66,66],"card_choices":[{"not_picked":["Distraction","Acrobatics"],"picked":"Poisoned Stab","floor":1.0},{"not_picked":["Acrobatics","Quick Slash"],"picked":"Deadly Poison","floor":2.0},{"not_picked":["Poisoned Stab","Acrobatics"],"picked":"Blade Dance","floor":3.0},{"not_picked":["Endless Agony","Quick Slash"],"picked":"Well Laid Plans","floor":4},{"not_picked":["Acrobatics","Deadly Poison"],"picked":"Bouncing Flask","floor":6},{"not_picked":["Concentrate","Riddle With Holes"],"picked":"Eviscerate","floor":7},{"not_picked":["Bane","Outmaneuver","Bouncing Flask"],"picked":"SKIP","floor":8},{"not_picked":["Heel Hook","Concentrate","Well Laid Plans"],"picked":"SKIP","floor":10}],"player_experience":604854,"relics_obtained":[{"floor":6,"key":"Oddly Smooth Stone"},{"floor":9,"key":"Letter Opener"},{"floor":10,"key":"Shovel"}],"event_choices":[{"cards_removed":["Strike_G"],"damage_healed":0,"gold_gain":0,"player_choice":"Offered Basic","damage_taken":0,"max_hp_gain":0,"max_hp_loss":0,"event_name":"Bonfire Elementals","floor":5,"gold_loss":0},{"damage_healed":0,"gold_gain":0,"cards_transformed":["Strike_G"],"player_choice":"Transformed","damage_taken":0,"max_hp_gain":0,"max_hp_loss":0,"event_name":"Transmorgrifier","floor":11,"gold_loss":0,"cards_obtained":["Quick Slash"]}],"is_beta":false,"boss_relics":[],"items_purged_floors":[],"is_endless":false,"potions_floor_spawned":[3,4,8],"killed_by":"3 Sentries","ascension_level":20}}