{"host":"uv5ws9rdk87e8i5k","time":1613440144,"event":{"mods":["AchievementEnabler","BaseMod","Colored Map","Minty Spire (QoL Compilation)","Permanent Neow","Quick Restart","StSLib","SuperFastMode","The Necromancer"],"gold_per_floor":[112,123,140,150,166,195,210,227,227,227,246,261,276,293,293,390,390,410,424,24,24,43,43,43],"floor_reached":23,"language":"ENG","playtime":887,"items_purged":["Strike_B"],"score":244,"play_id":"44cf2b7a-1a09-4697-99c8-d83c04dc71f2","local_time":"20210215194904","is_ascension_mode":true,"campfire_choices":[{"floor":10,"key":"REST"},{"data":"Buffer","floor":15,"key":"SMITH"}],"circlet_count":0,"master_deck":["Strike_B","Strike_B","Defend_B","Defend_B","Defend_B","Zap","Dualcast","Biased Cognition","Buffer+1","Redo","Genetic Algorithm","Cold Snap","Streamline","Coolheaded","Sweeping Beam","Loop","Reinforced Body","Skim","Creative AI","Cold Snap","Buffer","Heatsinks","Conserve Battery","Turbo","Self Repair","Machine Learning","Coolheaded+1","Buffer","Cold Snap"],"relics":["Cracked Core","Prayer Wheel","Emotion Chip","Runic Pyramid","Eternal Feather"],"acts_visited":["Exordium","TheCity"],"potions_floor_usage":[5,6,16,16,23],"damage_taken":[{"damage":0,"enemies":"Cultist","floor":1,"turns":3},{"damage":0,"enemies":"Small Slimes","floor":2,"turns":2},{"damage":6,"enemies":"2 Louse","floor":3,"turns":2},{"damage":4,"enemies":"Exordium Thugs","floor":4,"turns":5},{"damage":0,"enemies":"Gremlin Gang","floor":5,"turns":3},{"damage":20,"enemies":"3 Sentries","floor":6,"turns":7},{"damage":6,"enemies":"Large Slime","floor":7,"turns":6},{"damage":0,"enemies":"2 Fungi Beasts","floor":8,"turns":2},{"damage":10,"enemies":"Exordium Wildlife","floor":11,"turns":3},{"damage":4,"enemies":"Looter","floor":12,"turns":3},{"damage":4,"enemies":"3 Louse","floor":13,"turns":5},{"damage":0,"enemies":"Blue Slaver","floor":14,"turns":4},{"damage":8,"enemies":"The Guardian","floor":16,"turns":11},{"damage":16,"enemies":"Spheric Guardian","floor":18,"turns":8},{"damage":9,"enemies":"3 Byrds","floor":19,"turns":6},{"damage":4,"enemies":"Snecko","floor":22,"turns":6},{"damage":18,"enemies":"Gremlin Leader","floor":23,"turns":3}],"seed_played":"4236552346406928535","potions_obtained":[{"floor":1,"key":"Explosive Potion"},{"floor":5,"key":"PotionOfCapacity"},{"floor":7,"key":"PotionOfCapacity"},{"floor":11,"key":"Weak Potion"},{"floor":16,"key":"Strength Potion"},{"floor":19,"key":"BlessingOfTheForge"}],"is_trial":false,"path_per_floor":["M","M","M","M","M","E","M","M","T","R","M","M","M","M","R","B",null,"M","M","$","?","M","E"],"character_chosen":"DEFECT","items_purchased":["Eternal Feather","LiquidMemories"],"campfire_rested":1,"item_purchase_floors":[20,20],"current_hp_per_floor":[54,54,48,44,44,24,18,18,18,40,30,26,22,22,22,14,75,66,57,57,57,53,35,35],"gold":43,"neow_bonus":"TRANSFORM_TWO_CARDS","is_daily":false,"chose_seed":false,"campfire_upgraded":1,"win_rate":0.0,"timestamp":1613440144,"path_taken":["M","M","M","M","M","E","M","?","T","R","M","M","M","M","R","BOSS","M","M","$","?","M","E"],"items_purchased_type":["Relic","Potion"],"build_version":"2020-12-22","purchased_purges":1,"victory":false,"max_hp_per_floor":[75,75,75,75,75,75,75,75,75,75,75,75,75,75,75,75,75,75,75,75,75,75,75,75],"card_choices":[{"not_picked":["Recycle","Compile Driver"],"picked":"Redo","floor":1},{"not_picked":["Rebound","Gash"],"picked":"Genetic Algorithm","floor":2},{"not_picked":["Go for the Eyes","Fusion"],"picked":"Cold Snap","floor":3},{"not_picked":["Chill","Compile Driver"],"picked":"Streamline","floor":4},{"not_picked":["Chill","Hello World"],"picked":"Coolheaded","floor":5},{"not_picked":["Ball Lightning","Static Discharge"],"picked":"Sweeping Beam","floor":6},{"not_picked":["Conserve Battery","Gash"],"picked":"Loop","floor":7},{"not_picked":["Stack","Go for the Eyes"],"picked":"Reinforced Body","floor":7},{"not_picked":["Gash","BootSequence"],"picked":"Skim","floor":8},{"not_picked":["Gash","Steam"],"picked":"Creative AI","floor":8},{"not_picked":["Barrage","Steam"],"picked":"Cold Snap","floor":11},{"not_picked":["Rebound","Tempest","Sunder"],"picked":"SKIP","floor":11},{"not_picked":["Beam Cell","Gash"],"picked":"Buffer","floor":12},{"not_picked":["Reprogram","Cold Snap"],"picked":"Heatsinks","floor":12},{"not_picked":["Streamline","Chill"],"picked":"Conserve Battery","floor":13},{"not_picked":["Barrage","Rebound"],"picked":"Turbo","floor":13},{"not_picked":["Cold Snap","Creative AI"],"picked":"Self Repair","floor":14},{"not_picked":["Hologram","Streamline","Conserve Battery"],"picked":"SKIP","floor":14},{"not_picked":["Core Surge","Fission"],"picked":"Machine Learning","floor":16},{"not_picked":["Gash+1","Conserve Battery","Compile Driver+1"],"picked":"SKIP","floor":18},{"not_picked":["Static Discharge","Conserve Battery","Beam Cell"],"picked":"SKIP","floor":18},{"not_picked":["Beam Cell","Steam"],"picked":"Coolheaded+1","floor":19},{"not_picked":["Streamline+1","Static Discharge+1","Lockon+1"],"picked":"SKIP","floor":19},{"not_picked":["Hologram+1","Redo+1"],"picked":"Buffer","floor":22},{"not_picked":["Rebound","Steam"],"picked":"Cold Snap","floor":22}],"player_experience":198480,"relics_obtained":[{"floor":6,"key":"Prayer Wheel"},{"floor":9,"key":"Emotion Chip"}],"event_choices":[],"is_beta":false,"boss_relics":[{"not_picked":["Empty Cage","Black Star"],"picked":"Runic Pyramid"}],"items_purged_floors":[20],"is_endless":false,"potions_floor_spawned":[1,5,7,11,16,19],"killed_by":"Gremlin Leader","ascension_level":4}}