{"host":"4aszh1v8x6uog22d","time":1613484993,"event":{"mods":["AchievementEnabler","Act Like it!","Aspiration","BaseMod","Colored Powertips","Conspire","Downfall","Gensokyo","GungeonMod","Hallownest","Marisa£®ÏF”Í°°ƒß¿Ì…≥£©","Minty Spire (QoL Compilation)","Pale of the Ancients","Quick Restart","Random Character Button","Replay The Spire","StSLib","The Jungle"],"gold_per_floor":[99,99,99,99,113,9329,9329,9364,9375,9375,9405,9305,9325,9337,9354,9458,9458,9358,9368,9379,9390,9411,8684,8684,8684,8709,8743,8754,7998,7998,8195,8212,8311,8311,8311,8330,8349,8360,8027,8027,8027,8039,8052,8079,8132,8145,8045,8074,8090,8090,8090,8117,7518,7518,7518,7518],"floor_reached":57,"language":"ZHS","playtime":4721,"items_purged":["hexamod:Strike","hexamod:Defend","hexamod:Defend","hexamod:Strike"],"score":1643,"play_id":"a035f034-3825-4153-addb-43199908132e","local_time":"20210216221633","is_ascension_mode":false,"campfire_choices":[{"data":"hexamod:Float","floor":1.0,"key":"SMITH"},{"data":"expansioncontent:StudyTheSpire","floor":10.0,"key":"SMITH"},{"floor":12.0,"key":"RECALL"},{"data":"hexamod:GhostflameInferno","floor":18.0,"key":"SMITH"},{"data":"Apotheosis","floor":30.0,"key":"SMITH"},{"floor":35.0,"key":"DIG"},{"data":"1","floor":40.0,"key":"LIFT"},{"data":"2","floor":47,"key":"LIFT"},{"data":"3","floor":54,"key":"LIFT"}],"circlet_count":1,"master_deck":["hexamod:Strike","hexamod:Strike+1","hexamod:Defend","hexamod:Defend","hexamod:Sear","hexamod:Float+1","expansioncontent:StudyTheSpire+1","hexamod:StepThrough","hexamod:UnlimitedPower","hexamod:SoulSteal","hexamod:GhostflameInferno+1","hexamod:GiftsFromTheDead","hexamod:SpectralAdrenaline","hexamod:GhostOfSpirePast","hexamod:GhostOfSpirePast","Mayhem","Magnetism","Discovery","hexamod:SpectralAdrenaline","Apotheosis+1","hexamod:GhostflameInferno","hexamod:Again+1","hexamod:GhostOfSpirePresent","hexamod:Rewind","hexamod:Again","expansioncontent:Chronoboost"],"relics":["hexamod:SpiritBrand","downfall:HeartsMalice","Blue Doll","Medical Kit","Girya","DemoMod:SerJunkan","Bag of Preparation","DemoMod:Junk","downfall:HeartBlessingGreen","DemoMod:GlassGuonStoneRelic","conspire:RunicOctahedron","downfall:HeartBlessingRed","DemoMod:MonsterBlood","DemoMod:GreenGuonStone","ReplayTheSpireMod:ShopPack","Ornamental Fan","hexamod:TheBrokenSeal","Pantograph","PreservedInsect","DemoMod:MemoryAlloy","Circlet","Bottled Lightning","aspiration:FutureDiary","downfall:HeartBlessingBlue","Slimebound:PreparedRelic","Toolbox"],"acts_visited":["Exordium","TheCity","TheBeyond","TheEnding"],"potions_floor_usage":[55,55,56,56,56,56],"damage_taken":[{"damage":0.0,"enemies":"Cultist","floor":2.0,"turns":1.0},{"damage":0.0,"enemies":"Small Slimes","floor":3.0,"turns":1.0},{"damage":0.0,"enemies":"conspire:RoseBush","floor":4.0,"turns":1.0},{"damage":12.0,"enemies":"2 Fungi Beasts","floor":5.0,"turns":4.0},{"damage":0.0,"enemies":"downfall:FleeingMerchant","floor":6.0,"turns":1.0},{"damage":7.0,"enemies":"Lagavulin","floor":8.0,"turns":4.0},{"damage":5.0,"enemies":"downfall:LooterAlt","floor":9.0,"turns":4.0},{"damage":12.0,"enemies":"Replay:BlueRogue","floor":11.0,"turns":6.0},{"damage":8.0,"enemies":"3 Louse","floor":13.0,"turns":2.0},{"damage":7.0,"enemies":"2 Fungi Beasts","floor":14.0,"turns":3.0},{"damage":14.0,"enemies":"Blue Slaver","floor":15.0,"turns":3.0},{"damage":0.0,"enemies":"IC_STATUS_ARCHETYPE","floor":16.0,"turns":1.0},{"damage":0.0,"enemies":"3 Byrds","floor":19.0,"turns":4.0},{"damage":0.0,"enemies":"Chosen","floor":20.0,"turns":3.0},{"damage":0.0,"enemies":"Centurion and Healer","floor":21.0,"turns":3.0},{"damage":0.0,"enemies":"Snecko","floor":22.0,"turns":4.0},{"damage":0.0,"enemies":"3 Cultists","floor":26.0,"turns":3.0},{"damage":0.0,"enemies":"conspire:SneckoGhost","floor":27.0,"turns":3.0},{"damage":0.0,"enemies":"Cultist and Chosen","floor":28.0,"turns":3.0},{"damage":0.0,"enemies":"Snecko","floor":32.0,"turns":2.0},{"damage":0.0,"enemies":"WA_ARCHETYPE_CALM","floor":33.0,"turns":5.0},{"damage":0.0,"enemies":"3 Darklings","floor":36.0,"turns":3.0},{"damage":0.0,"enemies":"3 Shapes","floor":37.0,"turns":3.0},{"damage":0.0,"enemies":"3 Darklings","floor":38.0,"turns":2.0},{"damage":0.0,"enemies":"Transient","floor":42.0,"turns":5.0},{"damage":0,"enemies":"Writhing Mass","floor":43,"turns":1},{"damage":0,"enemies":"Reptomancer","floor":44,"turns":2},{"damage":0,"enemies":"Orin","floor":45,"turns":3},{"damage":0,"enemies":"Sphere and 2 Shapes","floor":46,"turns":1},{"damage":0,"enemies":"conspire:MimicChest","floor":48,"turns":1},{"damage":0,"enemies":"Maw","floor":49,"turns":2},{"damage":0,"enemies":"SI_POISON_ARCHETYPE","floor":50,"turns":2},{"damage":0,"enemies":"downfall:CharBossMerchant","floor":52,"turns":3},{"damage":0,"enemies":"downfall:NeowBoss","floor":55,"turns":6},{"damage":0,"enemies":"downfall:NeowBossFinal","floor":56,"turns":4}],"seed_played":"5548825838293086712","potions_obtained":[{"floor":5.0,"key":"Weak Potion"},{"floor":8.0,"key":"BlessingOfTheForge"},{"floor":14.0,"key":"Strength Potion"},{"floor":20.0,"key":"SkillPotion"},{"floor":22.0,"key":"EntropicBrew"},{"floor":26.0,"key":"Adrenaline Potion"},{"floor":33.0,"key":"DuplicationPotion"},{"floor":38.0,"key":"DistilledChaos"},{"floor":42.0,"key":"SteroidPotion"}],"is_trial":false,"path_per_floor":["R","M","M","M","M","$","T","E","M","R","E","R","M","M","M","B",null,"R","M","M","M","M","$","T","?","M","E","M","$","R","?","M","B",null,"R","M","M","M","?","R","T","M","M","E","?","M","R","?","M","B",null,"E","$","R","B","B",null],"character_chosen":"THE_SPIRIT","items_purchased":["expansioncontent:StudyTheSpire","Blue Doll","Medical Kit","Girya","hexamod:StepThrough","hexamod:UnlimitedPower","DemoMod:MonsterBlood","DemoMod:GreenGuonStone","ReplayTheSpireMod:ShopPack","hexamod:GhostOfSpirePast","PreservedInsect","DemoMod:MemoryAlloy","Strange Spoon","hexamod:SpectralAdrenaline","Slimebound:PreparedRelic","Toolbox","expansioncontent:Chronoboost"],"campfire_rested":0,"item_purchase_floors":[6,6,6,6,6,6,23,23,23,23,29,29,29,29,53,53,53],"current_hp_per_floor":[70,70,70,70,58,58,58,51,46,46,34,34,26,19,15,15,70,70,70,70,70,70,77,77,70,87,87,87,87,87,66,66,87,87,87,87,87,87,98,98,98,98,98,98,98,98,108,108,108,108,108,108,108,108,108,108],"gold":7518,"neow_bonus":"THREE_ENEMY_KILL","is_daily":false,"chose_seed":false,"campfire_upgraded":4,"win_rate":0.0,"timestamp":1613484993,"path_taken":["R","M","M","M","M","$","T","E","M","R","E","R","M","M","M","BOSS","BOSS","R","M","M","M","?","$","T","?","M","E","M","$","R","?","M","BOSS","R","M","M","M","?","R","T","M","M","E","?","M","R","?","M","BOSS","E","$","R","BOSS","BOSS"],"items_purchased_type":["Card","Relic","Relic","Relic","Card","Card","Relic","Relic","Relic","Card","Relic","Relic","Relic","Card","Relic","Relic","Card"],"build_version":"2020-12-22","purchased_purges":4,"victory":true,"max_hp_per_floor":[70,70,70,70,70,70,70,70,70,70,70,70,70,70,70,70,70,70,70,70,70,70,77,77,77,87,87,87,87,87,87,87,87,87,87,87,87,87,98,98,98,98,98,98,98,98,108,108,108,108,108,108,108,108,108,108],"card_choices":[{"not_picked":["hexamod:NightmareGuise","hexamod:Firestarter","hexamod:FlamesFromBeyond"],"picked":"SKIP","floor":2.0},{"not_picked":["hexamod:PhantomFireball","hexamod:NightmareStrike","hexamod:FastForward"],"picked":"SKIP","floor":3.0},{"not_picked":["hexamod:BacktrackSmack","hexamod:HeatMetal","hexamod:GhostflameBarrier"],"picked":"SKIP","floor":4.0},{"not_picked":["hexamod:Hexaguard","hexamod:HauntingEcho","hexamod:NightmareGuise"],"picked":"SKIP","floor":5.0},{"not_picked":["hexamod:SpectralSpark","hexamod:SuperheatedStrike","hexamod:RetreatToShadows"],"picked":"SKIP","floor":6.0},{"not_picked":["hexamod:BacktrackSmack","hexamod:NecessarySacrifice","hexamod:Firestarter"],"picked":"SKIP","floor":8.0},{"not_picked":["hexamod:FirstSeal","hexamod:BacktrackSmack","hexamod:ParanormalForm"],"picked":"SKIP","floor":9.0},{"not_picked":["hexamod:HeatShield","hexamod:Hexaguard","hexamod:AdvancingGuard"],"picked":"SKIP","floor":11.0},{"not_picked":["hexamod:AdvancingGuard","hexamod:SpectersWail","hexamod:RetreatToShadows"],"picked":"SKIP","floor":13.0},{"not_picked":["hexamod:RadiantFlame","hexamod:Again"],"picked":"hexamod:SoulSteal","floor":14.0},{"not_picked":["hexamod:HauntingEcho","hexamod:Firestarter"],"picked":"hexamod:FifthSeal","floor":15.0},{"not_picked":["hexamod:Toasty","hexamod:GiftsFromTheDead"],"picked":"hexamod:GhostflameInferno","floor":16.0},{"not_picked":["hexamod:ThermalTransfer","hexamod:FastForward"],"picked":"hexamod:FourthSeal","floor":19.0},{"not_picked":["hexamod:FourthSeal","hexamod:SecondSeal"],"picked":"hexamod:ThirdSeal","floor":20.0},{"not_picked":["hexamod:HeatMetal","hexamod:SpectersWail","hexamod:FlamesFromBeyond"],"picked":"SKIP","floor":20.0},{"not_picked":["hexamod:ThirdSeal","hexamod:FourthSeal"],"picked":"hexamod:SixthSeal","floor":21.0},{"not_picked":["hexamod:HeatMetal","hexamod:PowerFromBeyond"],"picked":"hexamod:SecondSeal","floor":21.0},{"not_picked":["hexamod:SpectersWail+1","hexamod:SwordOfDarkness+1","hexamod:GhostLash"],"picked":"SKIP","floor":21.0},{"not_picked":["hexamod:HeatShield+1","hexamod:GhostLash"],"picked":"hexamod:GiftsFromTheDead","floor":22.0},{"not_picked":["hexamod:SwordOfDarkness","hexamod:PhantomFireball+1"],"picked":"hexamod:SpectralAdrenaline","floor":22.0},{"not_picked":["Poisoned Strike","Metamorphosis"],"picked":"Mayhem","floor":23.0},{"not_picked":["Violence","Secret Weapon"],"picked":"Magnetism","floor":23.0},{"not_picked":["Specialist","Panacea"],"picked":"Discovery","floor":23.0},{"not_picked":["hexamod:GhostLash+1","hexamod:SpectersWail","hexamod:Incineration"],"picked":"SKIP","floor":26.0},{"not_picked":["hexamod:NightmareStrike+1","hexamod:Hexaguard","hexamod:GhostLash"],"picked":"SKIP","floor":27.0},{"not_picked":["hexamod:HeatMetal+1","hexamod:SpectralSpark+1","hexamod:GhostOfSpireFuture"],"picked":"SKIP","floor":28.0},{"not_picked":["hexamod:BurningTouch","hexamod:BacktrackSmack","hexamod:SuperheatedStrike"],"picked":"SKIP","floor":32.0},{"not_picked":["hexamod:VolcanoVisage","hexamod:UnleashSpirits"],"picked":"hexamod:GhostflameInferno","floor":33.0},{"not_picked":["hexamod:HeatShield","hexamod:Firestarter+1","hexamod:NightmareGuise"],"picked":"SKIP","floor":36.0},{"not_picked":["hexamod:FourthSeal","hexamod:HeatShield+1","hexamod:RainOfEmbers+1"],"picked":"SKIP","floor":37.0},{"not_picked":["hexamod:AdvancingGuard+1","hexamod:HeatShield+1","hexamod:HeatMetal"],"picked":"SKIP","floor":38.0},{"not_picked":["hexamod:RecurringNightmare","hexamod:SecondSeal","hexamod:BurningTouch"],"picked":"SKIP","floor":42.0},{"not_picked":["hexamod:GhostLash+1","hexamod:SpectersWail","hexamod:HauntingEcho"],"picked":"SKIP","floor":43},{"not_picked":["hexamod:NecessarySacrifice+1","hexamod:HauntingEcho+1"],"picked":"hexamod:Again+1","floor":44},{"not_picked":["hexamod:SecondSeal","hexamod:ShieldOfDarkness"],"picked":"hexamod:GhostOfSpirePresent","floor":46},{"not_picked":["hexamod:FlamesFromBeyond+1","hexamod:GhostShield"],"picked":"hexamod:Rewind","floor":48},{"not_picked":["hexamod:Hexaguard","hexamod:BurningTouch+1"],"picked":"hexamod:Again","floor":49},{"not_picked":["hexamod:Hexaguard+1","hexamod:GhostLash+1","hexamod:SuperheatedStrike+1"],"picked":"SKIP","floor":52}],"player_experience":466392,"relics_obtained":[{"floor":7.0,"key":"DemoMod:SerJunkan"},{"floor":8.0,"key":"Bag of Preparation"},{"floor":11.0,"key":"DemoMod:Junk"},{"floor":24.0,"key":"Ornamental Fan"},{"floor":27.0,"key":"Pantograph"},{"floor":35.0,"key":"DemoMod:Junk"},{"floor":44,"key":"DemoMod:Junk"},{"floor":45,"key":"DemoMod:Junk"},{"floor":48,"key":"DemoMod:Junk"},{"floor":52,"key":"DemoMod:Junk"}],"event_choices":[{"damage_healed":0,"gold_gain":0,"player_choice":"Fight","damage_taken":0,"max_hp_gain":0,"max_hp_loss":0,"event_name":"OrinTheCat","floor":45,"gold_loss":0}],"is_beta":false,"boss_relics":[{"not_picked":["Fusion Hammer","SlaversCollar"],"picked":"conspire:RunicOctahedron"},{"not_picked":["conspire:SeveredTorchhead","aspiration:DefectSkillbook"],"picked":"aspiration:FutureDiary"}],"items_purged_floors":[6,23,29,53],"is_endless":false,"potions_floor_spawned":[5,8,14,15,16,20,22,26,33,36,38,42,43],"ascension_level":0}}