{"host":"wshey5htrz8rni6u","time":1613472862,"event":{"mods":["2.2 Compatiblity","BaseMod","Block Reminder","Colored Map","Colored Powertips","Current Relic Mod","Curses Come First","Dark Map","Key Reminder","Keyboard Shortcuts","Minty Spire (QoL Compilation)","Potion Indicator Mod","Quick Restart","Random Character Button","Relic Sorter","Relic Stats","StSLib","SuperFastMode","Twitch Utils","Unceasing Turn Reminder","UnlockEverythingMod","Weighted Paths","everything is the same but u backflip on backflip"],"gold_per_floor":[112,112,112,136,61,100,200,225,225,263,287,237,61,61,61,190,190,214,214,129,129,142,185,200,231,231,231,35,134,134,44,44,44,44],"floor_reached":33,"language":"ENG","playtime":2582,"items_purged":["Strike_G","Strike_G","Pain"],"score":462,"play_id":"03334136-33bc-4cea-862f-90a13c1a4976","local_time":"20210216025422","is_ascension_mode":true,"campfire_choices":[{"floor":15,"key":"REST"},{"data":"Well Laid Plans","floor":27,"key":"SMITH"},{"data":"Neutralize","floor":30,"key":"SMITH"},{"data":"Acrobatics","floor":32,"key":"SMITH"}],"circlet_count":0,"master_deck":["Strike_G","Defend_G","Defend_G+1","Defend_G","Defend_G+1","Defend_G","Survivor","Neutralize+1","Predator","Accuracy","All Out Attack","Well Laid Plans+1","Endless Agony","Acrobatics+1","Caltrops","Infinite Blades","Dodge and Roll","Venomology","Backflip","Ghostly","Ghostly","Ghostly","Ghostly","Ghostly","Blade Dance","Adrenaline","Poisoned Stab","Flechettes","Poisoned Stab+1","Bane+1","Accuracy","Cloak And Dagger","Infinite Blades"],"relics":["Ring of the Snake","NeowsBlessing","Golden Idol","Mummified Hand","Smiling Mask","Juzu Bracelet","Cursed Key","Nloth\u0027s Gift","Bag of Marbles","Tiny Chest","keyreminder:keyreminder","Molten Egg 2"],"acts_visited":["Exordium","TheCity"],"potions_floor_usage":[10,16,18,23,24,24,25,25],"damage_taken":[{"damage":0,"enemies":"Cultist","floor":1,"turns":1},{"damage":0,"enemies":"Small Slimes","floor":4,"turns":1},{"damage":0,"enemies":"Lagavulin","floor":6,"turns":1},{"damage":0,"enemies":"2 Louse","floor":8,"turns":2},{"damage":24,"enemies":"Gremlin Nob","floor":10,"turns":4},{"damage":7,"enemies":"Large Slime","floor":11,"turns":9},{"damage":28,"enemies":"Slime Boss","floor":16,"turns":9},{"damage":10,"enemies":"Chosen","floor":18,"turns":5},{"damage":4,"enemies":"Shell Parasite","floor":22,"turns":5},{"damage":0,"enemies":"Book of Stabbing","floor":23,"turns":6},{"damage":0,"enemies":"Cultist and Chosen","floor":24,"turns":6},{"damage":0,"enemies":"Slavers","floor":25,"turns":8},{"damage":41,"enemies":"Champ","floor":33,"turns":10}],"seed_played":"1706327396965666964","potions_obtained":[{"floor":4,"key":"Swift Potion"},{"floor":11,"key":"DistilledChaos"},{"floor":16,"key":"Dexterity Potion"},{"floor":18,"key":"PowerPotion"},{"floor":22,"key":"CunningPotion"},{"floor":25,"key":"LiquidBronze"}],"is_trial":false,"path_per_floor":["M","?","?","M","$","E","?","M","T","E","M","?","$","?","R","B",null,"M","?","?","?","M","E","M","E","T","R","$","?","R","$","R","B"],"character_chosen":"THE_SILENT","items_purchased":["Infinite Blades","Dodge and Roll","Poisoned Stab+1","Bane+1","Accuracy","Cloak And Dagger","Infinite Blades"],"campfire_rested":1,"item_purchase_floors":[13,13,28,28,28,31,31],"current_hp_per_floor":[70,70,65,65,65,65,65,65,65,41,34,34,34,21,40,12,65,55,32,32,32,28,28,28,28,28,28,28,28,28,28,28,0,0],"gold":44,"neow_bonus":"THREE_ENEMY_KILL","is_daily":false,"chose_seed":false,"campfire_upgraded":3,"win_rate":0.0,"timestamp":1613472862,"path_taken":["M","?","?","M","$","E","?","?","T","E","M","?","$","?","R","BOSS","M","?","?","?","M","E","M","E","T","R","$","?","R","$","R","BOSS"],"items_purchased_type":["Card","Card","Card","Card","Card","Card","Card"],"build_version":"2020-12-13","purchased_purges":3,"victory":false,"max_hp_per_floor":[70,70,65,65,65,65,65,65,65,65,65,65,65,65,65,65,65,65,32,32,32,32,32,32,32,32,32,32,32,32,32,32,32,32],"relic_stats":{"counters":[13,67],"Golden Idol":83,"Mummified Hand":[37],"Tiny Chest":0,"Juzu Bracelet":1,"Nloth\u0027s Gift":1,"Smiling Mask":125,"Cursed Key":1,"obtain_stats":[{"NeowsBlessing":0,"Golden Idol":3,"Juzu Bracelet":10,"Smiling Mask":9,"Cursed Key":17,"Ancient Tea Set":20,"keyreminder:keyreminder":25,"Mummified Hand":6,"Tiny Chest":25,"Molten Egg 2":26,"Nloth\u0027s Gift":21,"Bag of Marbles":23,"Ring of the Snake":0},{"NeowsBlessing":0,"Golden Idol":1,"Juzu Bracelet":5,"Smiling Mask":4,"Cursed Key":7,"Ancient Tea Set":8,"keyreminder:keyreminder":12,"Mummified Hand":3,"Tiny Chest":12,"Molten Egg 2":12,"Nloth\u0027s Gift":8,"Bag of Marbles":10,"Ring of the Snake":0},{"NeowsBlessing":0,"Golden Idol":1,"Juzu Bracelet":9,"Smiling Mask":5,"Cursed Key":27,"Ancient Tea Set":32,"keyreminder:keyreminder":57,"Mummified Hand":3,"Tiny Chest":57,"Molten Egg 2":57,"Nloth\u0027s Gift":32,"Bag of Marbles":43,"Ring of the Snake":0}],"Ring of the Snake":[28]},"card_choices":[{"not_picked":["Underhanded Strike","Reflex"],"picked":"Predator","floor":1},{"not_picked":["Acrobatics","Outmaneuver"],"picked":"All Out Attack","floor":4},{"not_picked":["Poisoned Stab","Bouncing Flask"],"picked":"Well Laid Plans","floor":6},{"not_picked":["Expertise","Flying Knee"],"picked":"Endless Agony","floor":8},{"not_picked":["Outmaneuver","Bane"],"picked":"Acrobatics","floor":10},{"not_picked":["Choke","Backflip"],"picked":"Caltrops","floor":11},{"not_picked":["Bullet Time","Grand Finale"],"picked":"Venomology","floor":16},{"not_picked":["Prepared","PiercingWail"],"picked":"Backflip","floor":18},{"not_picked":["Dagger Throw+1","Deadly Poison"],"picked":"Blade Dance","floor":22},{"not_picked":["Reflex","Dash"],"picked":"Adrenaline","floor":23},{"not_picked":["Heel Hook","Slice"],"picked":"Poisoned Stab","floor":24},{"not_picked":["Concentrate","Underhanded Strike"],"picked":"Flechettes","floor":25}],"player_experience":74640,"relics_obtained":[{"floor":6,"key":"Mummified Hand"},{"floor":9,"key":"Smiling Mask"},{"floor":10,"key":"Juzu Bracelet"},{"floor":23,"key":"Bag of Marbles"},{"floor":25,"key":"Tiny Chest"},{"floor":26,"key":"Molten Egg 2"}],"event_choices":[{"damage_healed":0,"gold_gain":0,"cards_transformed":["Strike_G"],"player_choice":"Change","damage_taken":0,"max_hp_gain":0,"max_hp_loss":0,"event_name":"Living Wall","floor":2,"gold_loss":0,"cards_obtained":["Accuracy"]},{"damage_healed":0,"gold_gain":0,"player_choice":"Lose Max HP","damage_taken":0,"relics_obtained":["Golden Idol"],"max_hp_gain":0,"max_hp_loss":5,"event_name":"Golden Idol","floor":3,"gold_loss":0},{"damage_healed":0,"gold_gain":100,"player_choice":"Gold","damage_taken":0,"max_hp_gain":0,"max_hp_loss":0,"event_name":"Wheel of Change","floor":7,"gold_loss":0},{"cards_removed":["Strike_G"],"damage_healed":0,"gold_gain":0,"player_choice":"Card Removal","damage_taken":0,"max_hp_gain":0,"max_hp_loss":0,"event_name":"The Cleric","floor":12,"gold_loss":50},{"damage_healed":0,"gold_gain":0,"player_choice":"Entered Light","damage_taken":13,"max_hp_gain":0,"max_hp_loss":0,"event_name":"Shining Light","floor":14,"gold_loss":0,"cards_upgraded":["Defend_G","Defend_G"]},{"damage_healed":0,"gold_gain":0,"player_choice":"Became a Ghost","damage_taken":0,"max_hp_gain":0,"max_hp_loss":33,"event_name":"Ghosts","floor":19,"gold_loss":0,"cards_obtained":["Ghostly","Ghostly","Ghostly","Ghostly","Ghostly"]},{"damage_healed":0,"gold_gain":0,"player_choice":"Obtained Relic","damage_taken":0,"relics_obtained":["Ancient Tea Set"],"max_hp_gain":0,"max_hp_loss":0,"event_name":"Addict","floor":20,"gold_loss":85},{"damage_healed":0,"gold_gain":0,"player_choice":"Traded Relic","damage_taken":0,"relics_obtained":["Nloth\u0027s Gift"],"max_hp_gain":0,"max_hp_loss":0,"event_name":"N\u0027loth","floor":21,"relics_lost":["Ancient Tea Set"],"gold_loss":0},{"damage_healed":0,"gold_gain":99,"player_choice":"Stole From Cult","damage_taken":0,"max_hp_gain":0,"max_hp_loss":0,"event_name":"Nest","floor":29,"gold_loss":0}],"is_beta":false,"boss_relics":[{"not_picked":["Velvet Choker","Runic Pyramid"],"picked":"Cursed Key"}],"items_purged_floors":[5,13,28],"is_endless":false,"potions_floor_spawned":[4,11,16,18,22,25],"killed_by":"Champ","ascension_level":4}}