{"host":"nlbr7nnijupf3yfg","time":1613451792,"event":{"mods":["AchievementEnabler","BaseMod","BetterRewards","Colored Powertips","DeckTracker","Downfall","Hermit","Hubris","Infinite Spire","Minty Spire (QoL Compilation)","Quick Restart","Replay The Spire","StSLib","SuperFastMode","The Servant 0.9.4"],"gold_per_floor":[112,112,33,33,33,33,52,52,76,95,107,135,135,153,153,255,255,270,270,270,300,311,311,311,311],"floor_reached":24,"language":"ENG","playtime":606,"items_purged":[],"score":495,"play_id":"94bea75d-791d-434d-bf23-e3f8ac474017","local_time":"20210216000312","is_ascension_mode":true,"campfire_choices":[{"data":"Bash","floor":6,"key":"SMITH"},{"floor":15,"key":"REST"},{"floor":23,"key":"REST"}],"circlet_count":0,"master_deck":["AscendersBane","Strike_R","Strike_R","Strike_R","Strike_R","Strike_R","Defend_R","Defend_R","Defend_R","Defend_R","Bash+1","Havoc+1","Dark Embrace","Feel No Pain+1","Rupture","Exhume","Havoc","Offering","Storm","Feed","Beam Cell","hubris:InfiniteBlow+4","infinitespire:Starlight","Sentinel","Glacier"],"relics":["Black Blood","Mango","infinitespire:WardingShard","Ring of Peace","ReplayTheSpireMod:Ring of Collecting","hubris:Towel","ReplayTheSpireMod:Ring of Challenge","Blood Vial","hubris:DisguiseKit","Brimstone","Red Mask"],"acts_visited":["Exordium","TheCity"],"potions_floor_usage":[24,24],"damage_taken":[{"damage":0,"enemies":"Cultist","floor":1,"turns":4},{"damage":0,"enemies":"Jaw Worm","floor":7,"turns":5},{"damage":0,"enemies":"2 Louse","floor":10,"turns":4},{"damage":13,"enemies":"Large Slime","floor":11,"turns":8},{"damage":36,"enemies":"Lagavulin","floor":12,"turns":9},{"damage":7,"enemies":"2 Fungi Beasts","floor":14,"turns":6},{"damage":62,"enemies":"The Guardian","floor":16,"turns":12},{"damage":7,"enemies":"Chosen","floor":18,"turns":8},{"damage":44,"enemies":"Masked Bandits","floor":21,"turns":5},{"damage":40,"enemies":"3 Byrds","floor":22,"turns":6},{"damage":93,"enemies":"Gremlin Leader","floor":24,"turns":6}],"seed_played":"-4278553388680012957","potions_obtained":[{"floor":7,"key":"BlessingOfTheForge"},{"floor":12,"key":"FearPotion"},{"floor":22,"key":"SneckoOil"}],"is_trial":false,"path_per_floor":["M","T","$","?","?","R","M","?","T","M","M","E","?","M","R","B",null,"M","AVR","?","?","M","R","E"],"character_chosen":"IRONCLAD","items_purchased":["Havoc+1","Feel No Pain"],"campfire_rested":2,"item_purchase_floors":[0,3],"current_hp_per_floor":[92,92,92,92,92,92,94,94,94,94,87,59,59,60,88,34,79,89,89,65,48,35,65,0,0],"gold":311,"neow_bonus":"","is_daily":false,"chose_seed":false,"campfire_upgraded":1,"win_rate":0.0,"timestamp":1613451792,"path_taken":["M","?","?","?","?","R","M","?","T","?","?","E","?","M","R","BOSS","M","AVR","?","?","M","R","E"],"items_purchased_type":["Card","Card"],"build_version":"2020-12-22","purchased_purges":0,"victory":false,"max_hp_per_floor":[94,94,94,94,94,94,94,94,94,94,94,94,94,94,94,94,94,97,97,97,100,103,103,103,103],"card_choices":[{"not_picked":["Shockwave","Warcry"],"picked":"Dark Embrace","floor":1},{"not_picked":["Entrench","Uppercut"],"picked":"Rupture","floor":7},{"not_picked":["Warcry","ReplayTheSpireMod:Muscle Training"],"picked":"Exhume","floor":10},{"not_picked":["Warcry","Heavy Blade"],"picked":"Havoc","floor":11},{"not_picked":["Uppercut","Searing Blow"],"picked":"Offering","floor":12},{"not_picked":["Armaments","Blood for Blood","Sword Boomerang"],"picked":"Storm","floor":14},{"not_picked":["hubris:StunningStrike","Demon Form","hubris:DoWhile"],"picked":"Feed","floor":16},{"not_picked":["True Grit","Sword Boomerang","Reckless Charge"],"picked":"Beam Cell","floor":18},{"not_picked":["ReplayTheSpireMod:Echoes of Time","infinitespire:UltimateForm"],"picked":"infinitespire:Starlight","floor":20},{"not_picked":["Abandon","Headbutt","Undo"],"picked":"Sentinel","floor":21},{"not_picked":["Twin Strike","Life Link","Wild Strike"],"picked":"Glacier","floor":22}],"player_experience":84116,"relics_obtained":[{"floor":2,"key":"infinitespire:WardingShard"},{"floor":4,"key":"Ring of Peace"},{"floor":4,"key":"ReplayTheSpireMod:Ring of Collecting"},{"floor":9,"key":"ReplayTheSpireMod:Ring of Challenge"},{"floor":9,"key":"Blood Vial"},{"floor":12,"key":"hubris:DisguiseKit"},{"floor":21,"key":"Red Mask"}],"event_choices":[{"damage_healed":0,"gold_gain":0,"player_choice":"Grow","damage_taken":0,"max_hp_gain":0,"max_hp_loss":0,"event_name":"Living Wall","floor":8,"gold_loss":0,"cards_upgraded":["Feel No Pain"]},{"damage_healed":0,"gold_gain":0,"player_choice":"Bought 0 Potions","damage_taken":0,"max_hp_gain":0,"max_hp_loss":0,"event_name":"The Woman in Blue","floor":13,"gold_loss":0},{"damage_healed":0,"gold_gain":0,"player_choice":"Fought Bandits","damage_taken":0,"max_hp_gain":0,"max_hp_loss":0,"event_name":"Masked Bandits","floor":21,"gold_loss":0}],"is_beta":false,"boss_relics":[{"not_picked":["Painkiller Herb","expansioncontent:StudyCardRelic"],"picked":"Black Blood"}],"items_purged_floors":[],"is_endless":false,"potions_floor_spawned":[7,12,14,22],"killed_by":"Gremlin Leader","ascension_level":12}}