{"host":"e3zuhorjxi9w14q4","time":1613512112,"event":{"mods":["AchievementEnabler","Aspiration","BaseMod","Defuse TimeMaze Blight","Downfall","Energized Spire","GifTheSpireLib","Hubris","Infinite Spire","Jorbs\u0027s Wanderer Trilogy","Minty Spire (QoL Compilation)","Reliquary","Replay The Spire","Spicy Shops","Spikes Relics","StSLib","Stuff the Spire","The Bug Knight","The Marked","The Poker Player","The Servant 0.9.4"],"gold_per_floor":[112,125,135,135,148,179,179,189,189,209,238,256,256,32,32,135,135,154,154,154,164,183,218,218,232,232,232,232,243,255,255,255,358,358,368,379,401,418,374,388,388,423,473,473,491,501,501,516,516,516],"floor_reached":51,"language":"ENG","playtime":4173,"items_purged":["hubris:Gluttony","HollowMod:QuickDashStart"],"score":540,"play_id":"ece53f82-f854-49cf-bcd0-c9c5d083c609","local_time":"20210216224832","is_ascension_mode":false,"campfire_choices":[{"data":"HollowMod:FocusHealStart","floor":7,"key":"SMITH"},{"data":"HollowMod:SoulShaman","floor":13,"key":"SMITH"},{"data":"HollowMod:DashSlash","floor":15,"key":"SMITH"},{"data":"HollowMod:CloakDash","floor":24,"key":"SMITH"},{"data":"HollowMod:PogoStrike","floor":28,"key":"SMITH"},{"data":"HollowMod:SoulStrike","floor":32,"key":"SMITH"},{"data":"HollowMod:SlysStrikes","floor":41,"key":"SMITH"},{"floor":47,"key":"REST"},{"floor":49,"key":"REST"}],"circlet_count":0,"master_deck":["HollowMod:NailStrikeStart","HollowMod:NailStrikeStart","HollowMod:NailStrikeStart","HollowMod:NailStrikeStart","HollowMod:QuickDashStart","HollowMod:QuickDashStart","HollowMod:FocusHealStart+1","HollowMod:PogoStrike+1","HollowMod:DashSlash+1","HollowMod:SoulShaman+1","HollowMod:HowlingWraiths","HollowMod:LifebloodCocoon","HollowMod:CloakDash+1","HollowMod:CloakDash+1","HollowMod:theNailsmith+1","HollowMod:ZotesMagnificence+1","HollowMod:SoulStrike+1","HollowMod:ChannelNail+1","HollowMod:CloakDash+1","HollowMod:LordofShades","HollowMod:CloakDash+1","HollowMod:SlysStrikes+1","HollowMod:PureNailStrike+1","HollowMod:DoubleDash+1","HollowMod:BaldurShell","HollowMod:BaldurShell","HollowMod:CloakDash+1","HollowMod:GoodIntentions+1"],"relics":["HollowMod:VesselMask","Oddly Smooth Stone","Lizard Tail","Toxic Egg 2","hubris:GlazedTorus","Membership Card","Lantern","hubris:VirtuousBlindfold","SnailShell","LugNut","hubris:Icosahedron","energizedSpire:OgreHead","ReplayTheSpireMod:CursedCoin","reliquary:PartyBalloon","StuffTheSpire:PointBlank","PreservedInsect","hubris:CrystalStatue"],"acts_visited":["Exordium","TheCity","TheBeyond"],"potions_floor_usage":[6,6,11,16,22,33,33,50,50,50],"damage_taken":[{"damage":0,"enemies":"Jaw Worm","floor":1,"turns":3},{"damage":0,"enemies":"Cultist","floor":2,"turns":3},{"damage":8,"enemies":"2 Louse","floor":3,"turns":3},{"damage":12,"enemies":"Lots of Slimes","floor":5,"turns":5},{"damage":24,"enemies":"3 Sentries","floor":6,"turns":9},{"damage":11,"enemies":"3 Louse","floor":8,"turns":2},{"damage":5,"enemies":"Large Slime","floor":10,"turns":7},{"damage":48,"enemies":"Lagavulin","floor":11,"turns":8},{"damage":0,"enemies":"Gremlin Gang","floor":12,"turns":6},{"damage":14,"enemies":"Slime Boss","floor":16,"turns":8},{"damage":6,"enemies":"3 Byrds","floor":18,"turns":6},{"damage":0,"enemies":"Spheric Guardian","floor":21,"turns":1},{"damage":19,"enemies":"Snake Plant","floor":22,"turns":4},{"damage":24,"enemies":"Slavers","floor":23,"turns":5},{"damage":4,"enemies":"Shelled Parasite and Fungi","floor":25,"turns":4},{"damage":8,"enemies":"Centurion and Healer","floor":29,"turns":6},{"damage":1,"enemies":"3 Cultists","floor":30,"turns":5},{"damage":49,"enemies":"HollowMod:NKGrimm","floor":33,"turns":10},{"damage":0,"enemies":"3 Shapes","floor":35,"turns":2},{"damage":7,"enemies":"3 Darklings","floor":36,"turns":5},{"damage":22,"enemies":"Transient","floor":38,"turns":5},{"damage":12,"enemies":"Sphere and 2 Shapes","floor":40,"turns":4},{"damage":87,"enemies":"Reptomancer","floor":42,"turns":6},{"damage":3,"enemies":"Writhing Mass","floor":45,"turns":6},{"damage":9,"enemies":"HollowMod:SlobberingHusk","floor":46,"turns":6},{"damage":27,"enemies":"Spire Growth","floor":48,"turns":3},{"damage":68,"enemies":"Replay:Hell Engine","floor":50,"turns":16}],"seed_played":"-6220172214793708517","potions_obtained":[{"floor":2,"key":"GamblersBrew"},{"floor":5,"key":"SteroidPotion"},{"floor":8,"key":"LiquidBronze"},{"floor":12,"key":"Weak Potion"},{"floor":16,"key":"Swift Potion"},{"floor":21,"key":"infinitespire:BlackPotion"},{"floor":23,"key":"Weak Potion"},{"floor":29,"key":"BlessingOfTheForge"},{"floor":37,"key":"Fire Potion"},{"floor":37,"key":"FairyPotion"},{"floor":38,"key":"DuplicationPotion"},{"floor":46,"key":"Dexterity Potion"}],"is_trial":false,"path_per_floor":["M","M","M","?","M","E","R","M","T","M","E","M","R","$","R","B",null,"M","?","?","M","M","E","R","M","T","?","R","M","M","?","R","B",null,"M","M","?","M","$","M","R","E","T","T","M","M","R","M","R","B",null],"character_chosen":"THE_BUGKNIGHT","items_purchased":["Membership Card","Lantern","ReplayTheSpireMod:CursedCoin","reliquary:PartyBalloon","HollowMod:BaldurShell"],"campfire_rested":2,"item_purchase_floors":[14,14,39,39,39],"current_hp_per_floor":[75,75,73,73,64,50,50,45,45,52,16,28,28,28,28,24,75,75,75,75,75,56,38,38,40,40,40,40,42,53,53,53,16,75,75,74,74,56,56,50,50,13,13,13,20,21,43,22,44,25],"gold":516,"neow_bonus":"RANDOM_COMMON_RELIC","is_daily":false,"chose_seed":false,"campfire_upgraded":7,"win_rate":0.0,"timestamp":1613512112,"path_taken":["M","M","M","?","?","E","R","M","T","M","E","M","R","$","R","BOSS","M","?","?","?","M","E","R","M","T","?","R","?","M","?","R","BOSS","M","M","?","?","$","M","R","E","T","?","M","?","R","M","R","BOSS"],"items_purchased_type":["Relic","Relic","Relic","Relic","Card"],"build_version":"2020-12-22","purchased_purges":2,"victory":true,"max_hp_per_floor":[75,75,75,75,75,75,75,75,75,75,75,75,75,75,75,75,75,75,75,75,75,75,75,75,75,75,75,75,75,75,75,75,75,75,75,75,75,75,75,75,75,75,75,75,75,75,75,75,75,75],"card_choices":[{"not_picked":["HollowMod:Grubsong","HollowMod:HeavyBlow"],"picked":"HollowMod:DashSlash","floor":1},{"not_picked":["HollowMod:VengefulSpirit","HollowMod:QuirrelsAssistance"],"picked":"HollowMod:SoulShaman","floor":2},{"not_picked":["HollowMod:Grubsong","HollowMod:SoulVessel"],"picked":"HollowMod:HowlingWraiths","floor":3},{"not_picked":["HollowMod:DashSlash","HollowMod:TaintedHusks"],"picked":"HollowMod:LifebloodCocoon","floor":5},{"not_picked":["HollowMod:BrokenVessel","HollowMod:DungDefenderAura"],"picked":"HollowMod:CloakDash","floor":6},{"not_picked":["HollowMod:SiblingsSouls","HollowMod:WraithStrike"],"picked":"HollowMod:DescendingDark","floor":8},{"not_picked":["HollowMod:SoulSplash+1","HollowMod:DescendingDark"],"picked":"HollowMod:CloakDash+1","floor":10},{"not_picked":["HollowMod:CycloneSlash","HollowMod:MothsMistake"],"picked":"HollowMod:theNailsmith+1","floor":11},{"not_picked":["HollowMod:LifebloodCocoon+1","HollowMod:InfectedAttack","HollowMod:InfectedCysts"],"picked":"SKIP","floor":12},{"not_picked":["HollowMod:ElderbugsWisdom","HollowMod:VoidDash+1"],"picked":"HollowMod:ZotesMagnificence","floor":16},{"not_picked":["HollowMod:NewJinnsSoul+1","HollowMod:TaintedHusks+1"],"picked":"HollowMod:SoulStrike","floor":18},{"not_picked":["HollowMod:MonarchWings+1","HollowMod:WraithStrike+1"],"picked":"HollowMod:ChannelNail+1","floor":21},{"not_picked":["HollowMod:DoubleDash+1","HollowMod:PerfectDash+1"],"picked":"HollowMod:CloakDash+1","floor":22},{"not_picked":["HollowMod:ShadowDash+1","HollowMod:DashSlash","HollowMod:PureVessel"],"picked":"SKIP","floor":23},{"not_picked":["HollowMod:HowlingWraiths","HollowMod:Grubsong","HollowMod:InfectionAssault"],"picked":"SKIP","floor":25},{"not_picked":["HollowMod:CornifersMapStart+1","HollowMod:GreatSlash"],"picked":"HollowMod:CloakDash+1","floor":29},{"not_picked":["HollowMod:DashSlash","HollowMod:NewGlowingWomb+1","HollowMod:VengefulSpirit"],"picked":"SKIP","floor":30},{"not_picked":["HollowMod:MidwifesHunger","HollowMod:AwokenDreamNail"],"picked":"HollowMod:SlysStrikes","floor":33},{"not_picked":["HollowMod:ChannelNail+1","HollowMod:ShapeofUnn","HollowMod:FallenFury+1"],"picked":"SKIP","floor":35},{"not_picked":["HollowMod:DescendingDark","HollowMod:CoiledNail+1"],"picked":"HollowMod:PureNailStrike+1","floor":36},{"not_picked":["HollowMod:NewJinnsSoul+1","HollowMod:InfectedAttack+1"],"picked":"HollowMod:DoubleDash+1","floor":38},{"not_picked":["HollowMod:DashSlash","HollowMod:ShadowDash+1"],"picked":"HollowMod:BaldurShell","floor":40},{"not_picked":["HollowMod:FastStrike+1","HollowMod:NewInfectedGuardian+1"],"picked":"HollowMod:CloakDash+1","floor":42},{"not_picked":["HollowMod:ChannelNail+1","HollowMod:InfectedCysts","HollowMod:SharpenedShadows+1"],"picked":"SKIP","floor":45},{"not_picked":["HollowMod:BaldurShell+1","HollowMod:BlackTendrils"],"picked":"HollowMod:GoodIntentions+1","floor":46},{"not_picked":["HollowMod:HowlingWraiths","HollowMod:ShadowDash+1","HollowMod:SharpenedNail+1"],"picked":"SKIP","floor":48},{"not_picked":["HollowMod:HowlingWraiths","HollowMod:ShadowDash+1","HollowMod:SharpenedNail+1"],"picked":"SKIP","floor":48}],"player_experience":312872,"relics_obtained":[{"floor":6,"key":"Lizard Tail"},{"floor":9,"key":"Toxic Egg 2"},{"floor":11,"key":"hubris:GlazedTorus"},{"floor":23,"key":"SnailShell"},{"floor":26,"key":"LugNut"},{"floor":42,"key":"StuffTheSpire:PointBlank"},{"floor":43,"key":"PreservedInsect"},{"floor":44,"key":"hubris:CrystalStatue"}],"event_choices":[{"damage_healed":0,"gold_gain":0,"player_choice":"0 cards matched","damage_taken":0,"max_hp_gain":0,"max_hp_loss":0,"event_name":"Match and Keep!","floor":4,"gold_loss":0,"cards_obtained":[]},{"cards_removed":["HollowMod:QuickDashStart"],"damage_healed":0,"gold_gain":0,"player_choice":"Purged","damage_taken":0,"max_hp_gain":0,"max_hp_loss":0,"event_name":"Purifier","floor":20,"gold_loss":0},{"damage_healed":0,"gold_gain":0,"cards_transformed":["HollowMod:DescendingDark"],"player_choice":"Transformed","damage_taken":0,"max_hp_gain":0,"max_hp_loss":0,"event_name":"Transmorgrifier","floor":27,"gold_loss":0,"cards_obtained":["HollowMod:LordofShades"]}],"is_beta":false,"boss_relics":[{"not_picked":["StuffTheSpire:RunicConfusion","ReplayTheSpireMod:SealedPack"],"picked":"hubris:VirtuousBlindfold"},{"not_picked":["aspiration:WatcherSkillbook","hubris:RunicObelisk"],"picked":"energizedSpire:OgreHead"}],"items_purged_floors":[39,39],"is_endless":false,"potions_floor_spawned":[2,5,8,12,16,21,23,29,38,46],"ascension_level":0}}