{"host":"ssceekdvsvld625r","time":1613515797,"event":{"mods":["AchievementEnabler","BaseMod","Better Third Choice","Block Reminder","Colored Map","Colored Powertips","Highlight Path","Minty Spire (QoL Compilation)","Permanent Neow","Quick Restart","Rare Cards Sparkle","Relic Stats","Shop Mod","StSLib"],"gold_per_floor":[113,113,125,145,145,176,191,225,248,575,21,21,56,73,73,172,172,187,202,202,202,4,34,34,60,86,102,117,130,161,161,161,266,266,280,330,340,352,377,403,403,437,437,462,472,487,498,498,498,498,498,498,34,63,63],"floor_reached":56,"language":"ENG","playtime":4034,"items_purged":["Defend_R"],"score":1456,"play_id":"858d75c2-2ecd-430d-b636-c8ac3c7cd23b","local_time":"20210216154957","is_ascension_mode":true,"campfire_choices":[{"floor":12,"key":"REST"},{"floor":15,"key":"REST"},{"data":"Perfected Strike","floor":32,"key":"SMITH"},{"floor":41,"key":"RECALL"},{"floor":49,"key":"REST"},{"data":"Inflame","floor":52,"key":"SMITH"}],"circlet_count":0,"master_deck":["Strike_R","Strike_R","Strike_R","Strike_R","Strike_R","Defend_R+1","Defend_R+1","Bash","Flex","Perfected Strike","Perfected Strike+1","Whirlwind","Heavy Blade","Thunderclap","Bludgeon","Armaments+1","Burning Pact+1","Reaper","Pommel Strike","Infernal Blade+1","Inflame+1","Thunderclap+1","Spot Weakness+1","Twin Strike+1","Demon Form","Juggernaut","Hemokinesis","Twin Strike","Infernal Blade+1","Metallicize+1","Enlightenment+1"],"relics":["Black Star","Vajra","Bag of Preparation","PreservedInsect","Regal Pillow","Centennial Puzzle","Ancient Tea Set","Membership Card","Toxic Egg 2","Happy Flower","MerchantsRug","Charon\u0027s Ashes","Bottled Flame","Velvet Choker","Thread and Needle","Brimstone","Paper Frog","Pantograph","Tiny Chest","Strawberry","Bottled Lightning","Matryoshka","Ornamental Fan","Bag of Marbles","SlaversCollar","Bird Faced Urn","Omamori","Juzu Bracelet","Toy Ornithopter","Potion Belt","Bottled Tornado","Mummified Hand","Kunai","War Paint","Dream Catcher","Bronze Scales","HornCleat","Strange Spoon","Orichalcum","Anchor"],"acts_visited":["Exordium","TheCity","TheBeyond","TheEnding"],"potions_floor_usage":[7,8,10,16,19,23,23,27,35,50,50,50,50,55,55,55,55,55],"damage_taken":[{"damage":0,"enemies":"2 Louse","floor":1,"turns":3},{"damage":4,"enemies":"Jaw Worm","floor":3,"turns":5},{"damage":6,"enemies":"Cultist","floor":4,"turns":3},{"damage":25,"enemies":"Gremlin Nob","floor":6,"turns":4},{"damage":10,"enemies":"Exordium Thugs","floor":7,"turns":3},{"damage":18,"enemies":"Lagavulin","floor":8,"turns":5},{"damage":0,"enemies":"3 Sentries","floor":10,"turns":2},{"damage":18,"enemies":"Lagavulin","floor":13,"turns":3},{"damage":0,"enemies":"Exordium Wildlife","floor":14,"turns":2},{"damage":58,"enemies":"The Guardian","floor":16,"turns":7},{"damage":12,"enemies":"Shell Parasite","floor":18,"turns":2},{"damage":0,"enemies":"3 Byrds","floor":19,"turns":2},{"damage":10,"enemies":"Book of Stabbing","floor":23,"turns":2},{"damage":0,"enemies":"Gremlin Leader","floor":25,"turns":2},{"damage":0,"enemies":"Sentry and Sphere","floor":27,"turns":2},{"damage":13,"enemies":"Snecko","floor":28,"turns":3},{"damage":0,"enemies":"3 Cultists","floor":29,"turns":2},{"damage":18,"enemies":"Slavers","floor":30,"turns":2},{"damage":28,"enemies":"Collector","floor":33,"turns":3},{"damage":7,"enemies":"3 Darklings","floor":35,"turns":3},{"damage":0,"enemies":"Mind Bloom Boss Battle","floor":36,"turns":2},{"damage":0,"enemies":"Orb Walker","floor":37,"turns":1},{"damage":8,"enemies":"Writhing Mass","floor":38,"turns":2},{"damage":14,"enemies":"Giant Head","floor":40,"turns":4},{"damage":8,"enemies":"Nemesis","floor":42,"turns":2},{"damage":9,"enemies":"Giant Head","floor":44,"turns":3},{"damage":0,"enemies":"Maw","floor":45,"turns":2},{"damage":0,"enemies":"Jaw Worm Horde","floor":46,"turns":2},{"damage":0,"enemies":"Writhing Mass","floor":47,"turns":1},{"damage":37,"enemies":"Time Eater","floor":50,"turns":5},{"damage":4,"enemies":"Shield and Spear","floor":54,"turns":2},{"damage":134,"enemies":"The Heart","floor":55,"turns":6}],"seed_played":"-6509944551987372946","potions_obtained":[{"floor":3,"key":"CultistPotion"},{"floor":4,"key":"DistilledChaos"},{"floor":8,"key":"ColorlessPotion"},{"floor":14,"key":"SteroidPotion"},{"floor":16,"key":"SteroidPotion"},{"floor":19,"key":"BloodPotion"},{"floor":23,"key":"AttackPotion"},{"floor":27,"key":"Energy Potion"},{"floor":28,"key":"HeartOfIron"},{"floor":36,"key":"Ancient Potion"},{"floor":37,"key":"Swift Potion"},{"floor":40,"key":"Weak Potion"},{"floor":44,"key":"LiquidMemories"},{"floor":45,"key":"Strength Potion"},{"floor":54,"key":"GamblersBrew"}],"is_trial":false,"path_per_floor":["M","?","M","M","?","E","M","E","T","E","$","R","E","M","R","B",null,"M","M","?","?","$","E","$","E","T","M","M","M","E","T","R","B",null,"M","?","M","M","T","E","R","E","T","E","M","M","M","?","R","B",null,"R","$","E","B",null],"character_chosen":"IRONCLAD","items_purchased":["Membership Card","Toxic Egg 2","Happy Flower","MerchantsRug","Bludgeon","Explosive Potion","FearPotion","Weak Potion","Thread and Needle","Brimstone","Inflame","Enlightenment+1","Bronze Scales","HornCleat","Strange Spoon","SkillPotion","LiquidBronze","GamblersBrew"],"campfire_rested":3,"item_purchase_floors":[11,11,11,11,11,11,11,11,22,22,22,53,53,53,53,53,53,53],"current_hp_per_floor":[80,80,76,70,63,38,28,10,10,10,10,49,31,31,70,12,80,68,80,65,65,65,79,79,86,86,86,88,92,74,74,74,64,92,92,92,92,84,84,80,80,72,72,69,73,77,79,79,92,67,92,92,92,88,37],"gold":63,"neow_bonus":"BOSS_RELIC","is_daily":false,"chose_seed":false,"campfire_upgraded":2,"win_rate":0.0,"timestamp":1613515797,"path_taken":["M","?","M","M","?","E","M","E","T","E","$","R","E","?","R","BOSS","M","M","?","?","?","E","?","E","T","M","?","M","E","?","R","BOSS","M","?","M","M","?","E","R","E","T","E","M","M","M","?","R","BOSS","R","$","E","BOSS"],"items_purchased_type":["Relic","Relic","Relic","Relic","Card","Potion","Potion","Potion","Relic","Relic","Card","Card","Relic","Relic","Relic","Potion","Potion","Potion"],"build_version":"2020-12-22","purchased_purges":1,"victory":true,"max_hp_per_floor":[80,80,80,80,80,80,80,80,80,80,80,80,80,80,80,80,80,80,80,85,85,85,85,85,92,92,92,92,92,92,92,92,92,92,92,92,92,92,92,92,92,92,92,92,92,92,92,92,92,92,92,92,92,92,92],"relic_stats":{"Regal Pillow":30,"Happy Flower":[22],"counters":[32,92],"PreservedInsect":574,"Charon\u0027s Ashes":[144],"Bag of Preparation":[56],"Juzu Bracelet":0,"War Paint":["Defend_R","Defend_R"],"Orichalcum":[12],"Strange Spoon":[1],"Centennial Puzzle":[45],"Dream Catcher":1,"Ornamental Fan":[84],"Mummified Hand":[23],"Pantograph":22,"Bird Faced Urn":[20],"Bronze Scales":[48],"Tiny Chest":1,"Black Star":11,"Kunai":[11],"obtain_stats":[{"Regal Pillow":8,"Vajra":5,"Bag of Preparation":6,"Juzu Bracelet":39,"Bottled Tornado":42,"Ancient Tea Set":10,"Burning Blood":0,"Old Coin":10,"Centennial Puzzle":9,"Dream Catcher":44,"Matryoshka":30,"HornCleat":53,"Mummified Hand":42,"Pantograph":23,"Strawberry":25,"Tiny Chest":25,"Kunai":43,"Toxic Egg 2":11,"Paper Frog":23,"Potion Belt":40,"MerchantsRug":11,"Happy Flower":11,"Velvet Choker":17,"Thread and Needle":22,"PreservedInsect":6,"Charon\u0027s Ashes":13,"Omamori":39,"Letter Opener":8,"War Paint":44,"Orichalcum":54,"SlaversCollar":34,"Strange Spoon":53,"Bottled Flame":13,"Anchor":54,"Brimstone":22,"Ornamental Fan":31,"Bird Faced Urn":36,"Bronze Scales":53,"Black Star":0,"Bag of Marbles":31,"Membership Card":11,"Bottled Lightning":30,"Toy Ornithopter":40},{"Regal Pillow":6,"Vajra":3,"Bag of Preparation":4,"Juzu Bracelet":23,"Bottled Tornado":25,"Ancient Tea Set":7,"Burning Blood":0,"Old Coin":7,"Centennial Puzzle":6,"Dream Catcher":26,"Matryoshka":18,"HornCleat":30,"Mummified Hand":25,"Pantograph":13,"Strawberry":14,"Tiny Chest":14,"Kunai":25,"Toxic Egg 2":7,"Paper Frog":13,"Potion Belt":24,"MerchantsRug":7,"Happy Flower":7,"Velvet Choker":10,"Thread and Needle":12,"PreservedInsect":4,"Charon\u0027s Ashes":8,"Omamori":23,"Letter Opener":6,"War Paint":26,"Orichalcum":31,"SlaversCollar":19,"Strange Spoon":30,"Bottled Flame":8,"Anchor":31,"Brimstone":12,"Ornamental Fan":18,"Bird Faced Urn":21,"Bronze Scales":30,"Black Star":0,"Bag of Marbles":18,"Membership Card":7,"Bottled Lightning":18,"Toy Ornithopter":24},{"Regal Pillow":23,"Vajra":11,"Bag of Preparation":15,"Juzu Bracelet":65,"Bottled Tornado":71,"Ancient Tea Set":25,"Burning Blood":0,"Old Coin":25,"Centennial Puzzle":23,"Dream Catcher":74,"Matryoshka":54,"HornCleat":84,"Mummified Hand":71,"Pantograph":43,"Strawberry":45,"Tiny Chest":45,"Kunai":71,"Toxic Egg 2":25,"Paper Frog":43,"Potion Belt":69,"MerchantsRug":25,"Happy Flower":25,"Velvet Choker":37,"Thread and Needle":41,"PreservedInsect":15,"Charon\u0027s Ashes":28,"Omamori":65,"Letter Opener":23,"War Paint":74,"Orichalcum":86,"SlaversCollar":57,"Strange Spoon":84,"Bottled Flame":28,"Anchor":86,"Brimstone":41,"Ornamental Fan":54,"Bird Faced Urn":62,"Bronze Scales":84,"Black Star":0,"Bag of Marbles":54,"Membership Card":25,"Bottled Lightning":54,"Toy Ornithopter":69}],"Toy Ornithopter":20},"card_choices":[{"not_picked":["Warcry","Twin Strike"],"picked":"Flex","floor":1},{"not_picked":["Armaments","Heavy Blade"],"picked":"Perfected Strike","floor":3},{"not_picked":["Cleave","Blood for Blood"],"picked":"Perfected Strike","floor":4},{"not_picked":["Corruption","Feel No Pain"],"picked":"Whirlwind","floor":6},{"not_picked":["Headbutt","Warcry","Shrug It Off"],"picked":"SKIP","floor":7},{"not_picked":["Headbutt","Dual Wield"],"picked":"Heavy Blade","floor":8},{"not_picked":["Clothesline","Juggernaut"],"picked":"Thunderclap","floor":10},{"not_picked":["Thunderclap","Brutality"],"picked":"Armaments+1","floor":13},{"not_picked":["Feel No Pain","Heavy Blade"],"picked":"Burning Pact+1","floor":14},{"not_picked":["Limit Break+1","Berserk"],"picked":"Reaper","floor":16},{"not_picked":["Anger","Sword Boomerang"],"picked":"Pommel Strike","floor":18},{"not_picked":["Anger","Seeing Red+1"],"picked":"Infernal Blade+1","floor":19},{"not_picked":["Heavy Blade","Rupture"],"picked":"Thunderclap+1","floor":23},{"not_picked":["Thunderclap","Flex+1"],"picked":"Spot Weakness+1","floor":25},{"not_picked":["Second Wind+1","Blood for Blood+1","Entrench+1"],"picked":"SKIP","floor":27},{"not_picked":["Barricade","Cleave+1","Warcry+1"],"picked":"SKIP","floor":28},{"not_picked":["Bloodletting+1","Sword Boomerang"],"picked":"Twin Strike+1","floor":29},{"not_picked":["Searing Blow","Pommel Strike"],"picked":"Demon Form","floor":30},{"not_picked":["Demon Form","Bludgeon"],"picked":"Juggernaut","floor":33},{"not_picked":["Ghostly Armor+1","Fire Breathing+1"],"picked":"Hemokinesis","floor":35},{"not_picked":["Entrench+1","Headbutt+1"],"picked":"Twin Strike","floor":36},{"not_picked":["Iron Wave+1","Thunderclap"],"picked":"Infernal Blade+1","floor":37},{"not_picked":["Entrench+1","Headbutt+1","Clash+1"],"picked":"SKIP","floor":38},{"not_picked":["Ghostly Armor+1","Dropkick+1"],"picked":"Metallicize+1","floor":40},{"not_picked":["Thunderclap","Double Tap+1","Warcry+1"],"picked":"SKIP","floor":42},{"not_picked":["Blood for Blood+1","Reckless Charge+1","Clothesline"],"picked":"SKIP","floor":44},{"not_picked":["Battle Trance+1","Intimidate+1","Flame Barrier+1"],"picked":"SKIP","floor":45},{"not_picked":["Thunderclap+1","Power Through+1","True Grit+1"],"picked":"SKIP","floor":46},{"not_picked":["Clash","Cleave+1","Iron Wave"],"picked":"SKIP","floor":47},{"not_picked":["Warcry+1","Body Slam+1","Shrug It Off+1"],"picked":"SKIP","floor":54}],"player_experience":44259,"relics_obtained":[{"floor":6,"key":"Bag of Preparation"},{"floor":6,"key":"PreservedInsect"},{"floor":8,"key":"Letter Opener"},{"floor":8,"key":"Regal Pillow"},{"floor":9,"key":"Centennial Puzzle"},{"floor":10,"key":"Ancient Tea Set"},{"floor":10,"key":"Old Coin"},{"floor":13,"key":"Charon\u0027s Ashes"},{"floor":13,"key":"Bottled Flame"},{"floor":23,"key":"Paper Frog"},{"floor":23,"key":"Pantograph"},{"floor":25,"key":"Tiny Chest"},{"floor":25,"key":"Strawberry"},{"floor":30,"key":"Bottled Lightning"},{"floor":30,"key":"Matryoshka"},{"floor":31,"key":"Ornamental Fan"},{"floor":31,"key":"Bag of Marbles"},{"floor":36,"key":"Bird Faced Urn"},{"floor":39,"key":"Omamori"},{"floor":39,"key":"Juzu Bracelet"},{"floor":40,"key":"Toy Ornithopter"},{"floor":40,"key":"Potion Belt"},{"floor":42,"key":"Bottled Tornado"},{"floor":42,"key":"Mummified Hand"},{"floor":43,"key":"Kunai"},{"floor":44,"key":"War Paint"},{"floor":44,"key":"Dream Catcher"},{"floor":54,"key":"Orichalcum"},{"floor":54,"key":"Anchor"}],"event_choices":[{"damage_healed":0,"gold_gain":0,"player_choice":"Ignored","damage_taken":0,"max_hp_gain":0,"max_hp_loss":0,"event_name":"Golden Wing","floor":2,"gold_loss":0},{"damage_healed":0,"gold_gain":0,"player_choice":"Relic ","damage_taken":7,"max_hp_gain":0,"max_hp_loss":0,"event_name":"betterThird:BetterScrap","floor":5,"gold_loss":0,"cards_obtained":["Force Field"]},{"damage_healed":0,"gold_gain":0,"player_choice":"Shed Blood","damage_taken":20,"max_hp_gain":5,"max_hp_loss":0,"event_name":"Forgotten Altar","floor":20,"gold_loss":0},{"damage_healed":0,"gold_gain":0,"player_choice":"Ignored","damage_taken":0,"max_hp_gain":0,"max_hp_loss":0,"event_name":"Ghosts","floor":21,"gold_loss":0},{"damage_healed":0,"gold_gain":0,"player_choice":"Fight","damage_taken":0,"max_hp_gain":0,"max_hp_loss":0,"event_name":"MindBloom","floor":36,"gold_loss":0},{"cards_removed":["Defend_R"],"damage_healed":0,"gold_gain":0,"player_choice":"Removed Skill","damage_taken":0,"max_hp_gain":0,"max_hp_loss":0,"event_name":"Falling","floor":48,"gold_loss":0}],"is_beta":false,"boss_relics":[{"not_picked":["Philosopher\u0027s Stone","Fusion Hammer"],"picked":"Velvet Choker"},{"not_picked":["Cursed Key","Astrolabe"],"picked":"SlaversCollar"}],"items_purged_floors":[53],"is_endless":false,"potions_floor_spawned":[3,4,8,14,16,19,23,27,28,36,37,40,44,45,54],"ascension_level":1}}