{"host":"l2lylj0omvglf5x0","time":1613483990,"event":{"mods":["2.2 Compatiblity","BaseMod","Bestiary","Block Reminder","Colored Map","Colored Powertips","Curses Come First","Highlight Path","Keyboard Shortcuts","Minty Spire (QoL Compilation)","Relic Sorter","Relic Stats","Slay the Relics Exporter","StSLib","SuperFastMode"],"gold_per_floor":[111,111,123,139,158,184,184,218,218,168,41,61,61,72,72,177,177,177,177,102,17,17,17,17,17,17,17,17,17,17,17,17,17,17,17,0,0,0,0,0,0,0],"floor_reached":41,"language":"ENG","playtime":1993,"items_purged":["Strike_B","Strike_B"],"score":645,"play_id":"5fe84340-77c2-48a8-ab0a-60f4d8d383b4","local_time":"20210216145950","is_ascension_mode":true,"campfire_choices":[{"data":"Zap","floor":7,"key":"SMITH"},{"data":"Dualcast","floor":13,"key":"SMITH"},{"floor":15,"key":"REST"},{"floor":23,"key":"REST"},{"floor":28,"key":"REST"},{"floor":32,"key":"REST"},{"floor":40,"key":"REST"}],"circlet_count":0,"master_deck":["Strike_B","Defend_B","Defend_B","Defend_B","Defend_B","Zap+1","Dualcast+1","Darkness","Glacier","BootSequence","Ball Lightning","Compile Driver","Cold Snap","Capacitor","Conserve Battery","Machine Learning","Defragment","Redo","Double Energy+1","White Noise","Machine Learning","Glacier","Buffer","Consume+1","Stack+1"],"relics":["Cracked Core","NeowsBlessing","Blue Candle","Akabeko","Smiling Mask","Ectoplasm","Ornamental Fan","Question Card","Lantern","Nunchaku","Dead Branch","Inserter","Red Mask"],"acts_visited":["Exordium","TheCity","TheBeyond"],"potions_floor_usage":[6,16,27,27,27,29,33],"damage_taken":[{"damage":0,"enemies":"Cultist","floor":1,"turns":1},{"damage":0,"enemies":"Small Slimes","floor":3,"turns":1},{"damage":0,"enemies":"2 Louse","floor":4,"turns":1},{"damage":0,"enemies":"Blue Slaver","floor":5,"turns":3},{"damage":39,"enemies":"Gremlin Nob","floor":6,"turns":5},{"damage":6,"enemies":"Lagavulin","floor":8,"turns":7},{"damage":0,"enemies":"Large Slime","floor":12,"turns":4},{"damage":1,"enemies":"Exordium Thugs","floor":14,"turns":3},{"damage":19,"enemies":"The Guardian","floor":16,"turns":9},{"damage":2,"enemies":"Spheric Guardian","floor":18,"turns":4},{"damage":23,"enemies":"2 Thieves","floor":20,"turns":4},{"damage":16,"enemies":"Snake Plant","floor":22,"turns":5},{"damage":24,"enemies":"Gremlin Leader","floor":24,"turns":8},{"damage":12,"enemies":"Slavers","floor":27,"turns":7},{"damage":3,"enemies":"Book of Stabbing","floor":29,"turns":6},{"damage":7,"enemies":"Snecko","floor":31,"turns":6},{"damage":34,"enemies":"Collector","floor":33,"turns":11},{"damage":29,"enemies":"3 Darklings","floor":35,"turns":5},{"damage":8,"enemies":"3 Shapes","floor":37,"turns":6},{"damage":11,"enemies":"Jaw Worm Horde","floor":39,"turns":8},{"damage":45,"enemies":"Reptomancer","floor":41,"turns":3}],"seed_played":"6689614961938583280","potions_obtained":[{"floor":1,"key":"SpeedPotion"},{"floor":4,"key":"LiquidMemories"},{"floor":12,"key":"AttackPotion"},{"floor":16,"key":"BlessingOfTheForge"},{"floor":24,"key":"DistilledChaos"},{"floor":27,"key":"AttackPotion"},{"floor":31,"key":"SpeedPotion"},{"floor":37,"key":"GamblersBrew"}],"is_trial":false,"path_per_floor":["M","?","M","M","M","E","R","E","T","$","$","M","R","M","R","B",null,"M","?","M","?","M","R","E","?","T","E","R","E","$","M","R","B",null,"M","?","M","?","M","R","E"],"character_chosen":"DEFECT","items_purchased":["Capacitor"],"campfire_rested":5,"item_purchase_floors":[11],"current_hp_per_floor":[68,68,68,68,68,29,29,23,23,23,23,23,23,22,44,25,63,61,61,38,38,22,44,20,20,20,8,30,27,27,20,42,8,58,29,29,21,21,10,31,0,0],"gold":0,"neow_bonus":"THREE_ENEMY_KILL","is_daily":false,"chose_seed":false,"campfire_upgraded":2,"win_rate":0.0,"timestamp":1613483990,"path_taken":["M","?","?","M","M","E","R","E","T","?","$","M","R","?","R","BOSS","M","?","M","?","M","R","E","?","T","E","R","E","?","M","R","BOSS","M","?","M","?","?","R","E"],"items_purchased_type":["Card"],"build_version":"2020-12-22","purchased_purges":2,"victory":false,"max_hp_per_floor":[75,75,75,75,75,75,75,75,75,75,75,75,75,75,75,75,75,75,75,75,75,75,75,75,75,75,75,75,75,75,75,75,75,75,75,75,75,71,71,71,71,71],"relic_stats":{"Nunchaku":[5],"Inserter":[11],"counters":[21,107],"Ornamental Fan":[28],"Blue Candle":[0],"Dead Branch":[29],"Ectoplasm":453,"Smiling Mask":75,"Question Card":7,"obtain_stats":[{"Lantern":26,"Inserter":34,"NeowsBlessing":0,"Blue Candle":6,"Dead Branch":29,"Smiling Mask":9,"Question Card":24,"Akabeko":8,"Nunchaku":27,"Ornamental Fan":21,"Ectoplasm":17,"Red Mask":36,"Cracked Core":0},{"Lantern":13,"Inserter":17,"NeowsBlessing":0,"Blue Candle":5,"Dead Branch":15,"Smiling Mask":6,"Question Card":13,"Akabeko":6,"Nunchaku":14,"Ornamental Fan":11,"Ectoplasm":9,"Red Mask":18,"Cracked Core":0},{"Lantern":55,"Inserter":85,"NeowsBlessing":0,"Blue Candle":11,"Dead Branch":68,"Smiling Mask":18,"Question Card":55,"Akabeko":18,"Nunchaku":62,"Ornamental Fan":42,"Ectoplasm":34,"Red Mask":90,"Cracked Core":0}]},"card_choices":[{"not_picked":["Scrape","Leap"],"picked":"Darkness","floor":1},{"not_picked":["Force Field","Barrage"],"picked":"BootSequence","floor":3},{"not_picked":["Double Energy","Hologram"],"picked":"Ball Lightning","floor":4},{"not_picked":["Reinforced Body","Force Field"],"picked":"Compile Driver","floor":5},{"not_picked":["Recycle","Steam Power","BootSequence"],"picked":"SKIP","floor":6},{"not_picked":["Sunder","Static Discharge"],"picked":"Cold Snap","floor":8},{"not_picked":["Ball Lightning","Steam"],"picked":"Conserve Battery","floor":12},{"not_picked":["Barrage","Cold Snap","Stack"],"picked":"SKIP","floor":14},{"not_picked":["Core Surge","All For One"],"picked":"Machine Learning","floor":16},{"not_picked":["Conserve Battery","Fusion"],"picked":"Defragment","floor":18},{"not_picked":["Streamline","Stack"],"picked":"Redo","floor":20},{"not_picked":["Coolheaded","Rebound+1"],"picked":"Double Energy+1","floor":22},{"not_picked":["Streamline+1","BootSequence","Gash"],"picked":"SKIP","floor":24},{"not_picked":["Coolheaded","Sweeping Beam","Recycle+1"],"picked":"White Noise","floor":27},{"not_picked":["Gash+1","Rebound","Ball Lightning+1"],"picked":"Machine Learning","floor":29},{"not_picked":["Leap","Steam Power","Force Field"],"picked":"Glacier","floor":31},{"not_picked":["Seek","Rainbow","Biased Cognition"],"picked":"Buffer","floor":33},{"not_picked":["Sweeping Beam","Conserve Battery","Compile Driver+1","Scrape+1"],"picked":"SKIP","floor":35},{"not_picked":["Coolheaded+1","Doom and Gloom","Static Discharge"],"picked":"Consume+1","floor":37},{"not_picked":["Conserve Battery+1","Sweeping Beam+1","Compile Driver"],"picked":"Stack+1","floor":39}],"player_experience":957207,"relics_obtained":[{"floor":6,"key":"Blue Candle"},{"floor":8,"key":"Akabeko"},{"floor":9,"key":"Smiling Mask"},{"floor":24,"key":"Question Card"},{"floor":26,"key":"Lantern"},{"floor":27,"key":"Nunchaku"},{"floor":29,"key":"Dead Branch"}],"event_choices":[{"damage_healed":0,"gold_gain":0,"cards_transformed":["Strike_B"],"player_choice":"Transformed","damage_taken":0,"max_hp_gain":0,"max_hp_loss":0,"event_name":"Transmorgrifier","floor":2,"gold_loss":0,"cards_obtained":["Glacier"]},{"damage_healed":0,"gold_gain":0,"player_choice":"Ignored","damage_taken":0,"max_hp_gain":0,"max_hp_loss":0,"event_name":"Ghosts","floor":19,"gold_loss":0},{"damage_healed":0,"gold_gain":0,"player_choice":"Obtained Relic","damage_taken":0,"relics_obtained":["Ornamental Fan"],"max_hp_gain":0,"max_hp_loss":0,"event_name":"Addict","floor":21,"gold_loss":85},{"damage_healed":0,"gold_gain":99,"player_choice":"Stole From Cult","damage_taken":0,"max_hp_gain":0,"max_hp_loss":0,"event_name":"Nest","floor":25,"gold_loss":0},{"damage_healed":0,"gold_gain":0,"player_choice":"Paid","damage_taken":0,"relics_obtained":["Red Mask"],"max_hp_gain":0,"max_hp_loss":0,"event_name":"Tomb of Lord Red Mask","floor":36,"gold_loss":17},{"damage_healed":0,"gold_gain":0,"player_choice":"Max HP","damage_taken":0,"max_hp_gain":0,"max_hp_loss":4,"event_name":"Winding Halls","floor":38,"gold_loss":0}],"is_beta":false,"boss_relics":[{"not_picked":["Runic Dome","Velvet Choker"],"picked":"Ectoplasm"},{"not_picked":["Pandora\u0027s Box","Busted Crown"],"picked":"Inserter"}],"items_purged_floors":[10,11],"is_endless":false,"potions_floor_spawned":[1,4,12,16,24,27,31,37],"killed_by":"Reptomancer","ascension_level":8}}