{"host":"g520aj7wy7fyc13m","time":1613484335,"event":{"mods":["2.2 Compatiblity","Act Like it!","AlwaysNeverKeys","Aspiration","BaseMod","Better Sensory Stone","Better Third Choice","Colored Powertips","Downfall","Hermit","Jorbs\u0027s Wanderer Trilogy","Minty Spire (QoL Compilation)","Permanent Neow","Quick Restart","Random Character Button","Reliquary","Ruina","StSLib","The Disciple","The Runesmith","egg"],"gold_per_floor":[112,112,131,22,42,42,142,142,142,142,90,106,125,158,158,258,258,268,268,268,280,280,280,293,306,306,321,321,333,333,348,348,348,348,348],"floor_reached":33,"language":"ENG","playtime":2106,"items_purged":["bronze:Goto"],"score":274,"play_id":"a44d9f68-b9da-448e-a9f4-ef565c143772","local_time":"20210216140535","is_ascension_mode":false,"campfire_choices":[{"data":"bronze:Mutator","floor":6.0,"key":"SMITH"},{"data":"bronze:BronzeOrb","floor":8.0,"key":"SMITH"},{"data":"bronze:WhirlingStrike","floor":10.0,"key":"SMITH"},{"data":"bronze:BugBarrage","floor":15.0,"key":"SMITH"},{"data":"Flex","floor":23,"key":"SMITH"},{"floor":28,"key":"REST"},{"data":"bronze:HardenedForm","floor":30,"key":"SMITH"},{"floor":32,"key":"REST"}],"circlet_count":0,"master_deck":["bronze:Strike","bronze:Strike","bronze:Strike","bronze:Defend","bronze:Defend","bronze:Defend","bronze:Replicate","bronze:BronzeOrb+1","bronze:WhirlingStrike+1","bronze:Flail","bronze:Mutator+1","bronze:BugBarrage+1","bronze:HardenedForm+1","Flex+1"],"relics":["bronze:BronzeCore","reliquary:PrincelyHelmet","reliquary:RosewoodLute","aspiration:IroncladSkillbook","hexamod:CandleOfCauterizing"],"acts_visited":["Exordium","Exordium"],"potions_floor_usage":[16,16,25,27,33],"damage_taken":[{"damage":5.0,"enemies":"Jaw Worm","floor":1.0,"turns":5.0},{"damage":10.0,"enemies":"Cultist","floor":3.0,"turns":6.0},{"damage":0.0,"enemies":"Small Slimes","floor":5.0,"turns":2.0},{"damage":0.0,"enemies":"Exordium Wildlife","floor":12.0,"turns":2.0},{"damage":0.0,"enemies":"Lots of Slimes","floor":13.0,"turns":2.0},{"damage":0.0,"enemies":"3 Sentries","floor":14.0,"turns":3.0},{"damage":41,"enemies":"Hexaghost","floor":16,"turns":8},{"damage":19,"enemies":"ruina:BadWolf","floor":18,"turns":5},{"damage":0,"enemies":"ruina:2_Scarecrows","floor":21,"turns":3},{"damage":9,"enemies":"ruina:KingOfGreed","floor":24,"turns":3},{"damage":35,"enemies":"ruina:Nos_and_Bat","floor":25,"turns":5},{"damage":0,"enemies":"ruina:QueenOfHate","floor":27,"turns":3},{"damage":0,"enemies":"ruina:KingOfGreed","floor":29,"turns":5},{"damage":16,"enemies":"ruina:Woodsman","floor":31,"turns":3},{"damage":96,"enemies":"ruina:Red_and_Wolf","floor":33,"turns":9}],"seed_played":"5576558556028508668","potions_obtained":[{"floor":1.0,"key":"Strength Potion"},{"floor":2.0,"key":"FairyPotion"},{"floor":2.0,"key":"Slimebound:ThreeZeroPotion"},{"floor":12.0,"key":"Fire Potion"},{"floor":14.0,"key":"champ:CounterPotion"},{"floor":16,"key":"ColorlessPotion"},{"floor":18,"key":"bronze:FreeFunctionsPotion"},{"floor":25,"key":"Weak Potion"},{"floor":29,"key":"Strength Potion"}],"is_trial":false,"path_per_floor":["M","?","M","$","M","R","?","R","T","R","$","M","M","E","R","B",null,"M","?","?","M","?","R","M","M","T","M","R","M","R","M","R","B"],"character_chosen":"THE_AUTOMATON","items_purchased":["bronze:Flail","bronze:BugBarrage"],"campfire_rested":2,"item_purchase_floors":[4,11],"current_hp_per_floor":[65,65,55,55,55,55,55,55,55,55,55,55,55,55,55,14,70,55,55,55,59,59,59,54,23,23,27,48,52,52,40,61,0,0,0],"gold":348,"neow_bonus":"REMOVE_CARD","is_daily":false,"chose_seed":false,"campfire_upgraded":6,"win_rate":0.0,"timestamp":1613484335,"path_taken":["M","?","?","?","?","R","?","R","T","R","$","?","?","E","R","BOSS","M","?","?","?","?","R","M","M","T","M","R","?","R","M","R","BOSS"],"items_purchased_type":["Card","Card"],"build_version":"2020-12-22","purchased_purges":1,"victory":false,"max_hp_per_floor":[70,70,70,70,70,70,70,70,70,70,70,70,70,70,70,70,70,70,70,70,70,70,70,70,70,70,70,70,70,70,70,70,70,70,70],"card_choices":[{"not_picked":["bronze:Separator","bronze:BuggyMess"],"picked":"bronze:BronzeOrb","floor":1.0},{"not_picked":["bronze:DigitalCarnage","bronze:Overheat"],"picked":"bronze:WhirlingStrike","floor":3.0},{"not_picked":["bronze:FineTuning","bronze:Iterate"],"picked":"bronze:Mutator","floor":5.0},{"not_picked":["bronze:Overheat","bronze:Invalidate","bronze:BuggyMess"],"picked":"SKIP","floor":12.0},{"not_picked":["bronze:Shield","bronze:ForceShield","bronze:Turbo"],"picked":"SKIP","floor":13.0},{"not_picked":["bronze:FollowUp","bronze:ChildClass","bronze:WhirlingStrike"],"picked":"SKIP","floor":14.0},{"not_picked":["bronze:Virus","bronze:AlphaBuild"],"picked":"bronze:HardenedForm","floor":16},{"not_picked":["Rage","bronze:BuggyMess","bronze:DelayedSlice"],"picked":"Flex","floor":18},{"not_picked":["Heavy Blade","bronze:Break","Uppercut","bronze:WildBeam+1"],"picked":"SKIP","floor":21},{"not_picked":["Headbutt","bronze:Deprecate","bronze:Branch","Fire Breathing"],"picked":"SKIP","floor":24},{"not_picked":["bronze:DigitalCarnage","bronze:WhirlingStrike","Twin Strike+1","Iron Wave"],"picked":"SKIP","floor":25},{"not_picked":["Havoc","Clothesline","bronze:Invalidate","bronze:OilSpill"],"picked":"SKIP","floor":27},{"not_picked":["Intimidate","bronze:CutThrough+1","bronze:BitShift","bronze:Frontload"],"picked":"SKIP","floor":29},{"not_picked":["Perfected Strike","Body Slam","bronze:Flail+1","Anger"],"picked":"SKIP","floor":31}],"player_experience":587723,"relics_obtained":[{"floor":9.0,"key":"reliquary:PrincelyHelmet"},{"floor":14.0,"key":"reliquary:RosewoodLute"},{"floor":26,"key":"hexamod:CandleOfCauterizing"}],"event_choices":[{"damage_healed":0.0,"max_hp_gain":0.0,"max_hp_loss":0.0,"gold_gain":0.0,"event_name":"Lab","player_choice":"Got Potions","floor":2.0,"gold_loss":0.0,"damage_taken":0.0},{"damage_healed":0.0,"max_hp_gain":0.0,"max_hp_loss":0.0,"gold_gain":100.0,"event_name":"Wheel of Change","player_choice":"Gold","floor":7.0,"gold_loss":0.0,"damage_taken":0.0}],"is_beta":false,"boss_relics":[{"not_picked":["Astrolabe","aspiration:SecretTechniqueScroll"],"picked":"aspiration:IroncladSkillbook"}],"items_purged_floors":[4],"is_endless":false,"potions_floor_spawned":[1,12,14,16,18,25,29],"killed_by":"ruina:Red_and_Wolf","ascension_level":0}}