{"host":"sc0o2qwpf9j16a4i","time":1613475115,"event":{"mods":["AchievementEnabler","BaseMod","BetterRewards","Block Reminder","Colored Map","Colored Powertips","Custom Start","Highlight Path","Minty Spire (QoL Compilation)","Relic Stats"],"gold_per_floor":[141,214,214,274,325,412,460,562,562,562,607,14,89,137,137,452,452,509,557,12,12,12,12,93,93,118,202,202,253,304,304,304,610,610,667,120,150,0,48,129,156,252,277,289,340,391,508,565,577,589],"floor_reached":51,"language":"ENG","playtime":2353,"items_purged":[],"score":1312,"play_id":"d679c71e-d568-4f06-830b-1af77ef2ddb1","local_time":"20210216133155","daily_mods":["Draft","Blue Cards","Midas"],"is_ascension_mode":false,"campfire_choices":[{"floor":15,"key":"REST"},{"floor":25,"key":"REST"},{"floor":32,"key":"REST"},{"floor":49,"key":"REST"}],"circlet_count":0,"master_deck":["Cloak And Dagger","Leap+1","Slice","Blur","Quick Slash","Terror","Finisher","Rip and Tear","Beam Cell","Melter","Gash","Conserve Battery","Gash","Cold Snap","Go for the Eyes","Gash","Coolheaded","Escape Plan","Steam","Deflect","Chill+1","Prepared+1","Envenom","Catalyst+1","Slice","Undo+1","Conserve Battery+1","Shame","Ghostly+1","Ghostly+1","Ghostly+1","Ghostly+1","Ghostly+1","Cloak And Dagger+1","Acrobatics+1","Coolheaded+1","Noxious Fumes","Echo Form","CurseOfTheBell","Slice","Blind+1","Endless Agony+1","PiercingWail+1"],"relics":["Ring of the Snake","Kunai","Dead Branch","Ornamental Fan","CultistMask","Toxic Egg 2","OrangePellets","Anchor","Busted Crown","Medical Kit","Ginger","Blue Candle","White Beast Statue","Ancient Tea Set","Lantern","Nunchaku","Calling Bell","Blood Vial","Matryoshka","Du-Vu Doll","TwistedFunnel","Pear","Red Mask","Bag of Preparation","MealTicket","Omamori","Singing Bowl","The Courier","MawBank","War Paint"],"acts_visited":["Exordium","TheCity","TheBeyond"],"potions_floor_usage":[12,27,33,37,40,47,47,47,50,50],"damage_taken":[{"damage":0,"enemies":"2 Louse","floor":1,"turns":1},{"damage":0,"enemies":"Cultist","floor":4,"turns":2},{"damage":0,"enemies":"Small Slimes","floor":5,"turns":1},{"damage":0,"enemies":"Lagavulin","floor":6,"turns":3},{"damage":2,"enemies":"Exordium Thugs","floor":7,"turns":3},{"damage":0,"enemies":"Gremlin Nob","floor":8,"turns":3},{"damage":0,"enemies":"2 Fungi Beasts","floor":11,"turns":2},{"damage":0,"enemies":"Large Slime","floor":14,"turns":2},{"damage":0,"enemies":"The Guardian","floor":16,"turns":7},{"damage":0,"enemies":"Chosen","floor":18,"turns":3},{"damage":0,"enemies":"Spheric Guardian","floor":19,"turns":1},{"damage":1,"enemies":"Gremlin Leader","floor":24,"turns":8},{"damage":1,"enemies":"Slavers","floor":27,"turns":8},{"damage":0,"enemies":"Snake Plant","floor":29,"turns":4},{"damage":0,"enemies":"Cultist and Chosen","floor":30,"turns":4},{"damage":1,"enemies":"Collector","floor":33,"turns":8},{"damage":1,"enemies":"3 Shapes","floor":35,"turns":2},{"damage":2,"enemies":"3 Darklings","floor":37,"turns":7},{"damage":1,"enemies":"4 Shapes","floor":39,"turns":5},{"damage":0,"enemies":"Reptomancer","floor":40,"turns":5},{"damage":1,"enemies":"Nemesis","floor":42,"turns":5},{"damage":1,"enemies":"Sphere and 2 Shapes","floor":45,"turns":4},{"damage":0,"enemies":"Transient","floor":46,"turns":5},{"damage":1,"enemies":"Reptomancer","floor":47,"turns":4},{"damage":0,"enemies":"4 Shapes","floor":48,"turns":3},{"damage":1,"enemies":"Donu and Deca","floor":50,"turns":6}],"seed_played":"-7209395686162735708","potions_obtained":[{"floor":5,"key":"Fruit Juice"},{"floor":8,"key":"SpeedPotion"},{"floor":11,"key":"DuplicationPotion"},{"floor":27,"key":"GamblersBrew"},{"floor":30,"key":"CunningPotion"},{"floor":33,"key":"SteroidPotion"},{"floor":37,"key":"GhostInAJar"},{"floor":40,"key":"Strength Potion"},{"floor":46,"key":"EntropicBrew"},{"floor":47,"key":"Regen Potion"},{"floor":48,"key":"SkillPotion"}],"is_trial":true,"path_per_floor":["M","?","?","M","M","E","M","E","T","?","M","$","?","M","R","B",null,"M","M","$","?","?","?","E","R","T","E","T","M","M","?","R","B",null,"M","$","M","?","M","E","T","E","T","?","M","M","E","M","R","B",null],"character_chosen":"THE_SILENT","items_purchased":["Toxic Egg 2","OrangePellets","Anchor","BlessingOfTheForge","Medical Kit","Ginger","Undo+1","Conserve Battery+1","TwistedFunnel","Pear","Slice","Blind+1"],"campfire_rested":4,"item_purchase_floors":[12,12,12,12,20,20,20,20,36,36,36,36],"current_hp_per_floor":[70,70,70,70,70,70,68,68,68,68,68,73,62,62,75,75,75,75,75,75,75,75,37,36,37,37,36,36,36,36,36,37,36,37,36,46,45,45,46,47,47,48,48,47,48,51,50,53,53,52],"gold":601,"neow_bonus":"","is_daily":false,"chose_seed":false,"campfire_upgraded":0,"win_rate":0.0,"timestamp":1613475115,"path_taken":["M","?","?","M","M","E","M","E","T","?","?","$","?","M","R","BOSS","M","M","$","?","?","?","E","R","T","E","?","M","M","?","R","BOSS","M","$","M","?","M","E","?","E","T","?","?","M","E","M","R","BOSS"],"items_purchased_type":["Relic","Relic","Relic","Potion","Relic","Relic","Card","Card","Relic","Relic","Card","Card"],"build_version":"2020-12-22","purchased_purges":0,"victory":true,"max_hp_per_floor":[70,70,70,70,70,70,70,70,70,70,70,75,75,75,75,75,75,75,75,75,75,75,37,37,37,37,37,37,37,37,37,37,37,37,37,47,47,47,47,47,47,49,49,47,49,51,51,53,53,53],"relic_stats":{"Singing Bowl":8,"counters":[26,106],"Dead Branch":[148],"Blue Candle":[11],"Bag of Preparation":[13],"Ginger":[11],"War Paint":["Leap","Chill"],"Medical Kit":[4],"MawBank":96,"Blood Vial":6,"OrangePellets":[5],"Nunchaku":[21],"Busted Crown":34,"Ornamental Fan":[276],"MealTicket":0,"Kunai":[73],"obtain_stats":[{"TwistedFunnel":36,"Lantern":27,"Singing Bowl":42,"Bag of Preparation":40,"Ginger":20,"Ancient Tea Set":26,"Blood Vial":34,"Nunchaku":28,"Matryoshka":34,"MealTicket":41,"Red Mask":38,"Kunai":6,"Toxic Egg 2":12,"Ring of the Snake":0,"Pear":36,"Dead Branch":8,"Blue Candle":22,"The Courier":43,"Omamori":41,"War Paint":47,"Medical Kit":20,"MawBank":43,"White Beast Statue":24,"Calling Bell":34,"Du-Vu Doll":34,"OrangePellets":12,"Anchor":12,"Busted Crown":17,"Ornamental Fan":9,"CultistMask":10},{"TwistedFunnel":17,"Lantern":13,"Singing Bowl":21,"Bag of Preparation":20,"Ginger":11,"Ancient Tea Set":12,"Blood Vial":16,"Nunchaku":13,"Matryoshka":16,"MealTicket":20,"Red Mask":18,"Kunai":4,"Toxic Egg 2":7,"Ring of the Snake":0,"Pear":17,"Dead Branch":6,"Blue Candle":11,"The Courier":21,"Omamori":20,"War Paint":24,"Medical Kit":11,"MawBank":21,"White Beast Statue":12,"Calling Bell":16,"Du-Vu Doll":16,"OrangePellets":7,"Anchor":7,"Busted Crown":9,"Ornamental Fan":6,"CultistMask":6},{"TwistedFunnel":62,"Lantern":44,"Singing Bowl":84,"Bag of Preparation":79,"Ginger":28,"Ancient Tea Set":36,"Blood Vial":60,"Nunchaku":44,"Matryoshka":60,"MealTicket":79,"Red Mask":69,"Kunai":7,"Toxic Egg 2":15,"Ring of the Snake":0,"Pear":62,"Dead Branch":13,"Blue Candle":28,"The Courier":84,"Omamori":79,"War Paint":97,"Medical Kit":28,"MawBank":84,"White Beast Statue":36,"Calling Bell":60,"Du-Vu Doll":60,"OrangePellets":15,"Anchor":15,"Busted Crown":24,"Ornamental Fan":13,"CultistMask":13}],"Ring of the Snake":[52]},"card_choices":[{"not_picked":["Ball Lightning","Turbo"],"picked":"Cloak And Dagger","floor":0},{"not_picked":["Beam Cell","Expertise"],"picked":"Leap","floor":0},{"not_picked":["Stack","Deflect"],"picked":"Slice","floor":0},{"not_picked":["Steam","Dodge and Roll"],"picked":"Blur","floor":0},{"not_picked":["Flying Knee","Bane"],"picked":"Quick Slash","floor":0},{"not_picked":["Poisoned Stab","Redo"],"picked":"Terror","floor":0},{"not_picked":["Deflect","Rip and Tear"],"picked":"Finisher","floor":0},{"not_picked":["Expertise","Steam"],"picked":"Rip and Tear","floor":0},{"not_picked":["Dagger Spray","Steam Power"],"picked":"Beam Cell","floor":0},{"not_picked":["Sweeping Beam","Stack"],"picked":"Melter","floor":0},{"not_picked":["Steam","Compile Driver"],"picked":"Gash","floor":0},{"not_picked":["Scrape","Setup"],"picked":"Conserve Battery","floor":0},{"not_picked":["Dagger Throw","Bane"],"picked":"Gash","floor":0},{"not_picked":["Underhanded Strike","Ball Lightning"],"picked":"Cold Snap","floor":0},{"not_picked":["Prepared","All Out Attack"],"picked":"Go for the Eyes","floor":0},{"not_picked":["Defragment","Beam Cell"],"picked":"Gash","floor":1},{"not_picked":["Flying Knee","Reinforced Body"],"picked":"Coolheaded","floor":4},{"not_picked":["Streamline","Rip and Tear"],"picked":"Escape Plan","floor":5},{"not_picked":["Flying Knee","Hello World"],"picked":"Steam","floor":6},{"not_picked":["Auto Shields","Bane"],"picked":"Deflect","floor":7},{"not_picked":["Streamline","Reprogram","Sweeping Beam"],"picked":"SKIP","floor":8},{"not_picked":["Cold Snap","Loop"],"picked":"Chill","floor":11},{"not_picked":["Darkness+1","Ball Lightning"],"picked":"Prepared+1","floor":14},{"not_picked":["Fission+1","Hyperbeam"],"picked":"Envenom","floor":16},{"not_picked":[],"picked":"Catalyst+1","floor":18},{"not_picked":[],"picked":"Slice","floor":19},{"not_picked":[],"picked":"Cloak And Dagger+1","floor":24},{"not_picked":[],"picked":"Acrobatics+1","floor":27},{"not_picked":[],"picked":"Coolheaded+1","floor":29},{"not_picked":[],"picked":"Noxious Fumes","floor":30},{"not_picked":[],"picked":"Echo Form","floor":33},{"not_picked":["Flying Knee+1"],"picked":"SKIP","floor":35},{"not_picked":["Genetic Algorithm+1"],"picked":"SKIP","floor":37},{"not_picked":["Quick Slash+1"],"picked":"SKIP","floor":39},{"not_picked":[],"picked":"Endless Agony+1","floor":40},{"not_picked":["Outmaneuver+1"],"picked":"Singing Bowl","floor":42},{"not_picked":["Rebound+1"],"picked":"Singing Bowl","floor":45},{"not_picked":["Turbo+1"],"picked":"Singing Bowl","floor":46},{"not_picked":[],"picked":"PiercingWail+1","floor":47},{"not_picked":["Consume+1"],"picked":"Singing Bowl","floor":48}],"player_experience":1433291,"relics_obtained":[{"floor":6,"key":"Kunai"},{"floor":8,"key":"Dead Branch"},{"floor":9,"key":"Ornamental Fan"},{"floor":24,"key":"White Beast Statue"},{"floor":26,"key":"Ancient Tea Set"},{"floor":27,"key":"Lantern"},{"floor":28,"key":"Nunchaku"},{"floor":34,"key":"Blood Vial"},{"floor":34,"key":"Matryoshka"},{"floor":34,"key":"Du-Vu Doll"},{"floor":40,"key":"Bag of Preparation"},{"floor":41,"key":"MealTicket"},{"floor":41,"key":"Omamori"},{"floor":42,"key":"Singing Bowl"},{"floor":43,"key":"The Courier"},{"floor":43,"key":"MawBank"},{"floor":47,"key":"War Paint"}],"event_choices":[{"damage_healed":0,"gold_gain":73,"player_choice":"Gained Gold","damage_taken":0,"max_hp_gain":0,"max_hp_loss":0,"event_name":"Golden Wing","floor":2,"gold_loss":0},{"damage_healed":0,"gold_gain":0,"player_choice":"Leave","damage_taken":0,"max_hp_gain":0,"max_hp_loss":0,"event_name":"The Cleric","floor":3,"gold_loss":0},{"damage_healed":0,"gold_gain":0,"player_choice":"Trade","damage_taken":0,"relics_obtained":["CultistMask"],"max_hp_gain":0,"max_hp_loss":0,"event_name":"FaceTrader","floor":10,"gold_loss":0},{"damage_healed":0,"gold_gain":75,"player_choice":"Gather Gold","damage_taken":11,"max_hp_gain":0,"max_hp_loss":0,"event_name":"World of Goop","floor":13,"gold_loss":0},{"damage_healed":0,"gold_gain":0,"player_choice":"Ignored","damage_taken":0,"max_hp_gain":0,"max_hp_loss":0,"event_name":"Vampires","floor":21,"gold_loss":0},{"damage_healed":0,"gold_gain":0,"player_choice":"Stole Relic","damage_taken":0,"relics_obtained":["Blue Candle"],"max_hp_gain":0,"max_hp_loss":0,"event_name":"Addict","floor":22,"gold_loss":0,"cards_obtained":["Shame"]},{"damage_healed":0,"gold_gain":0,"player_choice":"Became a Ghost","damage_taken":0,"max_hp_gain":0,"max_hp_loss":38,"event_name":"Ghosts","floor":23,"gold_loss":0,"cards_obtained":["Ghostly","Ghostly","Ghostly","Ghostly","Ghostly"]},{"damage_healed":0,"gold_gain":0,"player_choice":"Simplicity","damage_taken":0,"max_hp_gain":0,"max_hp_loss":0,"event_name":"Back to Basics","floor":31,"gold_loss":0,"cards_upgraded":[]},{"damage_healed":0,"gold_gain":0,"player_choice":"Paid","damage_taken":0,"relics_obtained":["Red Mask"],"max_hp_gain":0,"max_hp_loss":0,"event_name":"Tomb of Lord Red Mask","floor":38,"gold_loss":150},{"damage_healed":0,"gold_gain":0,"player_choice":"Max HP","damage_taken":0,"max_hp_gain":0,"max_hp_loss":2,"event_name":"Winding Halls","floor":44,"gold_loss":0}],"is_beta":false,"boss_relics":[{"not_picked":["Velvet Choker","Empty Cage"],"picked":"Busted Crown"},{"not_picked":["HoveringKite","Snecko Eye"],"picked":"Calling Bell"}],"items_purged_floors":[],"is_endless":false,"potions_floor_spawned":[5,8,11,14,18,27,29,30,33,35,37,39,40,42,45,46,47,48],"ascension_level":0}}