{"host":"t9vqxmgmtrdkt9v9","time":1613452702,"event":{"mods":["AchievementEnabler","BaseMod","Colored Map","Minty Spire (QoL Compilation)","Permanent Neow","Relic Stats","StSLib"],"gold_per_floor":[211,228,24,37,47,47,47,47,47,47,88,88,132,147,147,147,147],"floor_reached":16,"language":"ENG","playtime":813,"items_purged":[],"score":209,"play_id":"7a17a41e-4d7a-48df-b955-c0b16d100507","local_time":"20210216151822","is_ascension_mode":true,"campfire_choices":[{"data":"Shockwave","floor":6.0,"key":"SMITH"},{"data":"Spot Weakness","floor":8.0,"key":"SMITH"},{"data":"Flame Barrier","floor":10.0,"key":"SMITH"},{"floor":15,"key":"REST"}],"circlet_count":0,"master_deck":["AscendersBane","Strike_R","Strike_R","Strike_R","Strike_R","Strike_R","Defend_R","Defend_R","Defend_R","Defend_R","Bash","Spot Weakness+1","Shockwave+1","Flame Barrier+1","Limit Break","Twin Strike","Headbutt"],"relics":["Burning Blood","Sling","Golden Idol","Ornamental Fan","Singing Bowl","NlothsMask","Prayer Wheel"],"acts_visited":["Exordium"],"potions_floor_usage":[],"damage_taken":[{"damage":9.0,"enemies":"Jaw Worm","floor":1.0,"turns":4.0},{"damage":1.0,"enemies":"Small Slimes","floor":2.0,"turns":4.0},{"damage":0.0,"enemies":"Cultist","floor":4.0,"turns":4.0},{"damage":11.0,"enemies":"Blue Slaver","floor":5.0,"turns":7.0},{"damage":11.0,"enemies":"Lagavulin","floor":11.0,"turns":6.0},{"damage":29,"enemies":"Gremlin Nob","floor":13,"turns":4},{"damage":9,"enemies":"Lots of Slimes","floor":14,"turns":4},{"damage":44,"enemies":"Hexaghost","floor":16,"turns":9}],"seed_played":"7147129484155592503","potions_obtained":[{"floor":2.0,"key":"FearPotion"},{"floor":14,"key":"Dexterity Potion"}],"is_trial":false,"path_per_floor":["M","M","$","M","M","R","?","R","T","R","E","?","E","M","R","B"],"character_chosen":"IRONCLAD","items_purchased":["Shockwave","Sling"],"campfire_rested":1,"item_purchase_floors":[3,3],"current_hp_per_floor":[65,70,70,75,70,70,44,44,44,44,41,41,18,17,40,0,0],"gold":147,"neow_bonus":"HUNDRED_GOLD","is_daily":false,"chose_seed":false,"campfire_upgraded":3,"win_rate":0.0,"timestamp":1613452702,"path_taken":["M","M","$","M","M","R","?","R","T","R","E","?","E","?","R","BOSS"],"items_purchased_type":["Card","Relic"],"build_version":"2020-12-22","purchased_purges":0,"victory":false,"max_hp_per_floor":[75,75,75,75,75,75,75,75,75,75,77,77,77,79,79,79,79],"relic_stats":{"Singing Bowl":4,"counters":[8,42],"Golden Idol":20,"Ornamental Fan":[4],"Prayer Wheel":1,"obtain_stats":[{"Singing Bowl":11,"Golden Idol":7,"Ornamental Fan":9,"Prayer Wheel":13,"Sling":3,"Burning Blood":0,"NlothsMask":12},{"Singing Bowl":5,"Golden Idol":4,"Ornamental Fan":4,"Prayer Wheel":6,"Sling":2,"Burning Blood":0,"NlothsMask":5},{"Singing Bowl":25,"Golden Idol":19,"Ornamental Fan":19,"Prayer Wheel":29,"Sling":8,"Burning Blood":0,"NlothsMask":25}],"Burning Blood":41},"card_choices":[{"not_picked":["Thunderclap","Clash"],"picked":"Spot Weakness","floor":1.0},{"not_picked":["Iron Wave","Havoc","Searing Blow"],"picked":"SKIP","floor":2.0},{"not_picked":["Disarm","Cleave"],"picked":"Flame Barrier","floor":4.0},{"not_picked":["Headbutt","Cleave"],"picked":"Limit Break","floor":5.0},{"not_picked":["Shrug It Off","Second Wind","Inflame"],"picked":"Singing Bowl","floor":11.0},{"not_picked":["Shrug It Off","Ghostly Armor"],"picked":"Twin Strike","floor":13},{"not_picked":["Flex","Thunderclap"],"picked":"Headbutt","floor":14},{"not_picked":["Thunderclap","Cleave","Havoc"],"picked":"Singing Bowl","floor":14}],"player_experience":407945,"relics_obtained":[{"floor":9.0,"key":"Ornamental Fan"},{"floor":11.0,"key":"Singing Bowl"},{"floor":13,"key":"Prayer Wheel"}],"event_choices":[{"damage_healed":0.0,"max_hp_gain":0.0,"max_hp_loss":0.0,"gold_gain":0.0,"event_name":"Golden Idol","player_choice":"Take Damage","floor":7.0,"gold_loss":0.0,"damage_taken":26.0,"relics_obtained":["Golden Idol"]},{"damage_healed":0.0,"max_hp_gain":0.0,"max_hp_loss":0.0,"gold_gain":0.0,"event_name":"FaceTrader","player_choice":"Trade","floor":12.0,"gold_loss":0.0,"damage_taken":0.0,"relics_obtained":["NlothsMask"]}],"is_beta":false,"boss_relics":[],"items_purged_floors":[],"is_endless":false,"potions_floor_spawned":[2,14],"killed_by":"Hexaghost","ascension_level":18}}