{"host":"6xnetdfutjfdr70g","time":1613495079,"event":{"mods":["BaseMod","Colored Powertips","Highlight Path","Minty Spire (QoL Compilation)","Relic Stats"],"gold_per_floor":[116,116,135,149,163,163,188,188,188,217,233,243,243,262,262,337,337,318,332,40,56,155,155,166,166,166,166,166,179,179,23,23,98,98,109,127,141,17,17,17],"floor_reached":39,"language":"ENG","playtime":1706,"items_purged":["Pain"],"score":672,"play_id":"524ba192-d350-495c-8e7e-750a7124c36e","local_time":"20210216110439","is_ascension_mode":true,"campfire_choices":[{"floor":6.0,"key":"REST"},{"floor":8.0,"key":"REST"},{"floor":15.0,"key":"REST"},{"data":"Buffer","floor":23.0,"key":"SMITH"},{"floor":25.0,"key":"REST"},{"data":"Recycle","floor":28.0,"key":"SMITH"},{"data":"Coolheaded","floor":30.0,"key":"SMITH"},{"data":"Apotheosis","floor":32.0,"key":"SMITH"}],"circlet_count":0,"master_deck":["AscendersBane","Strike_B","Strike_B","Strike_B","Defend_B","Defend_B","Defend_B","Zap","Dualcast","Gash","Ball Lightning","Reinforced Body","Sunder","Recycle+1","Buffer+1","Gash","White Noise","Capacitor","Capacitor","Scrape","Hologram","Scrape","Loop","Coolheaded+1","Apotheosis+1","All For One","Barrage","Loop","Coolheaded","Defragment"],"relics":["FrozenCore","WarpedTongs","The Courier","Mummified Hand","Vajra","OrangePellets","SlaversCollar"],"acts_visited":["Exordium","TheCity","TheBeyond"],"potions_floor_usage":[39],"damage_taken":[{"damage":2.0,"enemies":"Jaw Worm","floor":1.0,"turns":3.0},{"damage":5.0,"enemies":"Cultist","floor":3.0,"turns":4.0},{"damage":10.0,"enemies":"2 Louse","floor":4.0,"turns":2.0},{"damage":16.0,"enemies":"Blue Slaver","floor":5.0,"turns":3.0},{"damage":19.0,"enemies":"3 Sentries","floor":7.0,"turns":6.0},{"damage":37.0,"enemies":"Lagavulin","floor":10.0,"turns":7.0},{"damage":1.0,"enemies":"Large Slime","floor":11.0,"turns":5.0},{"damage":9.0,"enemies":"Red Slaver","floor":12.0,"turns":3.0},{"damage":3.0,"enemies":"2 Fungi Beasts","floor":14.0,"turns":3.0},{"damage":44.0,"enemies":"The Guardian","floor":16.0,"turns":9.0},{"damage":13.0,"enemies":"2 Thieves","floor":18.0,"turns":4.0},{"damage":2.0,"enemies":"Chosen","floor":19.0,"turns":8.0},{"damage":12.0,"enemies":"Centurion and Healer","floor":21.0,"turns":8.0},{"damage":6.0,"enemies":"Chosen and Byrds","floor":24.0,"turns":6.0},{"damage":0.0,"enemies":"Snake Plant","floor":29.0,"turns":5.0},{"damage":12.0,"enemies":"Collector","floor":33.0,"turns":9.0},{"damage":21.0,"enemies":"3 Shapes","floor":35.0,"turns":5.0},{"damage":31.0,"enemies":"3 Darklings","floor":36.0,"turns":6.0},{"damage":29.0,"enemies":"4 Shapes","floor":37.0,"turns":5.0},{"damage":19,"enemies":"Jaw Worm Horde","floor":39,"turns":2}],"seed_played":"-6472610497172680914","potions_obtained":[{"floor":1.0,"key":"ColorlessPotion"},{"floor":7.0,"key":"FocusPotion"},{"floor":10.0,"key":"PotionOfCapacity"},{"floor":11.0,"key":"DistilledChaos"},{"floor":16.0,"key":"Weak Potion"},{"floor":19.0,"key":"FairyPotion"},{"floor":37.0,"key":"LiquidMemories"}],"is_trial":false,"path_per_floor":["M","?","M","M","M","R","E","R","T","E","M","M","?","M","R","B",null,"M","M","$","M","?","R","M","R","T","?","R","M","R","$","R","B",null,"M","M","M","$","M"],"character_chosen":"DEFECT","items_purchased":["Capacitor","OrangePellets","Scrape","Apotheosis","Defragment","DuplicationPotion"],"campfire_rested":4,"item_purchase_floors":[20,20,20,31,38,38],"current_hp_per_floor":[62,62,57,47,31,52,33,54,54,17,16,7,30,27,48,4,54,41,39,39,27,27,27,21,42,42,42,42,42,42,42,42,30,61,40,9,1,1,0,0],"gold":17,"neow_bonus":"REMOVE_CARD","is_daily":false,"chose_seed":false,"campfire_upgraded":4,"win_rate":0.0,"timestamp":1613495079,"path_taken":["M","?","M","M","?","R","E","R","T","E","M","M","?","M","R","BOSS","M","M","$","M","?","R","M","R","T","?","R","M","R","$","R","BOSS","M","M","M","$","M"],"items_purchased_type":["Card","Relic","Card","Card","Card","Potion"],"build_version":"2020-12-22","purchased_purges":1,"victory":false,"max_hp_per_floor":[71,71,71,71,71,71,71,71,71,71,71,71,71,71,71,71,71,71,71,71,71,71,71,71,71,71,71,71,71,71,71,71,71,71,71,71,71,71,71,71],"relic_stats":{"OrangePellets":[7],"counters":[20,102],"Mummified Hand":[44],"obtain_stats":[{"OrangePellets":20,"SlaversCollar":34,"Mummified Hand":9,"Vajra":10,"The Courier":7,"Cracked Core":0,"WarpedTongs":2,"FrozenCore":17},{"OrangePellets":12,"SlaversCollar":16,"Mummified Hand":5,"Vajra":6,"The Courier":5,"Cracked Core":0,"WarpedTongs":1,"FrozenCore":10},{"OrangePellets":57,"SlaversCollar":85,"Mummified Hand":18,"Vajra":25,"The Courier":18,"Cracked Core":0,"WarpedTongs":3,"FrozenCore":45}],"FrozenCore":[40],"WarpedTongs":[90]},"card_choices":[{"not_picked":["Leap","Redo"],"picked":"Gash","floor":1.0},{"not_picked":["Rebound","Streamline"],"picked":"Ball Lightning","floor":3.0},{"not_picked":["Rebound","Go for the Eyes"],"picked":"Reinforced Body","floor":4.0},{"not_picked":["Leap","Hologram"],"picked":"Sunder","floor":5.0},{"not_picked":["Beam Cell","Turbo"],"picked":"Recycle","floor":7.0},{"not_picked":["Rebound","Sweeping Beam"],"picked":"Buffer","floor":10.0},{"not_picked":["Aggregate","Conserve Battery"],"picked":"Gash","floor":11.0},{"not_picked":["Ball Lightning","Go for the Eyes"],"picked":"White Noise","floor":12.0},{"not_picked":["Streamline","Redo"],"picked":"Capacitor","floor":14.0},{"not_picked":["Reboot","Multi-Cast"],"picked":"Thunder Strike","floor":16.0},{"not_picked":["Leap","Barrage","Ball Lightning"],"picked":"SKIP","floor":18.0},{"not_picked":["Steam","Rebound","Beam Cell"],"picked":"SKIP","floor":19.0},{"not_picked":["Stack","Compile Driver"],"picked":"Hologram","floor":21.0},{"not_picked":["Go for the Eyes","Reinforced Body","Stack"],"picked":"SKIP","floor":24.0},{"not_picked":["Redo","Barrage"],"picked":"Coolheaded","floor":29.0},{"not_picked":["Amplify","Multi-Cast"],"picked":"All For One","floor":33.0},{"not_picked":["Chill+1","Sweeping Beam+1"],"picked":"Barrage","floor":35.0},{"not_picked":["Stack+1","Beam Cell"],"picked":"Loop","floor":36.0},{"not_picked":["Redo+1","Steam Power"],"picked":"Coolheaded","floor":37.0}],"player_experience":464428,"relics_obtained":[{"floor":7.0,"key":"The Courier"},{"floor":9.0,"key":"Mummified Hand"},{"floor":10.0,"key":"Vajra"}],"event_choices":[{"damage_healed":0.0,"max_hp_gain":0.0,"max_hp_loss":0.0,"gold_gain":0.0,"event_name":"Accursed Blacksmith","player_choice":"Rummage","floor":2.0,"gold_loss":0.0,"damage_taken":0.0,"relics_obtained":["WarpedTongs"],"cards_obtained":["Pain"]},{"damage_healed":23.0,"max_hp_gain":0.0,"max_hp_loss":0.0,"gold_gain":0.0,"event_name":"Big Fish","player_choice":"Banana","floor":13.0,"gold_loss":0.0,"damage_taken":0.0},{"damage_healed":0.0,"max_hp_gain":0.0,"max_hp_loss":0.0,"gold_gain":99.0,"event_name":"Nest","player_choice":"Stole From Cult","floor":22.0,"gold_loss":0.0,"damage_taken":0.0},{"damage_healed":0.0,"max_hp_gain":0.0,"max_hp_loss":0.0,"gold_gain":0.0,"cards_transformed":["Thunder Strike","Defend_B"],"event_name":"Drug Dealer","player_choice":"Became Test Subject","floor":27.0,"gold_loss":0.0,"damage_taken":0.0,"cards_obtained":["Scrape","Loop"]}],"is_beta":false,"boss_relics":[{"not_picked":["Runic Dome","Ectoplasm"],"picked":"FrozenCore"},{"not_picked":["Astrolabe","Snecko Eye"],"picked":"SlaversCollar"}],"items_purged_floors":[20],"is_endless":false,"potions_floor_spawned":[1,7,10,11,16,19,21,37],"killed_by":"Jaw Worm Horde","ascension_level":14}}