{"host":"mydft8i2zzydgggw","time":1613465039,"event":{"mods":["AchievementEnabler","BaseMod","Colored Map","Colored Powertips","DeckTracker","Keyboard Shortcuts","Minty Spire (QoL Compilation)","Rare Cards Sparkle","StSLib","SuperFastMode","Together in Spire","everything is the same but u backflip on backflip"],"gold_per_floor":[138,213,213,258,258,258,303,344,369,67,102,102,160,175,175,271,271,339,384,47,47,85,85,85,85],"floor_reached":24,"language":"KOR","playtime":835,"items_purged":["Strike_P","Strike_P"],"score":317,"play_id":"5d56d387-78e8-48c7-9bfc-62a2ce21948e","local_time":"20210216174359","is_ascension_mode":true,"campfire_choices":[{"floor":6.0,"key":"REST"},{"data":"Eruption","floor":12.0,"key":"SMITH"},{"floor":15.0,"key":"REST"},{"floor":23,"key":"REST"}],"circlet_count":0,"master_deck":["AscendersBane","Strike_P","Defend_P+1","Defend_P","Defend_P","Defend_P","Eruption+1","Vigilance","Wish","CrushJoints+1","Tantrum+1","MentalFortress","LessonLearned+1","EmptyMind","SashWhip+1","Prostrate+1","Meditate","Omniscience","Evaluate","Wallop","Prostrate+1","WheelKick"],"relics":["PureWater","Ancient Tea Set","Blood Vial","Runic Pyramid","Oddly Smooth Stone"],"acts_visited":["Exordium","TheCity"],"potions_floor_usage":[16,16,19,19,22],"damage_taken":[{"damage":15.0,"enemies":"Jaw Worm","floor":1.0,"turns":5.0},{"damage":6.0,"enemies":"2 Louse","floor":4.0,"turns":4.0},{"damage":4.0,"enemies":"Small Slimes","floor":7.0,"turns":5.0},{"damage":6.0,"enemies":"Looter","floor":8.0,"turns":4.0},{"damage":0.0,"enemies":"Exordium Wildlife","floor":11.0,"turns":5.0},{"damage":12.0,"enemies":"3 Sentries","floor":13.0,"turns":6.0},{"damage":12.0,"enemies":"Exordium Thugs","floor":14.0,"turns":2.0},{"damage":25,"enemies":"The Guardian","floor":16,"turns":10},{"damage":11,"enemies":"Spheric Guardian","floor":18,"turns":4},{"damage":28,"enemies":"3 Byrds","floor":19,"turns":6},{"damage":15,"enemies":"Centurion and Healer","floor":22,"turns":7},{"damage":34,"enemies":"Slavers","floor":24,"turns":4}],"seed_played":"-6467215730024091907","potions_obtained":[{"floor":4.0,"key":"FearPotion"},{"floor":7.0,"key":"Strength Potion"},{"floor":14.0,"key":"Explosive Potion"},{"floor":16,"key":"SkillPotion"},{"floor":18,"key":"PowerPotion"}],"is_trial":false,"path_per_floor":["M","?","?","M","?","R","M","M","T","$","M","R","E","M","R","B",null,"M","M","$","?","M","R","E"],"character_chosen":"WATCHER","items_purchased":["LessonLearned","EmptyMind","Oddly Smooth Stone","Wallop","Dexterity Potion"],"campfire_rested":3,"item_purchase_floors":[10,10,20,20,20],"current_hp_per_floor":[32,21,21,15,15,36,32,26,26,26,26,26,14,4,25,2,55,46,20,20,20,7,28,0,0],"gold":85,"neow_bonus":"THREE_RARE_CARDS","is_daily":false,"chose_seed":false,"campfire_upgraded":1,"win_rate":0.0,"timestamp":1613465039,"path_taken":["M","?","?","M","?","R","M","M","T","?","M","R","E","M","R","BOSS","M","M","$","?","M","R","E"],"items_purchased_type":["Card","Card","Relic","Card","Potion"],"build_version":"2020-12-22","purchased_purges":2,"victory":false,"max_hp_per_floor":[72,72,72,72,72,72,72,72,72,72,72,72,72,72,72,72,72,72,72,72,72,72,72,72,72],"card_choices":[{"not_picked":["Establishment","Judgement"],"picked":"Wish","floor":0.0},{"not_picked":["Meditate","Prostrate"],"picked":"CrushJoints","floor":1.0},{"not_picked":["BowlingBash","JustLucky"],"picked":"Tantrum","floor":4.0},{"not_picked":["Prostrate","CutThroughFate"],"picked":"MentalFortress","floor":7.0},{"not_picked":["Sanctity","Halt","ThirdEye"],"picked":"SKIP","floor":8.0},{"not_picked":["Evaluate","FollowUp"],"picked":"SashWhip","floor":11.0},{"not_picked":["ThirdEye","Wireheading"],"picked":"Prostrate","floor":13.0},{"not_picked":["SashWhip","PathToVictory"],"picked":"Meditate","floor":14.0},{"not_picked":["LessonLearned","Vault"],"picked":"Omniscience","floor":16},{"not_picked":["WaveOfTheHand","Consecrate","Tantrum"],"picked":"SKIP","floor":18},{"not_picked":["BowlingBash","FlyingSleeves"],"picked":"Evaluate","floor":19},{"not_picked":["Sanctity","EmptyMind"],"picked":"WheelKick","floor":22}],"player_experience":270208,"relics_obtained":[{"floor":9.0,"key":"Ancient Tea Set"},{"floor":13.0,"key":"Blood Vial"}],"event_choices":[{"damage_healed":0.0,"max_hp_gain":0.0,"max_hp_loss":0.0,"gold_gain":75.0,"event_name":"World of Goop","player_choice":"Gather Gold","floor":2.0,"gold_loss":0.0,"damage_taken":11.0},{"cards_removed":["Strike_P"],"damage_healed":0.0,"max_hp_gain":0.0,"max_hp_loss":0.0,"gold_gain":0.0,"event_name":"Living Wall","player_choice":"Forget","floor":3.0,"gold_loss":0.0,"damage_taken":0.0},{"damage_healed":0.0,"max_hp_gain":0.0,"max_hp_loss":0.0,"gold_gain":0.0,"event_name":"Shining Light","player_choice":"Ignored","floor":5.0,"gold_loss":0.0,"damage_taken":0.0},{"damage_healed":0,"gold_gain":0,"player_choice":"Copied","damage_taken":0,"max_hp_gain":0,"max_hp_loss":0,"event_name":"Duplicator","floor":21,"gold_loss":0,"cards_obtained":["Prostrate"]}],"is_beta":false,"boss_relics":[{"not_picked":["HolyWater","SacredBark"],"picked":"Runic Pyramid"}],"items_purged_floors":[10,20],"is_endless":false,"potions_floor_spawned":[4,7,11,14,16,18],"killed_by":"Slavers","ascension_level":12}}