{"host":"8vqkh0x3c7vpgzzm","time":1613484218,"event":{"mods":["AchievementEnabler","BaseMod","Colored Map","Colored Powertips","Curses Come First","DeckTracker","Highlight Path","Minty Spire (QoL Compilation)","Permanent Neow","Quick Restart","Random Character Mod","Rare Cards Sparkle","Relic Sorter","Relic Stats","StSLib","SuperFastMode","Unceasing Turn Reminder","egg","everything is the same but u backflip on backflip"],"gold_per_floor":[116,41,57,9,28,28,39,39,39,39,49,81,98,111,111,213,213,228,73,84,101,101],"floor_reached":21,"language":"ENG","playtime":747,"items_purged":["Perfected Strike"],"score":210,"play_id":"e8980c9b-6142-4bad-ab2b-d7e8bd4ef993","local_time":"20210216150338","is_ascension_mode":false,"campfire_choices":[{"data":"Flex","floor":6,"key":"SMITH"},{"data":"Carnage","floor":10,"key":"SMITH"},{"data":"Uppercut","floor":15,"key":"SMITH"}],"circlet_count":0,"master_deck":["Bash","Disarm","Thunderclap","Battle Trance","Battle Trance","Rage","Dark Embrace","Barricade","Spot Weakness","Carnage+1","Iron Wave","Shrug It Off","Flex+1","Disarm","Fiend Fire","Shrug It Off","Ghostly Armor","Uppercut+1","Impervious","Demon Form","Sentinel","Metallicize"],"relics":["Pandora\u0027s Box","MealTicket","Bottled Flame","Snecko Eye"],"acts_visited":["Exordium","TheCity"],"potions_floor_usage":[12,12,16],"damage_taken":[{"damage":5,"enemies":"Cultist","floor":1,"turns":4},{"damage":5,"enemies":"2 Louse","floor":3,"turns":2},{"damage":6,"enemies":"Jaw Worm","floor":5,"turns":4},{"damage":2,"enemies":"Blue Slaver","floor":7,"turns":3},{"damage":9,"enemies":"3 Louse","floor":11,"turns":3},{"damage":0,"enemies":"Gremlin Nob","floor":12,"turns":2},{"damage":0,"enemies":"Looter","floor":13,"turns":2},{"damage":11,"enemies":"Large Slime","floor":14,"turns":5},{"damage":12,"enemies":"The Guardian","floor":16,"turns":9},{"damage":0,"enemies":"Shell Parasite","floor":18,"turns":4},{"damage":0,"enemies":"Spheric Guardian","floor":20,"turns":3},{"damage":1,"enemies":"Snecko","floor":21,"turns":4}],"seed_played":"-1742481225167070276","potions_obtained":[{"floor":3,"key":"FairyPotion"},{"floor":7,"key":"AttackPotion"},{"floor":8,"key":"Fire Potion"},{"floor":11,"key":"DuplicationPotion"},{"floor":14,"key":"Fire Potion"},{"floor":20,"key":"FairyPotion"}],"is_trial":false,"path_per_floor":["M","$","M","$","M","R","M","?","T","R","M","E","M","M","R","B",null,"M","$","M","M"],"character_chosen":"IRONCLAD","items_purchased":["Shrug It Off","Demon Form"],"campfire_rested":0,"item_purchase_floors":[4,19],"current_hp_per_floor":[75,75,70,70,64,64,62,62,62,62,53,53,53,42,42,30,80,80,80,80,79,79],"gold":101,"neow_bonus":"BOSS_RELIC","is_daily":false,"chose_seed":false,"campfire_upgraded":3,"win_rate":0.0,"timestamp":1613484218,"path_taken":["M","?","M","$","M","R","M","?","T","R","M","E","M","?","R","BOSS","M","?","M","?"],"items_purchased_type":["Card","Card"],"build_version":"2020-12-22","purchased_purges":1,"victory":false,"max_hp_per_floor":[80,80,80,80,80,80,80,80,80,80,80,80,80,80,80,80,80,80,80,80,80,80],"relic_stats":{"counters":[12,45],"Snecko Eye":[19,21,27,15],"Pandora\u0027s Box":["Disarm","Thunderclap","Perfected Strike","Battle Trance","Battle Trance","Rage","Dark Embrace","Barricade","Spot Weakness"],"MealTicket":0,"obtain_stats":[{"Bottled Flame":12,"Snecko Eye":17,"Pandora\u0027s Box":0,"MealTicket":9,"Burning Blood":0},{"Bottled Flame":6,"Snecko Eye":9,"Pandora\u0027s Box":0,"MealTicket":4,"Burning Blood":0},{"Bottled Flame":18,"Snecko Eye":34,"Pandora\u0027s Box":0,"MealTicket":13,"Burning Blood":0}]},"card_choices":[{"not_picked":["True Grit","Heavy Blade"],"picked":"Carnage","floor":1},{"not_picked":["Headbutt","Body Slam"],"picked":"Iron Wave","floor":3},{"not_picked":["Havoc","Heavy Blade"],"picked":"Flex","floor":5},{"not_picked":["Combust","Heavy Blade"],"picked":"Disarm","floor":7},{"not_picked":["Rupture","Fiend Fire","Combust"],"picked":"SKIP","floor":11},{"not_picked":["Rupture","Combust"],"picked":"Fiend Fire","floor":11},{"not_picked":["Flex","Anger"],"picked":"Shrug It Off","floor":12},{"not_picked":["Armaments","Carnage"],"picked":"Ghostly Armor","floor":13},{"not_picked":["Sword Boomerang","Ghostly Armor"],"picked":"Uppercut","floor":14},{"not_picked":["Bludgeon","Fiend Fire"],"picked":"Impervious","floor":16},{"not_picked":["Disarm","Second Wind+1","Armaments"],"picked":"SKIP","floor":18},{"not_picked":["Iron Wave","Feel No Pain"],"picked":"Sentinel","floor":20},{"not_picked":["Dropkick","Heavy Blade"],"picked":"Metallicize","floor":21}],"player_experience":567205,"relics_obtained":[{"floor":9,"key":"MealTicket"},{"floor":12,"key":"Bottled Flame"}],"event_choices":[{"damage_healed":0,"gold_gain":0,"player_choice":"Got Potions","damage_taken":0,"max_hp_gain":0,"max_hp_loss":0,"event_name":"Lab","floor":8,"gold_loss":0}],"is_beta":false,"boss_relics":[{"not_picked":["Tiny House","SacredBark"],"picked":"Snecko Eye"}],"items_purged_floors":[2],"is_endless":false,"potions_floor_spawned":[3,7,11,14,20],"killed_by":"Snecko","ascension_level":0}}