{"host":"5jdby9iqu3ct6557","time":1613506926,"event":{"mods":["BaseMod","DeckTracker","Highlight Path","Minty Spire (QoL Compilation)","Relic Stats","StSLib","ojb\u0027s Info Mod"],"gold_per_floor":[369,386,405,385,37,64,79,79,79,95,127,202,234,252,252,252,252],"floor_reached":16,"language":"ENG","playtime":5268,"items_purged":["Strike_B"],"score":244,"play_id":"9fdd1b2a-e95f-41e9-be86-54068c26cde1","local_time":"20210216152206","is_ascension_mode":true,"campfire_choices":[{"floor":8,"key":"REST"},{"floor":15,"key":"REST"}],"circlet_count":0,"master_deck":["AscendersBane","Strike_B","Strike_B","Strike_B","Defend_B","Defend_B","Defend_B","Defend_B","Zap","Dualcast","Glacier","Genetic Algorithm","Compile Driver","Electrodynamics","Ball Lightning","Genetic Algorithm","Self Repair","Double Energy","BootSequence","Hello World"],"relics":["Cracked Core","Centennial Puzzle","Bag of Preparation","InkBottle","Turnip"],"acts_visited":["Exordium"],"potions_floor_usage":[6,10,13,16],"damage_taken":[{"damage":5,"enemies":"Small Slimes","floor":1,"turns":4},{"damage":0,"enemies":"Cultist","floor":2,"turns":3},{"damage":1,"enemies":"Jaw Worm","floor":3,"turns":5},{"damage":3,"enemies":"3 Sentries","floor":6,"turns":5},{"damage":24,"enemies":"Exordium Thugs","floor":7,"turns":6},{"damage":2,"enemies":"3 Louse","floor":10,"turns":5},{"damage":8,"enemies":"Gremlin Nob","floor":11,"turns":3},{"damage":16,"enemies":"Lagavulin","floor":13,"turns":4},{"damage":2,"enemies":"Large Slime","floor":14,"turns":4},{"damage":38,"enemies":"Hexaghost","floor":16,"turns":9}],"seed_played":"8078084932972539786","potions_obtained":[{"floor":3,"key":"SneckoOil"},{"floor":4,"key":"BlessingOfTheForge"},{"floor":6,"key":"PotionOfCapacity"},{"floor":11,"key":"AttackPotion"}],"is_trial":false,"path_per_floor":["M","M","M","?","$","E","M","R","T","M","E","?","E","M","R","B"],"character_chosen":"DEFECT","items_purchased":["Electrodynamics","Ball Lightning","Genetic Algorithm"],"campfire_rested":2,"item_purchase_floors":[5,5,5],"current_hp_per_floor":[41,41,40,40,40,37,20,41,41,46,38,27,11,16,37,0,0],"gold":252,"neow_bonus":"TWO_FIFTY_GOLD","is_daily":false,"chose_seed":false,"campfire_upgraded":0,"win_rate":0.0,"timestamp":1613506926,"path_taken":["M","M","M","?","$","E","M","R","T","?","E","?","E","M","R","BOSS"],"items_purchased_type":["Card","Card","Card"],"build_version":"2020-12-22","purchased_purges":1,"victory":false,"max_hp_per_floor":[71,71,71,71,71,71,71,71,71,71,71,71,71,71,71,71,71],"relic_stats":{"Centennial Puzzle":[18],"counters":[10,48],"Turnip":[0],"Bag of Preparation":[10],"obtain_stats":[{"Centennial Puzzle":6,"Turnip":13,"Bag of Preparation":9,"Cracked Core":0,"InkBottle":11},{"Centennial Puzzle":4,"Turnip":8,"Bag of Preparation":5,"Cracked Core":0,"InkBottle":7},{"Centennial Puzzle":17,"Turnip":35,"Bag of Preparation":23,"Cracked Core":0,"InkBottle":31}],"InkBottle":[5]},"card_choices":[{"not_picked":["Streamline","Melter"],"picked":"Glacier","floor":1},{"not_picked":["Beam Cell","Sweeping Beam"],"picked":"Genetic Algorithm","floor":2},{"not_picked":["Rebound","Go for the Eyes"],"picked":"Compile Driver","floor":3},{"not_picked":["Buffer","Beam Cell"],"picked":"Self Repair","floor":6},{"not_picked":["Chill","Conserve Battery"],"picked":"Double Energy","floor":11},{"not_picked":["Redo","Go for the Eyes"],"picked":"BootSequence","floor":13},{"not_picked":["Fusion","Beam Cell"],"picked":"Hello World","floor":14}],"player_experience":2765884,"relics_obtained":[{"floor":6,"key":"Centennial Puzzle"},{"floor":9,"key":"Bag of Preparation"},{"floor":11,"key":"InkBottle"},{"floor":13,"key":"Turnip"}],"event_choices":[{"damage_healed":0,"gold_gain":0,"player_choice":"Bought 1 Potion","damage_taken":0,"max_hp_gain":0,"max_hp_loss":0,"event_name":"The Woman in Blue","floor":4,"gold_loss":0},{"damage_healed":0,"gold_gain":75,"player_choice":"Gather Gold","damage_taken":11,"max_hp_gain":0,"max_hp_loss":0,"event_name":"World of Goop","floor":12,"gold_loss":0}],"is_beta":false,"boss_relics":[],"items_purged_floors":[5],"is_endless":false,"potions_floor_spawned":[3,6,11],"killed_by":"Hexaghost","ascension_level":20}}