{"host":"ooy9sn8qgs7oliwr","time":1613494008,"event":{"mods":["100% Spire Juice","ATMod(°¢èªMod)","Act Like it!","Arknights","BaseMod","BetterRewards","CapriCore","Minty Spire (QoL Compilation)","Pale of the Ancients","Reliquary","Replay The Spire","RumiaBox-Â¶Ã×æ«µÄÉñÃØºÐ×Ó","StSLib","The Immortal","The Jungle","Yakumo Yukari mod","¡¾ÒÅÎï¿¨ÅÆ¡¿REMEMod"],"gold_per_floor":[113,113,78,97,16,16,35,68,68,84,84,107,120,151,151,271,271,291,307,43,43,43,43,43],"floor_reached":22,"language":"ZHS","playtime":1466,"items_purged":[],"score":221,"play_id":"f060ce1b-3246-4f76-912e-a40f44afc95f","local_time":"20210217004648","is_ascension_mode":false,"campfire_choices":[{"data":"MokouMod:Combust","floor":11.0,"key":"SMITH"},{"floor":15,"key":"REST"}],"circlet_count":0,"master_deck":["MokouMod:Defend","MokouMod:Defend","MokouMod:Defend","MokouMod:Defend","MokouMod:HeatSpark","MokouMod:BurningDraft","MokouMod:Combust+1","MokouMod:ScorchedEarth","MokouMod:Ember","MokouMod:Trailblazer","MokouMod:ResoluteFlare","MokouMod:ProfanedFlare","MokouMod:RadiantBlade","MokouMod:FujiyamaVolcano","MokouMod:IgnitionBarrier","MokouMod:Overheat","MokouMod:Afterburner","Bite","Bite","Bite","Bite","Bite"],"relics":["MokouMod:PhoenixFeather","AT_ATBox","REME_ComplimentaryCards","NeowsBlessing","Golden Idol","Pondfish Scales","Pear","GodSword5","Replay:Grab Bag","SlaversCollar","Sozu","Ring of Chaos"],"acts_visited":["Exordium","TheCity"],"potions_floor_usage":[14,14,16],"damage_taken":[{"damage":0.0,"enemies":"Small Slimes","floor":1.0,"turns":2.0},{"damage":0.0,"enemies":"ats:Genji","floor":4.0,"turns":1.0},{"damage":0.0,"enemies":"Jaw Worm","floor":7.0,"turns":1.0},{"damage":25.0,"enemies":"Replay:BlueRogue","floor":8.0,"turns":7.0},{"damage":10.0,"enemies":"2 Fungi Beasts","floor":10.0,"turns":4.0},{"damage":0.0,"enemies":"Large Slime","floor":12.0,"turns":4.0},{"damage":24.0,"enemies":"Exordium Thugs","floor":13.0,"turns":5.0},{"damage":6,"enemies":"Gremlin Nob","floor":14,"turns":3},{"damage":56,"enemies":"The Guardian","floor":16,"turns":12},{"damage":37,"enemies":"2 Thieves","floor":18,"turns":4},{"damage":49,"enemies":"Shell Parasite","floor":19,"turns":6},{"damage":15,"enemies":"Centurion and Healer","floor":22,"turns":2}],"seed_played":"8574713638164890002","potions_obtained":[{"floor":6.0,"key":"Languid Potion"},{"floor":6.0,"key":"Adrenaline Potion"},{"floor":6.0,"key":"CultistPotion"},{"floor":13.0,"key":"FearPotion"}],"is_trial":false,"path_per_floor":["M","?","?","M","$","?","M","E","T","M","R","M","M","E","R","B",null,"M","M","$","?","M"],"character_chosen":"MKU","items_purchased":["MokouMod:ScorchedEarth","Blood Vial","MokouMod:Overheat","MokouMod:Afterburner"],"campfire_rested":1,"item_purchase_floors":[5,20,20,20],"current_hp_per_floor":[75,57,75,75,75,75,75,50,60,50,50,50,26,20,51,18,85,48,21,21,21,8,8,8],"gold":43,"neow_bonus":"THREE_ENEMY_KILL","is_daily":false,"chose_seed":false,"campfire_upgraded":1,"win_rate":0.0,"timestamp":1613494008,"path_taken":["M","?","?","M","$","?","M","E","T","?","R","M","M","E","R","BOSS","M","M","$","?","M"],"items_purchased_type":["Card","Relic","Card","Card"],"build_version":"2020-12-22","purchased_purges":0,"victory":false,"max_hp_per_floor":[75,75,75,75,75,75,75,75,85,85,85,85,85,85,85,85,85,85,85,85,85,85,85,85],"card_choices":[{"not_picked":["MokouMod:Overheat","MokouMod:Sear"],"picked":"MokouMod:BurningDraft","floor":1.0},{"not_picked":["MokouMod:ImperishableFlame","MokouMod:ScorchedEarth"],"picked":"MokouMod:Combust","floor":4.0},{"not_picked":["MokouMod:Firecracker","MokouMod:InfernalWave"],"picked":"MokouMod:Ember","floor":7.0},{"not_picked":["MokouMod:Extinguish","MokouMod:UncontrollableSolarReaction","MokouMod:InfernalWave"],"picked":"SKIP","floor":8.0},{"not_picked":["MokouMod:FujiyamaVolcano","MokouMod:FlareStarter","MokouMod:InfernalWave"],"picked":"SKIP","floor":10.0},{"not_picked":["MokouMod:Firecracker","MokouMod:HeatFactory"],"picked":"MokouMod:Trailblazer","floor":12.0},{"not_picked":["MokouMod:Sear","MokouMod:TemporalFireSeal"],"picked":"MokouMod:ResoluteFlare","floor":13.0},{"not_picked":["MokouMod:BurningDraft","MokouMod:UncontrollableSolarReaction"],"picked":"MokouMod:ProfanedFlare","floor":14},{"not_picked":["MokouMod:ProfanedFlare","MokouMod:Rekindle"],"picked":"MokouMod:RadiantBlade","floor":16},{"not_picked":["MokouMod:SubterraneanCore","MokouMod:BlazingComet"],"picked":"MokouMod:FujiyamaVolcano","floor":18},{"not_picked":["MokouMod:InfernalWave","MokouMod:ResoluteFlare"],"picked":"MokouMod:IgnitionBarrier","floor":19}],"player_experience":39506,"relics_obtained":[{"floor":8.0,"key":"Pondfish Scales"},{"floor":9.0,"key":"Pear"},{"floor":14,"key":"GodSword5"}],"event_choices":[{"damage_healed":0.0,"max_hp_gain":0.0,"max_hp_loss":0.0,"gold_gain":0.0,"event_name":"Golden Idol","player_choice":"Take Damage","floor":2.0,"gold_loss":0.0,"damage_taken":18.0,"relics_obtained":["Golden Idol"]},{"damage_healed":18.0,"max_hp_gain":0.0,"max_hp_loss":0.0,"gold_gain":0.0,"event_name":"The Cleric","player_choice":"Healed","floor":3.0,"gold_loss":35.0,"damage_taken":0.0},{"damage_healed":0.0,"max_hp_gain":0.0,"max_hp_loss":0.0,"gold_gain":0.0,"event_name":"Lab","player_choice":"Got Potions","floor":6.0,"gold_loss":0.0,"damage_taken":0.0},{"damage_healed":0,"gold_gain":0,"player_choice":"Became a vampire (Vial)","damage_taken":0,"max_hp_gain":0,"max_hp_loss":0,"event_name":"Vampires","floor":21,"relics_lost":["Blood Vial"],"gold_loss":0,"cards_obtained":["Bite","Bite","Bite","Bite","Bite"]}],"is_beta":false,"boss_relics":[{"not_picked":["Philosopher\u0027s Stone","Replay:Bronze Core"],"picked":"Replay:Grab Bag"},{"not_picked":["Coffee Dripper","Runic Dome"],"picked":"SlaversCollar"},{"not_picked":["ChewingGum","Fusion Hammer"],"picked":"Sozu"},{"not_picked":["REME_DuelDisc","SacredBark"],"picked":"Ring of Chaos"}],"items_purged_floors":[],"is_endless":false,"potions_floor_spawned":[7,12,13],"killed_by":"Centurion and Healer","ascension_level":0}}