{"host":"rylkjufw9dlhr07b","time":1613492018,"event":{"mods":["AchievementEnabler","BaseMod","Better Note","BetterRewards","Hubris","Minty Spire (QoL Compilation)","Quick Restart","StSLib","The Servant 0.9.4"],"gold_per_floor":[113,133,133,308,328,328,343,343,398,417,30,30,10,29,29,153,153,168,168,193,193,214,214,229,243,243,6,6,6,6],"floor_reached":29,"language":"FRA","playtime":905,"items_purged":["Doubt"],"score":217,"play_id":"fc1a0a71-2603-4126-8cb9-b1bdca79e370","local_time":"20210216171338","is_ascension_mode":false,"campfire_choices":[{"data":"Defy","floor":6,"key":"SMITH"},{"data":"Ricochet","floor":8,"key":"SMITH"},{"data":"DoubleEdge","floor":15,"key":"SMITH"},{"data":"Dilation","floor":23,"key":"SMITH"}],"circlet_count":0,"master_deck":["Strike_S","Strike_S","Strike_S","Strike_S","Defend_S","Defend_S","Defend_S","Defend_S","KidneyShot","Exchange","ShatteredReality","Defy+1","Comet","Ricochet+1","Luminosity","Spin","DoubleEdge+1","Rearm","Dilation+1","Potential+1","BottledTime+1","Unruled","Ricochet","Contraction+1","Luminosity"],"relics":["Uniform","hubris:Towel","Boot","InkBottle","Golden Idol","Sozu","Omamori","Medical Kit"],"acts_visited":["Exordium","TheCity"],"potions_floor_usage":[14,22,25],"damage_taken":[{"damage":0,"enemies":"Small Slimes","floor":1,"turns":3},{"damage":0,"enemies":"2 Louse","floor":2,"turns":3},{"damage":7,"enemies":"Jaw Worm","floor":5,"turns":4},{"damage":2,"enemies":"2 Fungi Beasts","floor":7,"turns":3},{"damage":0,"enemies":"3 Louse","floor":10,"turns":2},{"damage":0,"enemies":"Exordium Wildlife","floor":14,"turns":3},{"damage":1,"enemies":"Slime Boss","floor":16,"turns":8},{"damage":1,"enemies":"Shell Parasite","floor":18,"turns":4},{"damage":0,"enemies":"Chosen","floor":20,"turns":3},{"damage":14,"enemies":"Shelled Parasite and Fungi","floor":22,"turns":3},{"damage":11,"enemies":"Snecko","floor":24,"turns":5},{"damage":32,"enemies":"Snake Plant","floor":25,"turns":4},{"damage":10,"enemies":"Sentry and Sphere","floor":29,"turns":3}],"seed_played":"-3361078705482841200","potions_obtained":[{"floor":1,"key":"LiquidMemories"},{"floor":2,"key":"SneckoOil"},{"floor":10,"key":"DistilledChaos"}],"is_trial":false,"path_per_floor":["M","M","?","?","M","R","M","R","T","M","$","?","?","M","R","B",null,"M","?","M","?","M","R","M","M","T","$","?","M"],"character_chosen":"THE_SERVANT","items_purchased":["DoubleEdge","InkBottle","Medical Kit","Luminosity"],"campfire_rested":0,"item_purchase_floors":[11,11,27,27],"current_hp_per_floor":[65,65,65,65,58,58,56,56,56,56,56,56,56,56,56,55,65,64,64,64,64,50,50,39,7,7,7,7,0,0],"gold":6,"neow_bonus":"THREE_CARDS","is_daily":false,"chose_seed":false,"campfire_upgraded":4,"win_rate":0.0,"timestamp":1613492018,"path_taken":["M","M","?","?","M","R","M","R","T","M","$","?","?","M","R","BOSS","M","?","M","?","M","R","M","M","T","$","?","?"],"items_purchased_type":["Card","Relic","Relic","Card"],"build_version":"2020-12-22","purchased_purges":1,"victory":false,"max_hp_per_floor":[65,65,65,65,65,65,65,65,65,65,65,65,65,65,65,65,65,65,65,65,65,65,65,65,65,65,65,65,65,65],"card_choices":[{"not_picked":["Revamp","Alleviate"],"picked":"ShatteredReality","floor":0},{"not_picked":["Contraction","Potential"],"picked":"Defy","floor":1},{"not_picked":["ShiftingGears","Defy"],"picked":"Comet","floor":2},{"not_picked":["Replace","Starlight"],"picked":"Ricochet","floor":5},{"not_picked":["Rearm","ShiftingGears"],"picked":"Luminosity","floor":7},{"not_picked":["DualDimension","Defy"],"picked":"Spin","floor":10},{"not_picked":["Spin","ShiftingGears"],"picked":"Rearm","floor":14},{"not_picked":["PendulumOfEternity","TheWorld"],"picked":"Dilation","floor":16},{"not_picked":["Advance+1","Alleviate"],"picked":"Potential","floor":18},{"not_picked":["Replace","Duplication"],"picked":"BottledTime+1","floor":20},{"not_picked":["Rewind","Alleviate"],"picked":"Unruled","floor":22},{"not_picked":["TimeWarp","Unruled"],"picked":"Ricochet","floor":24},{"not_picked":["DoubleEdge","Defy"],"picked":"Contraction+1","floor":25}],"player_experience":606300,"relics_obtained":[{"floor":9,"key":"Boot"},{"floor":26,"key":"Omamori"}],"event_choices":[{"damage_healed":0,"gold_gain":175,"player_choice":"AGREE","damage_taken":0,"max_hp_gain":0,"max_hp_loss":0,"event_name":"Liars Game","floor":4,"gold_loss":0,"cards_obtained":["Doubt"]},{"damage_healed":0,"gold_gain":0,"player_choice":"Take Wound","damage_taken":0,"relics_obtained":["Golden Idol"],"max_hp_gain":0,"max_hp_loss":0,"event_name":"Golden Idol","floor":12,"gold_loss":0,"cards_obtained":["Injury"]},{"damage_healed":0,"gold_gain":0,"player_choice":"Left Gold","damage_taken":0,"max_hp_gain":0,"max_hp_loss":0,"event_name":"World of Goop","floor":13,"gold_loss":20},{"damage_healed":0,"gold_gain":0,"player_choice":"Upgraded","damage_taken":0,"max_hp_gain":0,"max_hp_loss":0,"event_name":"Upgrade Shrine","floor":19,"gold_loss":0,"cards_upgraded":["Potential"]},{"damage_healed":0,"gold_gain":0,"player_choice":"Bought 0 Potions","damage_taken":0,"max_hp_gain":0,"max_hp_loss":0,"event_name":"The Woman in Blue","floor":21,"gold_loss":0},{"cards_removed":["Injury"],"damage_healed":0,"gold_gain":0,"player_choice":"Removed Curses","damage_taken":0,"max_hp_gain":0,"max_hp_loss":0,"event_name":"Fountain of Cleansing","floor":28,"gold_loss":0}],"is_beta":false,"boss_relics":[{"not_picked":["Coffee Dripper","hubris:GrandSneckoEye"],"picked":"Sozu"}],"items_purged_floors":[11],"is_endless":false,"potions_floor_spawned":[1,2,10,20,22],"killed_by":"Sentry and Sphere","ascension_level":0}}