{"host":"7cp3z5w0tcrrm8ys","time":1613446709,"event":{"mods":["AchievementEnabler","BaseMod","DeckTracker","Minty Spire (QoL Compilation)","StSLib","SuperFastMode"],"gold_per_floor":[117,117,117,130,191,191,203,203,203,237,247,247,247,10,10,105,105,123,84,84,84,84],"floor_reached":21,"language":"KOR","playtime":515,"items_purged":["Injury"],"score":354,"play_id":"d5caa38b-df44-457a-aa58-0942998e7806","local_time":"20210216123829","is_ascension_mode":true,"campfire_choices":[{"data":"Flex","floor":6.0,"key":"SMITH"},{"data":"Burning Pact","floor":8.0,"key":"SMITH"},{"floor":13.0,"key":"REST"},{"data":"Clothesline","floor":15.0,"key":"SMITH"}],"circlet_count":0,"master_deck":["AscendersBane","Strike_R","Strike_R","Strike_R","Strike_R+1","Defend_R","Defend_R","Defend_R","Defend_R","Bash+1","Flex+1","Burning Pact+1","Power Through","Clothesline+1","Flame Barrier","Impervious","Flex+1","Dropkick"],"relics":["Burning Blood","Whetstone","Letter Opener","CaptainsWheel","Golden Idol","Anchor","Mark of Pain","GremlinMask"],"acts_visited":["Exordium","TheCity"],"potions_floor_usage":[21,21],"damage_taken":[{"damage":15.0,"enemies":"Small Slimes","floor":1.0,"turns":4.0},{"damage":9.0,"enemies":"2 Louse","floor":4.0,"turns":3.0},{"damage":0.0,"enemies":"Cultist","floor":7.0,"turns":2.0},{"damage":45.0,"enemies":"Gremlin Nob","floor":10.0,"turns":5.0},{"damage":2.0,"enemies":"2 Fungi Beasts","floor":11.0,"turns":5.0},{"damage":46.0,"enemies":"The Guardian","floor":16.0,"turns":17.0},{"damage":39,"enemies":"Shell Parasite","floor":18,"turns":8},{"damage":22,"enemies":"2 Thieves","floor":19,"turns":5},{"damage":15,"enemies":"Chosen and Byrds","floor":21,"turns":6}],"seed_played":"-4592065273851714430","potions_obtained":[{"floor":4.0,"key":"AttackPotion"},{"floor":11.0,"key":"Fire Potion"},{"floor":16.0,"key":"PowerPotion"},{"floor":19,"key":"AttackPotion"}],"is_trial":false,"path_per_floor":["M","?","?","M","?","R","M","R","T","E","M","?","R","$","R","B",null,"M","M","?","M"],"character_chosen":"IRONCLAD","items_purchased":["Anchor"],"campfire_rested":1,"item_purchase_floors":[14],"current_hp_per_floor":[59,59,59,56,56,56,62,62,62,23,27,27,49,49,49,9,59,26,10,10,0,0],"gold":84,"neow_bonus":"RANDOM_COMMON_RELIC","is_daily":false,"chose_seed":false,"campfire_upgraded":3,"win_rate":0.0,"timestamp":1613446709,"path_taken":["M","?","?","?","?","R","M","R","T","E","M","?","R","?","R","BOSS","M","M","?","?"],"items_purchased_type":["Relic"],"build_version":"2020-12-22","purchased_purges":1,"victory":false,"max_hp_per_floor":[75,75,75,75,75,75,75,75,75,75,75,75,75,75,75,75,75,75,75,75,75,75],"card_choices":[{"not_picked":["True Grit","Second Wind"],"picked":"Flex","floor":1.0},{"not_picked":["Warcry","Feel No Pain"],"picked":"Burning Pact","floor":4.0},{"not_picked":["Flex","Iron Wave"],"picked":"Power Through","floor":7.0},{"not_picked":["Wild Strike","Perfected Strike"],"picked":"Clothesline","floor":10.0},{"not_picked":["Perfected Strike","Headbutt"],"picked":"Flame Barrier","floor":11.0},{"not_picked":["Reaper","Brutality"],"picked":"Impervious","floor":16.0},{"not_picked":["Searing Blow","Carnage"],"picked":"Flex+1","floor":18},{"not_picked":["Heavy Blade","Twin Strike"],"picked":"Dropkick","floor":19}],"player_experience":816115,"relics_obtained":[{"floor":9.0,"key":"Letter Opener"},{"floor":10.0,"key":"CaptainsWheel"}],"event_choices":[{"damage_healed":0.0,"max_hp_gain":0.0,"max_hp_loss":0.0,"gold_gain":0.0,"event_name":"Scrap Ooze","player_choice":"Fled","floor":2.0,"gold_loss":0.0,"damage_taken":0.0},{"cards_removed":["Strike_R"],"damage_healed":0.0,"max_hp_gain":0.0,"max_hp_loss":0.0,"gold_gain":0.0,"event_name":"Purifier","player_choice":"Purged","floor":3.0,"gold_loss":0.0,"damage_taken":0.0},{"damage_healed":0.0,"max_hp_gain":0.0,"max_hp_loss":0.0,"gold_gain":61.0,"event_name":"Golden Wing","player_choice":"Gained Gold","floor":5.0,"gold_loss":0.0,"damage_taken":0.0},{"damage_healed":0.0,"max_hp_gain":0.0,"max_hp_loss":0.0,"gold_gain":0.0,"event_name":"Golden Idol","player_choice":"Take Wound","floor":12.0,"gold_loss":0.0,"damage_taken":0.0,"relics_obtained":["Golden Idol"],"cards_obtained":["Injury"]},{"damage_healed":0,"gold_gain":0,"player_choice":"Trade","damage_taken":0,"relics_obtained":["GremlinMask"],"max_hp_gain":0,"max_hp_loss":0,"event_name":"FaceTrader","floor":20,"gold_loss":0}],"is_beta":false,"boss_relics":[{"not_picked":["Coffee Dripper","Tiny House"],"picked":"Mark of Pain"}],"items_purged_floors":[14],"is_endless":false,"potions_floor_spawned":[4,11,16,19],"killed_by":"Chosen and Byrds","ascension_level":20}}