{"host":"h5mpg8xef8fl8s1y","time":1613466435,"event":{"mods":["100% Spire Juice","AchievementEnabler","BaseMod","Bestiary","Block Reminder","CapriCore","Colored Map","Colored Powertips","Curses Come First","Dark Map","Displayed Cursed Tome","Energized Spire","Googly Eyes","Highlight Path","Koishi","Marisa????????","Melee Mod","Minty Spire (QoL Compilation)","Permanent Neow","Potion Indicator Mod","Quick Restart","Random Character Button","Rare Cards Sparkle","Reimu??????","Relic Stats","Remilia??????","StSLib","Starting Relic: Pandora\u0027s Box","The Bug Knight","The Immortal","The Marked","The Senshi","The Servant 0.9.4","TheSwordswoman","TheVelvet","Virulent Crown","Waifu the Spire","Wide Potions","Yakumo Yukari mod","Yuyuko","everything is the same but u backflip on backflip","slay the spire mod where everything is the same but ironclad has a cowboy hat"],"gold_per_floor":[114,11,11,11,11,11,38,38,38,38,48,78,78,96,96,201,81,101,101,101,101,119,119,137,137,185,185,72,72,72,66,66,24,74,64,64,64,64,56,56,56,67,116,128,144,144,158,170,170,170],"floor_reached":51,"language":"ENG","playtime":3110,"items_purged":[],"score":848,"play_id":"3cf67af7-7ad9-42df-ad46-2aae981a2893","local_time":"20210216040715","is_ascension_mode":true,"campfire_choices":[{"floor":13,"key":"REST"},{"floor":15,"key":"REST"},{"data":"Moonworks:UnpaidWork","floor":25,"key":"SMITH"},{"data":"Moonworks:ShieldCounter","floor":27,"key":"SMITH"},{"data":"Moonworks:GoAway","floor":32,"key":"SMITH"},{"data":"Moonworks:LulusLuckyEgg","floor":40,"key":"SMITH"},{"floor":46,"key":"REST"},{"data":"Moonworks:BigBangBell","floor":49,"key":"SMITH"}],"circlet_count":0,"master_deck":["Moonworks:Ambush","Moonworks:LongDistanceShot","Moonworks:FullSpeedAlicianrone","Moonworks:BigBangBell+1","Moonworks:SakisCookie","Moonworks:EvilSpyWorkPreparation+1","Moonworks:IndiscriminateFireSupport","Moonworks:BackdoorTrade+1","Moonworks:Dinner+1","Moonworks:UnpaidWork+1","Moonworks:ScrambledEve","Moonworks:SealedMemories","Moonworks:LulusLuckyEgg","Moonworks:LulusLuckyEgg","Moonworks:NicePresent","Moonworks:ShieldCounter+1","Moonworks:DeployBits","Moonworks:WindyEnchantment","Moonworks:GoAway+1","Moonworks:UnluckyCharm","Moonworks:MiracleWalker+1","Moonworks:DeployBits+1","Moonworks:LulusLuckyEgg+1","Finesse","Moonworks:CookingTime+1","Moonworks:Poppoformation","Pain","Moonworks:NicePresent","Moonworks:MiracleWalker+1","Moonworks:ReproductionOfRecords","Moonworks:CompletionReward+1"],"relics":["Moonworks:BrokenBomb","Moonworks:Homemark","Dream Catcher","Question Card","Toy Ornithopter","Cursed Key","Enchiridion","Blood Vial","Ancient Tea Set","Tiny House","Nunchaku"],"acts_visited":["Exordium","TheCity","TheBeyond"],"potions_floor_usage":[11,16,16,16],"damage_taken":[{"damage":6,"enemies":"Cultist","floor":1,"turns":3},{"damage":0,"enemies":"2 Louse","floor":2,"turns":2},{"damage":30,"enemies":"Lagavulin","floor":7,"turns":4},{"damage":14,"enemies":"Small Slimes","floor":11,"turns":2},{"damage":27,"enemies":"HollowMod:MossKnight","floor":12,"turns":4},{"damage":1,"enemies":"3 Louse","floor":14,"turns":2},{"damage":61,"enemies":"Hexaghost","floor":16,"turns":12},{"damage":2,"enemies":"2 Thieves","floor":18,"turns":2},{"damage":0,"enemies":"3 Byrds","floor":22,"turns":3},{"damage":12,"enemies":"Snake Plant","floor":24,"turns":4},{"damage":0,"enemies":"Gremlin Leader","floor":28,"turns":4},{"damage":12,"enemies":"Centurion and Healer","floor":31,"turns":4},{"damage":35,"enemies":"Automaton","floor":33,"turns":7},{"damage":9,"enemies":"Orb Walker","floor":35,"turns":4},{"damage":18,"enemies":"3 Shapes","floor":39,"turns":3},{"damage":0,"enemies":"3 Shapes","floor":41,"turns":1},{"damage":27,"enemies":"Transient","floor":42,"turns":5},{"damage":18,"enemies":"Sphere and 2 Shapes","floor":44,"turns":5},{"damage":64,"enemies":"Writhing Mass","floor":45,"turns":6},{"damage":11,"enemies":"4 Shapes","floor":47,"turns":2},{"damage":3,"enemies":"Sphere and 2 Shapes","floor":48,"turns":4},{"damage":3,"enemies":"Donu and Deca","floor":50,"turns":4}],"seed_played":"-5377248558171246382","potions_obtained":[{"floor":2,"key":"Explosive Potion"},{"floor":7,"key":"Energy Potion"},{"floor":12,"key":"SkillPotion"},{"floor":14,"key":"Weak Potion"},{"floor":22,"key":"Energy Potion"},{"floor":34,"key":"PowerPotion"},{"floor":47,"key":"LiquidMemories"}],"is_trial":false,"path_per_floor":["M","M","?","$","?","$","E","$","T","?","M","E","R","M","R","B",null,"M","$","?","?","M","?","M","R","T","R","E","?","$","M","R","B",null,"M","?","$","?","M","R","?","M","T","M","M","R","M","M","R","B",null],"character_chosen":"THE_STARBREAKER","items_purchased":[],"campfire_rested":3,"item_purchase_floors":[],"current_hp_per_floor":[54,54,54,54,59,59,34,34,34,34,22,2,21,23,42,2,65,63,63,63,47,52,52,48,48,48,48,55,55,55,51,51,29,70,70,70,70,70,64,64,66,61,61,56,8,29,28,47,47,48],"gold":170,"neow_bonus":"UPGRADE_CARD","is_daily":false,"chose_seed":false,"campfire_upgraded":5,"win_rate":0.0,"timestamp":1613466435,"path_taken":["M","?","?","?","?","$","E","$","T","?","M","E","R","?","R","BOSS","M","$","?","?","M","?","?","R","T","R","E","?","?","M","R","BOSS","M","?","$","?","M","R","?","M","T","M","M","R","M","M","R","BOSS"],"items_purchased_type":[],"build_version":"2020-12-22","purchased_purges":0,"victory":true,"max_hp_per_floor":[60,60,60,60,65,65,65,65,65,65,65,65,65,65,65,65,65,65,65,65,65,65,65,65,65,65,65,65,65,65,65,65,65,70,70,70,70,70,70,70,70,70,70,70,70,70,70,70,70,70],"relic_stats":{"Blood Vial":20,"Dream Catcher":3,"Nunchaku":[3],"counters":[22,86],"Question Card":23,"Cursed Key":2,"obtain_stats":[{"Blood Vial":26,"Dream Catcher":7,"Nunchaku":43,"Tiny House":34,"Moonworks:Homemark":0,"Enchiridion":21,"Question Card":9,"Cursed Key":17,"Ancient Tea Set":28,"Toy Ornithopter":12,"Moonworks:BrokenBomb":0},{"Blood Vial":10,"Dream Catcher":3,"Nunchaku":17,"Tiny House":13,"Moonworks:Homemark":0,"Enchiridion":8,"Question Card":3,"Cursed Key":7,"Ancient Tea Set":11,"Toy Ornithopter":5,"Moonworks:BrokenBomb":0},{"Blood Vial":37,"Dream Catcher":8,"Nunchaku":65,"Tiny House":52,"Moonworks:Homemark":0,"Enchiridion":30,"Question Card":8,"Cursed Key":28,"Ancient Tea Set":41,"Toy Ornithopter":14,"Moonworks:BrokenBomb":0}],"Toy Ornithopter":0},"card_choices":[{"not_picked":["Moonworks:CloudOfSeagulls","Moonworks:BigBangBell"],"picked":"Moonworks:UnpaidWork","floor":1},{"not_picked":["Moonworks:EvilSpyWorkPreparation","Moonworks:BigMagnum"],"picked":"Moonworks:ScrambledEve","floor":2},{"not_picked":["Moonworks:Assault","Moonworks:x16BigRocket","Moonworks:JonathanRush"],"picked":"SKIP","floor":7},{"not_picked":["Moonworks:CloudOfSeagulls","Moonworks:ImOnFire","Moonworks:EvilSpyWorkPreparation","Moonworks:BigMagnum"],"picked":"SKIP","floor":11},{"not_picked":["Moonworks:BackdoorTrade","Moonworks:BeyondHell","Moonworks:Assault"],"picked":"Moonworks:SealedMemories","floor":12},{"not_picked":["Moonworks:BigMagnum","Moonworks:SubspaceTunnel","Moonworks:ImOnFire"],"picked":"Moonworks:LulusLuckyEgg","floor":13},{"not_picked":["Moonworks:BigMagnum","Moonworks:SelfDestruct","Moonworks:JonathanRush"],"picked":"Moonworks:LulusLuckyEgg","floor":14},{"not_picked":["Moonworks:BackdoorTrade","Moonworks:IndiscriminateFireSupport","Moonworks:CloudOfSeagulls"],"picked":"Moonworks:NicePresent","floor":15},{"not_picked":["Moonworks:Accelerator","Moonworks:WeAreWaruda","Moonworks:SubspaceTunnel"],"picked":"Moonworks:ShieldCounter","floor":16},{"not_picked":["Moonworks:EvilSpyWorkPreparation+1","Moonworks:BigMagnum","Moonworks:IndiscriminateFireSupport","Moonworks:Assault"],"picked":"SKIP","floor":18},{"not_picked":["Moonworks:NicePresent","Moonworks:JonathanRush","Moonworks:BigMagnum"],"picked":"Moonworks:DeployBits","floor":22},{"not_picked":["Moonworks:JonathanRush","Moonworks:ImOnFire+1","Moonworks:NicePresent"],"picked":"Moonworks:UnluckyCharm","floor":24},{"not_picked":["Moonworks:Assault","Moonworks:StarBlastingFuse","Moonworks:EvilSpyWorkPreparation"],"picked":"Moonworks:MiracleWalker+1","floor":28},{"not_picked":["Moonworks:BackdoorTrade","Moonworks:CloudOfSeagulls","Moonworks:DeployBits","Moonworks:IntelligenceOfficer"],"picked":"SKIP","floor":31},{"not_picked":["Moonworks:EvilMastermind","Moonworks:Blazing","Moonworks:StarBlastingFuse"],"picked":"Moonworks:ShieldCounter","floor":33},{"not_picked":["Moonworks:JonathanRush","Moonworks:EvilSpyWorkPreparation","Moonworks:SakisCookie"],"picked":"Moonworks:DeployBits+1","floor":34},{"not_picked":["Moonworks:DeployBits","Moonworks:CloudOfSeagulls+1","Moonworks:IndiscriminateFireSupport"],"picked":"Moonworks:LulusLuckyEgg","floor":35},{"not_picked":["Thinking Ahead","Transmutation","Panacea"],"picked":"Finesse","floor":38},{"not_picked":["Moonworks:CloudOfSeagulls","Moonworks:RedAndBlue","Moonworks:IndiscriminateFireSupport+1"],"picked":"Moonworks:CookingTime+1","floor":39},{"not_picked":["Moonworks:JonathanRush","Moonworks:BigBangBell","Moonworks:ImOnFire+1"],"picked":"Moonworks:Poppoformation","floor":42},{"not_picked":["Moonworks:BackdoorTrade","Moonworks:DeployBits","Moonworks:EvilSpyWorkPreparation+1"],"picked":"Moonworks:NicePresent","floor":44},{"not_picked":["Moonworks:LulusLuckyEgg+1","Moonworks:EvilSpyWorkPreparation+1","Moonworks:NicePresent+1"],"picked":"Moonworks:MiracleWalker+1","floor":45},{"not_picked":["Moonworks:EvilSpyWorkPreparation+1","Moonworks:x16BigRocket+1","Moonworks:LulusLuckyEgg"],"picked":"Moonworks:ReproductionOfRecords","floor":47},{"not_picked":["Moonworks:ExtendedPhotonRifle","Moonworks:CloudOfSeagulls+1","Moonworks:SakisCookie+1"],"picked":"Moonworks:CompletionReward+1","floor":48}],"player_experience":262407,"relics_obtained":[{"floor":7,"key":"Dream Catcher"},{"floor":9,"key":"Question Card"},{"floor":12,"key":"Toy Ornithopter"},{"floor":26,"key":"Blood Vial"},{"floor":28,"key":"Ancient Tea Set"},{"floor":43,"key":"Nunchaku"}],"event_choices":[{"damage_healed":0,"gold_gain":0,"player_choice":"Forge","damage_taken":0,"max_hp_gain":0,"max_hp_loss":0,"event_name":"Accursed Blacksmith","floor":3,"gold_loss":0,"cards_upgraded":["Moonworks:BackdoorTrade"]},{"damage_healed":0,"gold_gain":0,"player_choice":"Donut","damage_taken":0,"max_hp_gain":5,"max_hp_loss":0,"event_name":"Big Fish","floor":5,"gold_loss":0},{"cards_removed":["Moonworks:SakisCookie"],"damage_healed":0,"gold_gain":0,"player_choice":"Purged","damage_taken":0,"max_hp_gain":0,"max_hp_loss":0,"event_name":"Purifier","floor":10,"gold_loss":0},{"damage_healed":0,"gold_gain":0,"player_choice":"Obtained Book","damage_taken":16,"max_hp_gain":0,"max_hp_loss":0,"event_name":"Cursed Tome","floor":21,"gold_loss":0},{"damage_healed":0,"gold_gain":0,"player_choice":"2 cards matched","damage_taken":0,"max_hp_gain":0,"max_hp_loss":0,"event_name":"Match and Keep!","floor":23,"gold_loss":0,"cards_obtained":["Moonworks:WindyEnchantment","Moonworks:GoAway"]},{"damage_healed":0,"gold_gain":0,"player_choice":"Ignored","damage_taken":0,"max_hp_gain":0,"max_hp_loss":0,"event_name":"N\u0027loth","floor":29,"gold_loss":0},{"cards_removed":["Moonworks:ShieldCounter"],"damage_healed":0,"gold_gain":0,"player_choice":"Removed Skill","damage_taken":0,"max_hp_gain":0,"max_hp_loss":0,"event_name":"Falling","floor":36,"gold_loss":0},{"damage_healed":0,"gold_gain":0,"player_choice":"Memory 1","damage_taken":0,"max_hp_gain":0,"max_hp_loss":0,"event_name":"SensoryStone","floor":38,"gold_loss":0}],"is_beta":false,"boss_relics":[{"not_picked":["Snecko Eye","Sozu"],"picked":"Cursed Key"},{"not_picked":["Runic Pyramid","SacredBark"],"picked":"Tiny House"}],"items_purged_floors":[],"is_endless":false,"potions_floor_spawned":[2,7,12,14,22,39,44,47,48],"ascension_level":2}}