{"host":"6xsbn6ynqlzwllfm","time":1613436879,"event":{"mods":["2.2 Compatiblity","BaseMod","Bestiary","Colored Map","Colored Powertips","Curses Come First","Highlight Path","Jorbs\u0027s Wanderer Trilogy","Keyboard Shortcuts","Minty Spire (QoL Compilation)","Quick Restart","Relic Stats","Slay the Relics Exporter","StSLib","SuperFastMode"],"gold_per_floor":[111,124,124,139,149,149,149,190,214,214,255,278,312,371,371,496,496,512,526,453,477,492,527,244,268,292,333,347,380,380,424,424,547,547,560,313,313,263,277,277,317,361,387,425,444,444,444,40,40,40,40,40,40,99,99,99],"floor_reached":55,"language":"ENG","playtime":5413,"items_purged":["stsjorbsmod:Defend_Wanderer","stsjorbsmod:Strike_Wanderer","stsjorbsmod:Strike_Wanderer","stsjorbsmod:Strike_Wanderer","stsjorbsmod:Defend_Wanderer"],"score":1052,"play_id":"4916c1bb-943c-4bdc-93e6-4b0ea6486f2d","local_time":"20210215195439","is_ascension_mode":false,"campfire_choices":[{"data":"stsjorbsmod:Hurt","floor":6.0,"key":"SMITH"},{"data":"stsjorbsmod:CorrodingBarrier","floor":10.0,"key":"SMITH"},{"data":"stsjorbsmod:Stalwart","floor":15.0,"key":"SMITH"},{"data":"stsjorbsmod:TinyHut","floor":30,"key":"SMITH"},{"data":"stsjorbsmod:WanderingMind","floor":32,"key":"SMITH"},{"data":"stsjorbsmod:GatherPower","floor":40,"key":"SMITH"},{"floor":47,"key":"REST"},{"floor":49,"key":"RECALL"},{"data":"stsjorbsmod:FindFamiliar","floor":52,"key":"SMITH"}],"circlet_count":0,"master_deck":["stsjorbsmod:ForbiddenGrimoire+1","stsjorbsmod:Defend_Wanderer+1","stsjorbsmod:Defend_Wanderer","stsjorbsmod:FreshAdventure","stsjorbsmod:EyeOfTheStorm+1","stsjorbsmod:Hurt+1","stsjorbsmod:Mania+1","stsjorbsmod:MageArmor","stsjorbsmod:CorrodingBarrier+1","stsjorbsmod:TinyHut+1","stsjorbsmod:Rest","stsjorbsmod:Stalwart+1","stsjorbsmod:HedgeWizard","stsjorbsmod:Entangle","stsjorbsmod:ArcaneWeapon+1","stsjorbsmod:WanderingMind+1","stsjorbsmod:MageArmor+1","stsjorbsmod:MagicMissiles+1","stsjorbsmod:FlameWard+1","stsjorbsmod:ScorchingRay","stsjorbsmod:Materialize","stsjorbsmod:BurningFlask+1","stsjorbsmod:Feast","stsjorbsmod:GatherPower+1","stsjorbsmod:FindFamiliar+1","stsjorbsmod:WanderingMind","stsjorbsmod:WanderingMind+1","stsjorbsmod:ScorchingRay+1","stsjorbsmod:Patron","stsjorbsmod:BookOfTongues"],"relics":["stsjorbsmod:GrimoireRelic","Golden Idol","Omamori","Smiling Mask","Potion Belt","Blue Candle","Snecko Eye","Bag of Preparation","OrangePellets","Tiny Chest","Regal Pillow","Ice Cream","Bag of Marbles","Cursed Key","Sling","Prayer Wheel","Centennial Puzzle","stsjorbsmod:BottledMemoryRelic","ClockworkSouvenir","Shuriken"],"acts_visited":["Exordium","TheCity","TheBeyond","TheEnding"],"potions_floor_usage":[27,27,29,29,33,39,39,39,42,44,50,50,55],"damage_taken":[{"damage":3.0,"enemies":"Jaw Worm","floor":1.0,"turns":4.0},{"damage":1.0,"enemies":"2 Louse","floor":2.0,"turns":2.0},{"damage":11.0,"enemies":"Small Slimes","floor":4.0,"turns":4.0},{"damage":0.0,"enemies":"Red Slaver","floor":5.0,"turns":3.0},{"damage":1.0,"enemies":"3 Sentries","floor":8.0,"turns":6.0},{"damage":4.0,"enemies":"Lagavulin","floor":11.0,"turns":9.0},{"damage":0.0,"enemies":"3 Louse","floor":12.0,"turns":3.0},{"damage":0.0,"enemies":"Gremlin Gang","floor":13.0,"turns":6.0},{"damage":2.0,"enemies":"3 Sentries","floor":14.0,"turns":7.0},{"damage":4.0,"enemies":"The Guardian","floor":16.0,"turns":14.0},{"damage":0.0,"enemies":"3 Byrds","floor":18.0,"turns":3.0},{"damage":0.0,"enemies":"Shell Parasite","floor":19.0,"turns":4.0},{"damage":4.0,"enemies":"Cultist and Chosen","floor":21.0,"turns":6.0},{"damage":0,"enemies":"Snake Plant","floor":22,"turns":4},{"damage":6,"enemies":"Gremlin Leader","floor":23,"turns":5},{"damage":0,"enemies":"Centurion and Healer","floor":25,"turns":4},{"damage":14,"enemies":"Slavers","floor":27,"turns":5},{"damage":0,"enemies":"Snecko","floor":28,"turns":4},{"damage":0,"enemies":"Gremlin Leader","floor":29,"turns":6},{"damage":0,"enemies":"Book of Stabbing","floor":31,"turns":4},{"damage":2,"enemies":"Collector","floor":33,"turns":4},{"damage":0,"enemies":"Orb Walker","floor":35,"turns":4},{"damage":2,"enemies":"3 Shapes","floor":39,"turns":6},{"damage":0,"enemies":"Nemesis","floor":41,"turns":3},{"damage":0,"enemies":"Jaw Worm Horde","floor":42,"turns":3},{"damage":9,"enemies":"Reptomancer","floor":44,"turns":5},{"damage":12,"enemies":"Sphere and 2 Shapes","floor":45,"turns":7},{"damage":5,"enemies":"Awakened One","floor":50,"turns":8},{"damage":28,"enemies":"Shield and Spear","floor":54,"turns":7},{"damage":96,"enemies":"The Heart","floor":55,"turns":6}],"seed_played":"1291224822527004680","potions_obtained":[{"floor":2.0,"key":"Explosive Potion"},{"floor":5.0,"key":"Strength Potion"},{"floor":8.0,"key":"EssenceOfSteel"},{"floor":12.0,"key":"SteroidPotion"},{"floor":14.0,"key":"FearPotion"},{"floor":16.0,"key":"PowerPotion"},{"floor":19.0,"key":"EntropicBrew"},{"floor":21.0,"key":"Weak Potion"},{"floor":27,"key":"LiquidMemories"},{"floor":29,"key":"Energy Potion"},{"floor":35,"key":"FairyPotion"},{"floor":37,"key":"Block Potion"},{"floor":37,"key":"BlessingOfTheForge"},{"floor":39,"key":"Dexterity Potion"},{"floor":41,"key":"DistilledChaos"},{"floor":54,"key":"DuplicationPotion"}],"is_trial":false,"path_per_floor":["M","M","?","M","M","R","?","E","T","R","E","M","M","E","R","B",null,"M","M","$","M","M","E","$","M","T","E","M","E","R","E","R","B",null,"M","$","?","$","M","R","E","M","T","E","M","?","R","$","R","B",null,"R","$","E","B"],"character_chosen":"WANDERER","items_purchased":["stsjorbsmod:WanderingMind","OrangePellets","stsjorbsmod:FlameWard","stsjorbsmod:WanderingMind","Sling","stsjorbsmod:BottledMemoryRelic","ClockworkSouvenir","AttackPotion"],"campfire_rested":1,"item_purchase_floors":[20,24,24,36,36,48,48,48],"current_hp_per_floor":[76,76,69,60,62,62,62,67,67,67,63,65,68,69,69,65,74,74,74,74,76,76,73,73,76,76,76,76,76,76,76,76,78,78,80,80,80,80,80,80,80,86,86,80,74,74,88,88,88,83,88,88,88,68,0,0],"gold":99,"neow_bonus":"TEN_PERCENT_HP_BONUS","is_daily":false,"chose_seed":false,"campfire_upgraded":7,"win_rate":0.0,"timestamp":1613436879,"path_taken":["M","M","?","M","M","R","?","E","T","R","E","M","M","E","R","BOSS","M","M","$","M","M","E","$","M","T","E","M","E","R","E","R","BOSS","M","$","?","$","M","R","E","M","T","E","?","?","R","$","R","BOSS","R","$","E","BOSS"],"items_purchased_type":["Card","Relic","Card","Card","Relic","Relic","Relic","Potion"],"build_version":"2020-12-22","purchased_purges":5,"victory":false,"max_hp_per_floor":[76,76,76,76,76,76,70,74,74,74,74,74,74,74,74,74,74,74,74,74,76,76,76,76,76,76,76,76,76,76,76,76,78,78,80,80,80,80,80,80,80,86,86,86,88,88,88,88,88,88,88,88,88,90,90,90],"relic_stats":{"Regal Pillow":0,"counters":[30,156],"Golden Idol":200,"Blue Candle":[0],"Bag of Preparation":[30],"Smiling Mask":375,"Cursed Key":1,"OrangePellets":[17],"Centennial Puzzle":[12],"Shuriken":[0],"Snecko Eye":[131,140,127,128],"Tiny Chest":0,"Prayer Wheel":2,"obtain_stats":[{"Potion Belt":11,"Ice Cream":29,"Regal Pillow":27,"stsjorbsmod:BottledMemoryRelic":48,"Golden Idol":7,"Blue Candle":14,"stsjorbsmod:GrimoireRelic":0,"Omamori":8,"Bag of Preparation":23,"Smiling Mask":9,"Cursed Key":34,"Sling":36,"ClockworkSouvenir":48,"OrangePellets":24,"Centennial Puzzle":44,"Shuriken":54,"Snecko Eye":17,"Tiny Chest":26,"Prayer Wheel":41,"Bag of Marbles":31},{"Potion Belt":6,"Ice Cream":19,"Regal Pillow":17,"stsjorbsmod:BottledMemoryRelic":27,"Golden Idol":4,"Blue Candle":9,"stsjorbsmod:GrimoireRelic":0,"Omamori":5,"Bag of Preparation":15,"Smiling Mask":5,"Cursed Key":21,"Sling":22,"ClockworkSouvenir":27,"OrangePellets":15,"Centennial Puzzle":26,"Shuriken":29,"Snecko Eye":10,"Tiny Chest":16,"Prayer Wheel":24,"Bag of Marbles":20},{"Potion Belt":28,"Ice Cream":99,"Regal Pillow":89,"stsjorbsmod:BottledMemoryRelic":135,"Golden Idol":13,"Blue Candle":44,"stsjorbsmod:GrimoireRelic":0,"Omamori":19,"Bag of Preparation":80,"Smiling Mask":19,"Cursed Key":107,"Sling":111,"ClockworkSouvenir":135,"OrangePellets":80,"Centennial Puzzle":128,"Shuriken":150,"Snecko Eye":58,"Tiny Chest":84,"Prayer Wheel":120,"Bag of Marbles":103}]},"card_choices":[{"not_picked":["stsjorbsmod:BurningFlask","stsjorbsmod:ArcaneWeapon"],"picked":"stsjorbsmod:Hurt","floor":1.0},{"not_picked":["stsjorbsmod:RayOfFrost","stsjorbsmod:FaerieFire"],"picked":"stsjorbsmod:Mania","floor":2.0},{"not_picked":["stsjorbsmod:AnimateObjects","stsjorbsmod:UnseenServant","stsjorbsmod:Hurt"],"picked":"SKIP","floor":4.0},{"not_picked":["stsjorbsmod:RayOfFrost","stsjorbsmod:Inferno"],"picked":"stsjorbsmod:MageArmor","floor":5.0},{"not_picked":["stsjorbsmod:Index","stsjorbsmod:OldPocket"],"picked":"stsjorbsmod:CorrodingBarrier","floor":8.0},{"not_picked":["stsjorbsmod:Counterspell","stsjorbsmod:Fear"],"picked":"stsjorbsmod:TinyHut","floor":11.0},{"not_picked":["stsjorbsmod:Aid","stsjorbsmod:SchoolsOfMagic"],"picked":"stsjorbsmod:Rest","floor":12.0},{"not_picked":["stsjorbsmod:MistyStep","stsjorbsmod:Hibernate"],"picked":"stsjorbsmod:Stalwart","floor":13.0},{"not_picked":["stsjorbsmod:WeightOfMemory","stsjorbsmod:MagicMissiles"],"picked":"stsjorbsmod:HedgeWizard","floor":14.0},{"not_picked":["stsjorbsmod:HoldMonster","stsjorbsmod:Withdraw"],"picked":"stsjorbsmod:Entangle","floor":16.0},{"not_picked":["stsjorbsmod:FracturedMind","stsjorbsmod:Aid"],"picked":"stsjorbsmod:ArcaneWeapon+1","floor":18.0},{"not_picked":["stsjorbsmod:BurningFlask","stsjorbsmod:Index","stsjorbsmod:DisguiseSelf+1"],"picked":"SKIP","floor":19.0},{"not_picked":["stsjorbsmod:OldPocket","stsjorbsmod:FranticSearch"],"picked":"stsjorbsmod:MageArmor+1","floor":21.0},{"not_picked":["stsjorbsmod:Hurt+1","stsjorbsmod:Thorns+1","stsjorbsmod:MistyStep"],"picked":"SKIP","floor":22},{"not_picked":["stsjorbsmod:Determination","stsjorbsmod:BlackTentacles+1"],"picked":"stsjorbsmod:MagicMissiles+1","floor":23},{"not_picked":["stsjorbsmod:MistyStep","stsjorbsmod:BurningFlask"],"picked":"stsjorbsmod:ScorchingRay","floor":25},{"not_picked":["stsjorbsmod:TinyHut","stsjorbsmod:Prestidigitation"],"picked":"stsjorbsmod:Materialize","floor":27},{"not_picked":["stsjorbsmod:Will+1","stsjorbsmod:Prestidigitation","stsjorbsmod:ChainLightning"],"picked":"SKIP","floor":28},{"not_picked":["stsjorbsmod:Patron","stsjorbsmod:Banish"],"picked":"stsjorbsmod:BurningFlask+1","floor":29},{"not_picked":["stsjorbsmod:RayOfFrost","stsjorbsmod:Aid+1"],"picked":"stsjorbsmod:Feast","floor":31},{"not_picked":["stsjorbsmod:Fear","stsjorbsmod:MirrorImage"],"picked":"stsjorbsmod:GatherPower","floor":33},{"not_picked":["stsjorbsmod:Prepare+1","stsjorbsmod:FracturedMind"],"picked":"stsjorbsmod:FindFamiliar","floor":35},{"not_picked":["stsjorbsmod:FracturedMind","stsjorbsmod:Channel+1"],"picked":"stsjorbsmod:WanderingMind+1","floor":39},{"not_picked":["stsjorbsmod:ArcaneWeapon","stsjorbsmod:AnimateObjects"],"picked":"stsjorbsmod:ScorchingRay+1","floor":42},{"not_picked":["stsjorbsmod:DoubleCheck+1","stsjorbsmod:BlackTentacles","stsjorbsmod:DisguiseSelf"],"picked":"SKIP","floor":44},{"not_picked":["stsjorbsmod:MagicMirror+1","stsjorbsmod:Channel"],"picked":"stsjorbsmod:Patron+1","floor":45},{"not_picked":["stsjorbsmod:Introspection","stsjorbsmod:Inferno","stsjorbsmod:Mending"],"picked":"SKIP","floor":45},{"not_picked":["stsjorbsmod:HoldMonster","stsjorbsmod:WanderingMind+1","stsjorbsmod:BookOfTongues"],"picked":"SKIP","floor":54},{"not_picked":["stsjorbsmod:HoldMonster","stsjorbsmod:WanderingMind+1"],"picked":"stsjorbsmod:BookOfTongues","floor":54}],"player_experience":1472617,"relics_obtained":[{"floor":8.0,"key":"Omamori"},{"floor":9.0,"key":"Smiling Mask"},{"floor":11.0,"key":"Potion Belt"},{"floor":14.0,"key":"Blue Candle"},{"floor":23,"key":"Bag of Preparation"},{"floor":26,"key":"Tiny Chest"},{"floor":27,"key":"Regal Pillow"},{"floor":29,"key":"Ice Cream"},{"floor":31,"key":"Bag of Marbles"},{"floor":41,"key":"Prayer Wheel"},{"floor":44,"key":"Centennial Puzzle"},{"floor":54,"key":"Shuriken"}],"event_choices":[{"cards_removed":["stsjorbsmod:Strike_Wanderer"],"damage_healed":0.0,"max_hp_gain":0.0,"max_hp_loss":0.0,"gold_gain":0.0,"event_name":"Golden Wing","player_choice":"Card Removal","floor":3.0,"gold_loss":0.0,"damage_taken":7.0},{"damage_healed":0.0,"max_hp_gain":0.0,"max_hp_loss":6.0,"gold_gain":0.0,"event_name":"Golden Idol","player_choice":"Lose Max HP","floor":7.0,"gold_loss":0.0,"damage_taken":0.0,"relics_obtained":["Golden Idol"]},{"damage_healed":0,"gold_gain":0,"player_choice":"Got Potions","damage_taken":0,"max_hp_gain":0,"max_hp_loss":0,"event_name":"Lab","floor":37,"gold_loss":0},{"damage_healed":0,"gold_gain":0,"player_choice":"Ignored","damage_taken":0,"max_hp_gain":0,"max_hp_loss":0,"event_name":"SecretPortal","floor":46,"gold_loss":0}],"is_beta":false,"boss_relics":[{"not_picked":["Sozu","Fusion Hammer"],"picked":"Snecko Eye"},{"not_picked":["Philosopher\u0027s Stone","SlaversCollar"],"picked":"Cursed Key"}],"items_purged_floors":[20,24,36,38,48],"is_endless":false,"potions_floor_spawned":[2,5,8,12,14,16,19,21,27,29,35,39,41,54],"killed_by":"The Heart","ascension_level":0}}