{"host":"w1l5t0a1l2lkq6my","time":1613461147,"event":{"mods":["Bartender","BaseMod","Lobotomy","LobotomyExtend","Magitek Elite","Minty Spire (QoL Compilation)","StSLib","The Gatherer","Yuyuko"],"gold_per_floor":[116,41,58,77,57,70,34,62,77,93,118,118,118,118,118],"floor_reached":11,"language":"ENG","playtime":1029,"items_purged":["Gatherer:Defend_Gatherer"],"score":77,"play_id":"edf35588-36cb-4462-be40-d2c2773f6fa0","local_time":"20210216003907","is_ascension_mode":false,"metric_token":593,"campfire_choices":[],"circlet_count":0,"master_deck":["Gatherer:Strike_Gatherer","Gatherer:Strike_Gatherer","Gatherer:Strike_Gatherer","Gatherer:Strike_Gatherer","Gatherer:Strike_Gatherer","Gatherer:Defend_Gatherer","Gatherer:Defend_Gatherer","Gatherer:Defend_Gatherer","Gatherer:Defend_Gatherer","Gatherer:Centralize","Gatherer:FlowerWhip+1","SpiderBud","Gatherer:BambuSword","MHz","Gatherer:FragileHammer","Woodsman","Gatherer:Nutrients","WallGazer","Gatherer:GlowingPlant","Gatherer:Shadow","Gatherer:Light","Gatherer:MiningStrike","Yin","Gatherer:Enchant","OldLady","Gatherer:SaveValuables","MeatLantern","Gatherer:ScherryThrow"],"relics":["Gatherer:AlchemyBag","CogitoBucket","LetterFromLob","Blood Vial","MealTicket","Mummified Hand"],"acts_visited":["Exordium"],"potions_floor_usage":[],"damage_taken":[{"damage":7,"enemies":"Jaw Worm","floor":1,"turns":4},{"damage":0,"enemies":"2 Louse","floor":1,"turns":3},{"damage":6,"enemies":"Cultist","floor":2,"turns":3},{"damage":0,"enemies":"Small Slimes","floor":4,"turns":3},{"damage":37,"enemies":"3 Sentries","floor":6,"turns":7},{"damage":23,"enemies":"Blue Slaver","floor":7,"turns":3},{"damage":13,"enemies":"3 Louse","floor":8,"turns":3},{"damage":67,"enemies":"Exordium Wildlife","floor":11,"turns":4}],"seed_played":"3814166433881864136","potions_obtained":[{"floor":1,"key":"DuplicationPotion"},{"floor":2,"key":"Swift Potion"},{"floor":3,"key":"Poison Potion"}],"is_trial":false,"path_per_floor":["M","$","?","M","M","?","M","$","E","M","M","T","?","M"],"character_chosen":"THE_GATHERER","items_purchased":["Gatherer:MiningStrike"],"campfire_rested":0,"item_purchase_floors":[5],"current_hp_per_floor":[65,65,72,66,66,72,72,53,52,59,59,59,0,0,0],"gold":118,"neow_bonus":"","is_daily":false,"chose_seed":false,"campfire_upgraded":0,"win_rate":0.0,"timestamp":1613461147,"path_taken":["M","$","?","M","M","?","?","$","E","M","M","T","?","M"],"items_purchased_type":["Card"],"build_version":"2020-12-22","purchased_purges":1,"victory":false,"max_hp_per_floor":[72,72,72,72,72,72,72,72,72,72,72,72,72,72,72],"card_choices":[{"not_picked":["Porccubus","BlackSwan"],"picked":"SpiderBud","floor":1},{"not_picked":["Gatherer:SaveValuables","Gatherer:UpgradeBag"],"picked":"Gatherer:BambuSword","floor":1},{"not_picked":["BlackSwan","UniverseFragment"],"picked":"MHz","floor":1},{"not_picked":["Gatherer:FlowerBeam","Gatherer:FlowerFalling"],"picked":"Gatherer:FragileHammer","floor":1},{"not_picked":["PunishingBird","Laetitia"],"picked":"Woodsman","floor":2},{"not_picked":["Gatherer:Duality","Gatherer:RecoveryHerb"],"picked":"Gatherer:Nutrients","floor":2},{"not_picked":["Bloodbath","Murderer"],"picked":"WallGazer","floor":4},{"not_picked":["Gatherer:BalancedGrowth","Gatherer:CollectorsShot"],"picked":"Gatherer:GlowingPlant","floor":4},{"not_picked":["DespairKnight","Bloodbath"],"picked":"Yin","floor":6},{"not_picked":["Gatherer:SealedBomb","Gatherer:Nutrients"],"picked":"Gatherer:Enchant","floor":6},{"not_picked":["PunishingBird","ShyLook"],"picked":"OldLady","floor":7},{"not_picked":["Gatherer:EnergyBasket","Gatherer:Snatch"],"picked":"Gatherer:SaveValuables","floor":7},{"not_picked":["ShyLook","Bloodbath"],"picked":"MeatLantern","floor":8},{"not_picked":["Gatherer:RecoveryHerb","Gatherer:BigPouch"],"picked":"Gatherer:ScherryThrow","floor":8}],"player_experience":104441,"relics_obtained":[{"floor":1,"key":"LetterFromLob"},{"floor":1,"key":"LetterFromLob"},{"floor":6,"key":"Blood Vial"},{"floor":9,"key":"MealTicket"}],"event_choices":[{"damage_healed":0,"gold_gain":0,"player_choice":"Bought 1 Potion","damage_taken":0,"max_hp_gain":0,"max_hp_loss":0,"event_name":"The Woman in Blue","floor":3,"gold_loss":0},{"damage_healed":0,"gold_gain":0,"player_choice":"Gave Potion","damage_taken":0,"relics_obtained":["Mummified Hand"],"max_hp_gain":0,"max_hp_loss":0,"event_name":"WeMeetAgain","floor":10,"gold_loss":0}],"is_beta":false,"boss_relics":[],"items_purged_floors":[2],"is_endless":false,"potions_floor_spawned":[1,2,8],"killed_by":"Exordium Wildlife","ascension_level":0}}