{"host":"at5b10nm0iti0w4x","time":1613494231,"event":{"mods":["2.2 Compatiblity","AchievementEnabler","BaseMod","Bestiary","Block Reminder","Colored Map","Colored Powertips","Highlight Path","Keyboard Shortcuts","Minty Spire (QoL Compilation)","Quick Restart","Relic Stats","Slay the Relics Exporter","StSLib","SuperFastMode","Unknown Chances"],"gold_per_floor":[110,110,11,27,27,55,70,86,86,37,57,73,73,92,92,191,191,204,204,221,256,272,272,272],"floor_reached":23,"language":"ENG","playtime":1123,"items_purged":[],"score":220,"play_id":"e20d9c37-6cae-4fa8-9dd0-f6d63872769d","local_time":"20210216115031","is_ascension_mode":false,"campfire_choices":[{"data":"Armaments","floor":13,"key":"SMITH"},{"data":"Perfected Strike","floor":15,"key":"SMITH"}],"circlet_count":0,"master_deck":["Strike_R+1","Strike_R+1","Strike_R+1","Strike_R+1","Defend_R+1","Defend_R+1","Defend_R+1","Defend_R+1","Bash","Cleave","Armaments+1","Perfected Strike+1","True Grit","True Grit","Thunderclap","Twin Strike","Headbutt+1","Perfected Strike","Clothesline","Perfected Strike"],"relics":["Burning Blood","NeowsBlessing","Happy Flower","Self Forming Clay","Runic Cube","Red Mask"],"acts_visited":["Exordium","TheCity"],"potions_floor_usage":[21,23,23],"damage_taken":[{"damage":0,"enemies":"2 Louse","floor":1,"turns":1},{"damage":0,"enemies":"Cultist","floor":4,"turns":1},{"damage":0,"enemies":"Lagavulin","floor":6,"turns":1},{"damage":10,"enemies":"Small Slimes","floor":7,"turns":3},{"damage":5,"enemies":"Looter","floor":8,"turns":3},{"damage":6,"enemies":"Blue Slaver","floor":11,"turns":5},{"damage":11,"enemies":"Lots of Slimes","floor":12,"turns":3},{"damage":0,"enemies":"2 Fungi Beasts","floor":14,"turns":3},{"damage":70,"enemies":"Hexaghost","floor":16,"turns":12},{"damage":44,"enemies":"Shell Parasite","floor":18,"turns":18},{"damage":20,"enemies":"2 Thieves","floor":20,"turns":4},{"damage":6,"enemies":"Masked Bandits","floor":21,"turns":3},{"damage":4,"enemies":"Centurion and Healer","floor":22,"turns":6},{"damage":30,"enemies":"Gremlin Leader","floor":23,"turns":8}],"seed_played":"-5347294754362403366","potions_obtained":[{"floor":8,"key":"DuplicationPotion"},{"floor":12,"key":"PowerPotion"},{"floor":22,"key":"AttackPotion"}],"is_trial":false,"path_per_floor":["M","?","$","M","$","E","M","M","T","$","M","M","R","M","R","B",null,"M","?","M","?","M","E"],"character_chosen":"IRONCLAD","items_purchased":["Armaments","Block Potion","Thunderclap"],"campfire_rested":0,"item_purchase_floors":[3,3,10],"current_hp_per_floor":[80,80,80,80,80,80,76,77,77,77,77,72,72,78,78,14,80,42,42,28,28,30,0,0],"gold":272,"neow_bonus":"THREE_ENEMY_KILL","is_daily":false,"chose_seed":false,"campfire_upgraded":2,"win_rate":0.0,"timestamp":1613494231,"path_taken":["M","?","$","M","$","E","M","?","T","?","M","M","R","M","R","BOSS","M","?","M","?","M","E"],"items_purchased_type":["Card","Potion","Card"],"build_version":"2020-12-22","purchased_purges":0,"victory":false,"max_hp_per_floor":[80,80,80,80,80,80,80,80,80,80,80,80,80,80,80,80,80,80,80,80,80,80,80,80],"relic_stats":{"Happy Flower":[22],"counters":[14,71],"Self Forming Clay":[93],"obtain_stats":[{"NeowsBlessing":0,"Happy Flower":6,"Self Forming Clay":9,"Red Mask":21,"Burning Blood":0,"Runic Cube":17},{"NeowsBlessing":0,"Happy Flower":3,"Self Forming Clay":5,"Red Mask":12,"Burning Blood":0,"Runic Cube":9},{"NeowsBlessing":0,"Happy Flower":3,"Self Forming Clay":9,"Red Mask":57,"Burning Blood":0,"Runic Cube":32}],"Burning Blood":60,"Runic Cube":[14]},"card_choices":[{"not_picked":["Heavy Blade","Flex"],"picked":"Cleave","floor":1},{"not_picked":["True Grit","Twin Strike"],"picked":"Perfected Strike","floor":4},{"not_picked":["Cleave","Feel No Pain"],"picked":"True Grit","floor":6},{"not_picked":["Rupture","Clash","Heavy Blade"],"picked":"SKIP","floor":7},{"not_picked":["Pommel Strike","Cleave"],"picked":"True Grit","floor":8},{"not_picked":["Spot Weakness","Warcry","Rupture"],"picked":"SKIP","floor":11},{"not_picked":["Seeing Red","Body Slam"],"picked":"Twin Strike","floor":12},{"not_picked":["Body Slam","Disarm","Second Wind"],"picked":"SKIP","floor":14},{"not_picked":["Rage+1","Pummel"],"picked":"Headbutt+1","floor":18},{"not_picked":["Sword Boomerang","True Grit"],"picked":"Perfected Strike","floor":20},{"not_picked":["Pommel Strike","Burning Pact"],"picked":"Clothesline","floor":21},{"not_picked":["Whirlwind","Wild Strike+1"],"picked":"Perfected Strike","floor":22}],"player_experience":99290,"relics_obtained":[{"floor":6,"key":"Happy Flower"},{"floor":9,"key":"Self Forming Clay"},{"floor":21,"key":"Red Mask"}],"event_choices":[{"cards_removed":["Strike_R"],"damage_healed":0,"gold_gain":0,"player_choice":"Offered Basic","damage_taken":0,"max_hp_gain":0,"max_hp_loss":0,"event_name":"Bonfire Elementals","floor":2,"gold_loss":0},{"damage_healed":0,"gold_gain":0,"player_choice":"Simplicity","damage_taken":0,"max_hp_gain":0,"max_hp_loss":0,"event_name":"Back to Basics","floor":19,"gold_loss":0,"cards_upgraded":["Strike_R","Strike_R","Strike_R","Strike_R","Defend_R","Defend_R","Defend_R","Defend_R"]},{"damage_healed":0,"gold_gain":0,"player_choice":"Fought Bandits","damage_taken":0,"max_hp_gain":0,"max_hp_loss":0,"event_name":"Masked Bandits","floor":21,"gold_loss":0}],"is_beta":false,"boss_relics":[{"not_picked":["Runic Dome","Pandora\u0027s Box"],"picked":"Runic Cube"}],"items_purged_floors":[],"is_endless":false,"potions_floor_spawned":[8,12,14,22],"killed_by":"Gremlin Leader","ascension_level":0}}