{"host":"0qevis500jgmlc2v","time":1613475922,"event":{"mods":["100% Spire Juice","Act Like it!","Aspiration","BaseMod","Conspire","Energized Spire","Friendly Minions","GifTheSpireLib","KinomotoSakuraMod(木之本樱)","KomeijiMod","Marisa（F雨　魔理沙）","Minty Spire (QoL Compilation)","Pale of the Ancients","Quick Restart","Reliquary","Replay The Spire","Shop Mod","Spicy Shops","StSLib","Yakumo Yukari mod","【功能Mod】聪明的最终Boss"],"gold_per_floor":[111,124,224,23,38,38,38,38],"floor_reached":7,"language":"ZHS","playtime":2171,"items_purged":[],"score":82,"play_id":"62513469-4517-4dbf-abd7-b867d90febf3","local_time":"20210216194522","is_ascension_mode":true,"campfire_choices":[{"data":"Crystallizer","floor":6,"key":"SMITH"}],"circlet_count":0,"master_deck":["AscendersBane","Strike_B","Strike_B","Strike_B","Strike_B","Defend_B","Defend_B","Defend_B","Defend_B","Zap","Dualcast","Compile Driver","Crystallizer+1","Searching"],"relics":["SacredBark"],"acts_visited":["Exordium"],"potions_floor_usage":[7],"damage_taken":[{"damage":2,"enemies":"Cultist","floor":1,"turns":4},{"damage":3,"enemies":"conspire:RoseBush","floor":2,"turns":6},{"damage":4,"enemies":"2 Louse","floor":5,"turns":3},{"damage":72,"enemies":"Gremlin Nob","floor":7,"turns":4}],"seed_played":"3289518167217460766","potions_obtained":[{"floor":2,"key":"BlessingOfTheForge"},{"floor":5,"key":"SpeedPotion"}],"is_trial":false,"path_per_floor":["M","M","?","$","M","R","E"],"character_chosen":"DEFECT","items_purchased":["Searching"],"campfire_rested":0,"item_purchase_floors":[4],"current_hp_per_floor":[62,59,59,59,55,55,0,0],"gold":38,"neow_bonus":"BOSS_RELIC","is_daily":false,"chose_seed":false,"campfire_upgraded":1,"win_rate":0.0,"timestamp":1613475922,"path_taken":["M","?","?","$","?","R","E"],"items_purchased_type":["Card"],"build_version":"2020-12-22","purchased_purges":0,"victory":false,"max_hp_per_floor":[71,71,71,71,71,71,71,71],"card_choices":[{"not_picked":["Leap","Barrage"],"picked":"Compile Driver","floor":1},{"not_picked":["Ball Lightning","ReplayTheSpireMod:Calculation Training"],"picked":"Crystallizer","floor":2},{"not_picked":["Sweeping Beam","Leap","Stack"],"picked":"SKIP","floor":5}],"player_experience":934673,"relics_obtained":[],"event_choices":[{"damage_healed":0,"gold_gain":100,"player_choice":"Gold","damage_taken":0,"max_hp_gain":0,"max_hp_loss":0,"event_name":"Wheel of Change","floor":3,"gold_loss":0}],"is_beta":false,"boss_relics":[],"items_purged_floors":[],"is_endless":false,"potions_floor_spawned":[2,5],"killed_by":"Gremlin Nob","ascension_level":20}}