{"host":"sl16z9iy022tq7s2","time":1613457868,"event":{"mods":["100% Spire Juice","ATMod(阿瑾Mod)","BaseMod","Colored Powertips","Googly Eyes","KinomotoSakuraMod(木之本樱)","Marisa（F雨　魔理沙）","Minty Spire (QoL Compilation)","Prisma Mod","Quick Restart","Remilia（蕾米莉亚）","Replay The Spire","StSLib","TestMod","The Animator","The Servant 0.9.4","WarShipGirlsR/战舰少女R mod","Yuyuko","【遗物卡牌】REMEMod"],"gold_per_floor":[125,135,310,325,337,388,388,388,388],"floor_reached":8,"language":"ZHS","playtime":621,"items_purged":[],"score":70,"play_id":"761a3911-f412-4215-826d-6ddce9ae4973","local_time":"20210216144428","is_ascension_mode":true,"campfire_choices":[{"data":"animator:Gilgamesh+1","floor":7.0,"key":"SMITH"}],"circlet_count":0,"master_deck":["animator:Strike_Fate","animator:Defend_Fate","animator:Strike","animator:Strike","animator:Defend","animator:Defend","animator:Defend","animator:Alexander","animator:Rider","animator:Gilgamesh+2","Replay:LoomingThreat","animator:EmiyaShirou","animator:Darkness","Doubt","animator:MetalKnight","animator:Berserker","animator:Darkness"],"relics":["animator:LivingPicture","animator:TheMissingPiece","REME_ComplimentaryCards","AT_ATBox","testmod-TestBox","animator:PurgingStone","Toy Ornithopter"],"acts_visited":["Exordium"],"potions_floor_usage":[],"damage_taken":[{"damage":4.0,"enemies":"2 Louse","floor":1.0,"turns":3.0},{"damage":4.0,"enemies":"Jaw Worm","floor":2.0,"turns":6.0},{"damage":2.0,"enemies":"Cultist","floor":4.0,"turns":5.0},{"damage":1.0,"enemies":"Blue Slaver","floor":5.0,"turns":6.0},{"damage":43.0,"enemies":"3 Sentries","floor":6.0,"turns":11.0},{"damage":15,"enemies":"Lagavulin","floor":8,"turns":4}],"seed_played":"877688979514565365","potions_obtained":[{"floor":1.0,"key":"Explosive Potion"},{"floor":6.0,"key":"SpeedPotion"}],"is_trial":false,"path_per_floor":["M","M","?","M","M","E","R","E"],"character_chosen":"THE_ANIMATOR","items_purchased":[],"campfire_rested":0,"item_purchase_floors":[],"current_hp_per_floor":[62,58,58,56,56,13,13,0,0],"gold":388,"neow_bonus":"TRANSFORM_CARD","is_daily":false,"chose_seed":false,"campfire_upgraded":1,"win_rate":0.0,"timestamp":1613457868,"path_taken":["M","M","?","M","M","E","R","E"],"items_purchased_type":[],"build_version":"2020-12-22","purchased_purges":0,"victory":false,"max_hp_per_floor":[66,66,66,66,67,67,67,67,67],"card_choices":[{"not_picked":["animator:Entoma","animator:Priestess"],"picked":"animator:EmiyaShirou","floor":1.0},{"not_picked":["animator:Togame","animator:Entoma"],"picked":"animator:Darkness","floor":2.0},{"not_picked":["animator:FielNirvalen","animator:Rider"],"picked":"animator:MetalKnight","floor":4.0},{"not_picked":["animator:Lancer","animator:Rider"],"picked":"animator:Berserker","floor":5.0},{"not_picked":["animator:Caster","animator:HigakiRinne"],"picked":"animator:Darkness","floor":6.0}],"player_experience":525211,"relics_obtained":[{"floor":6.0,"key":"Toy Ornithopter"}],"event_choices":[{"damage_healed":0.0,"max_hp_gain":0.0,"max_hp_loss":0.0,"gold_gain":175.0,"event_name":"Liars Game","player_choice":"AGREE","floor":3.0,"gold_loss":0.0,"damage_taken":0.0,"cards_obtained":["Doubt"]}],"is_beta":false,"boss_relics":[],"items_purged_floors":[],"is_endless":false,"potions_floor_spawned":[1,6],"killed_by":"Lagavulin","ascension_level":4}}