{"host":"1eshbq9n813iloto","time":1613435095,"event":{"mods":["BaseMod","Better Third Choice","Hubris","Infinite Spire","Lobotomy","LobotomyExtend","Minty Spire (QoL Compilation)","StSLib"],"gold_per_floor":[119,135,147,162,178,178,189,189,189,154,184,196,208,231,243,359,371,383,494,506,518,530,542,572,584,620,632,644,644],"floor_reached":28,"language":"ENG","playtime":1950,"items_purged":[],"score":216,"play_id":"c493ce51-2397-4665-bd6f-1ca9e1ef35b3","local_time":"20210215192455","is_ascension_mode":false,"campfire_choices":[{"data":"Bash","floor":6,"key":"SMITH"},{"data":"Armaments","floor":12,"key":"SMITH"},{"floor":15,"key":"REST"},{"data":"Carnage","floor":23,"key":"SMITH"},{"floor":25,"key":"REST"},{"data":"Reaper","floor":27,"key":"SMITH"}],"circlet_count":0,"master_deck":["Strike_R","Strike_R","Strike_R","Strike_R","Defend_R","Defend_R","Bash+1","OSAHOGD","hubris:SharpeningStone","Scarecrow","Carnage+1","ShyLook","Dual Wield","SpiderBud","Reaper+1","BigBadWolf","Mercenary","Shockwave","Terror","SilentOrchestra","Armaments+1","Scorched","Headbutt","Barricade","LongBird","Rudolta","Twin Strike+1"],"relics":["Burning Blood","CogitoBucket","LetterFromLob","AspirationHeart","infinitespire:BottledMercury","MawBank","hubris:RunicObelisk","LaetitiaHeart","Nunchaku"],"acts_visited":["Exordium","TheCity"],"potions_floor_usage":[4,11,11,16,28],"damage_taken":[{"damage":12,"enemies":"2 Louse","floor":1,"turns":3},{"damage":6,"enemies":"Jaw Worm","floor":2,"turns":3},{"damage":0,"enemies":"Small Slimes","floor":3,"turns":4},{"damage":18,"enemies":"Blue Slaver","floor":4,"turns":5},{"damage":19,"enemies":"3 Louse","floor":5,"turns":4},{"damage":45,"enemies":"Large Slime","floor":7,"turns":6},{"damage":24,"enemies":"Gremlin Nob","floor":11,"turns":4},{"damage":0,"enemies":"Blue Slaver","floor":14,"turns":1},{"damage":66,"enemies":"Hexaghost","floor":16,"turns":8},{"damage":48,"enemies":"Shell Parasite","floor":24,"turns":4},{"damage":76,"enemies":"Spheric Guardian","floor":28,"turns":4}],"seed_played":"-3682334488060995106","potions_obtained":[{"floor":3,"key":"ColorlessPotion"},{"floor":4,"key":"GamblersBrew"},{"floor":7,"key":"PowerPotion"},{"floor":11,"key":"Regen Potion"},{"floor":24,"key":"Regen Potion"}],"is_trial":false,"path_per_floor":["M","M","M","M","M","R","M","?","T","?","E","R","$","M","R","B",null,"M","?","?","$","?","R","M","R","T","R","M"],"character_chosen":"IRONCLAD","items_purchased":[],"campfire_rested":2,"item_purchase_floors":[],"current_hp_per_floor":[74,74,80,68,63,63,44,35,35,57,43,43,43,49,76,28,90,90,90,90,90,72,72,35,63,63,63,0,0],"gold":644,"neow_bonus":"","is_daily":false,"chose_seed":false,"campfire_upgraded":4,"win_rate":0.0,"timestamp":1613435095,"path_taken":["M","M","M","M","M","R","M","?","T","?","E","R","?","M","R","BOSS","M","?","?","$","?","R","?","R","T","R","M"],"items_purchased_type":[],"build_version":"2020-12-13","purchased_purges":0,"victory":false,"max_hp_per_floor":[80,80,80,80,80,80,90,90,90,90,90,90,90,90,90,90,90,90,90,90,90,95,95,95,95,95,95,92,92],"card_choices":[{"not_picked":["SpiderBud","SnowQueen"],"picked":"OSAHOGD","floor":1},{"not_picked":["Iron Wave","Feel No Pain"],"picked":"hubris:SharpeningStone","floor":1},{"not_picked":["Yin","Funeral"],"picked":"Scarecrow","floor":2},{"not_picked":["Anger","Armaments"],"picked":"Carnage","floor":2},{"not_picked":["PunishingBird","CherryBlossoms"],"picked":"ShyLook","floor":3},{"not_picked":["Anger","Body Slam"],"picked":"Dual Wield","floor":3},{"not_picked":["Porccubus","Bloodbath"],"picked":"SpiderBud","floor":4},{"not_picked":["True Grit","hubris:SharpeningStone"],"picked":"Reaper","floor":4},{"not_picked":["CrumblingArmor","UniverseFragment"],"picked":"BigBadWolf","floor":5},{"not_picked":["Perfected Strike","Warcry","Infernal Blade"],"picked":"SKIP","floor":5},{"not_picked":["UniverseFragment","MHz"],"picked":"Mercenary","floor":7},{"not_picked":["Ghostly Armor","Perfected Strike"],"picked":"Shockwave","floor":7},{"not_picked":["MeatLantern","PunishingBird"],"picked":"SilentOrchestra","floor":11},{"not_picked":["Flex","Battle Trance"],"picked":"Armaments","floor":11},{"not_picked":["BeautyBeast","Bloodbath"],"picked":"Scorched","floor":14},{"not_picked":["Body Slam","Fiend Fire"],"picked":"Headbutt","floor":14},{"not_picked":["Fiend Fire","Corruption"],"picked":"Barricade","floor":16},{"not_picked":["Yin","Rudolta"],"picked":"LongBird","floor":16},{"not_picked":["BlackSwan","RedShoes"],"picked":"Rudolta","floor":24},{"not_picked":["Feel No Pain","Headbutt"],"picked":"Twin Strike+1","floor":24}],"player_experience":3336,"relics_obtained":[{"floor":1,"key":"LetterFromLob"},{"floor":9,"key":"infinitespire:BottledMercury"},{"floor":11,"key":"MawBank"},{"floor":26,"key":"Nunchaku"}],"event_choices":[{"damage_healed":0,"gold_gain":0,"player_choice":"Card ","damage_taken":9,"max_hp_gain":0,"max_hp_loss":0,"event_name":"betterThird:BetterScrap","floor":8,"gold_loss":0,"cards_obtained":["Terror"]},{"damage_healed":22,"gold_gain":0,"player_choice":"Healed","damage_taken":0,"max_hp_gain":0,"max_hp_loss":0,"event_name":"The Cleric","floor":10,"gold_loss":35},{"damage_healed":0,"gold_gain":99,"player_choice":"Steal","damage_taken":0,"max_hp_gain":0,"max_hp_loss":0,"event_name":"betterThird:BetterNest","floor":19,"gold_loss":0},{"damage_healed":0,"gold_gain":0,"player_choice":"Ignored","damage_taken":0,"max_hp_gain":0,"max_hp_loss":0,"event_name":"Ghosts","floor":20,"gold_loss":0},{"damage_healed":0,"gold_gain":0,"player_choice":"Shed Blood","damage_taken":23,"max_hp_gain":5,"max_hp_loss":0,"event_name":"Forgotten Altar","floor":22,"gold_loss":0}],"is_beta":false,"boss_relics":[{"not_picked":["Empty Cage","Busted Crown"],"picked":"hubris:RunicObelisk"}],"items_purged_floors":[],"is_endless":false,"potions_floor_spawned":[3,4,7,11,24],"killed_by":"Spheric Guardian","ascension_level":0}}