{"host":"k2mw1od0xoi9pcfj","time":1613483953,"event":{"mods":["AchievementEnabler","Act Like it!","Aspiration","BaseMod","Beaked The Cultist","Downfall","Energized Spire","Highlight Path","Minty Spire (QoL Compilation)","Permanent Neow","Relic Stats","Reliquary","Replay The Spire","Retaliation","StSLib"],"gold_per_floor":[99,16,16,30,30,41,65,65,65,65,65],"floor_reached":9,"language":"ENG","playtime":417,"items_purged":[],"score":49,"play_id":"13a7181b-fc51-4ab4-a30e-a44d26d552e0","local_time":"20210216075913","is_ascension_mode":false,"campfire_choices":[{"data":"bronze:ForLoop","floor":1,"key":"SMITH"},{"floor":8,"key":"RECALL"}],"circlet_count":0,"master_deck":["bronze:Strike","bronze:Strike","bronze:Strike","bronze:Defend","bronze:Defend","bronze:Defend","bronze:Defend","bronze:Replicate","bronze:Goto","bronze:ForLoop+1","bronze:WhirlingStrike","bronze:Optimize","Pain","bronze:Shield","bronze:BuggyMess"],"relics":["bronze:BronzeCore","WarpedTongs","downfall:ShatteredFragment"],"acts_visited":["Exordium"],"potions_floor_usage":[],"damage_taken":[{"damage":10,"enemies":"downfall:FleeingMerchant","floor":2,"turns":4},{"damage":17,"enemies":"2 Louse","floor":4,"turns":3},{"damage":8,"enemies":"Cultist","floor":6,"turns":3},{"damage":16,"enemies":"Replay:BlueRogue","floor":9,"turns":7}],"seed_played":"-162378330413767740","potions_obtained":[{"floor":6,"key":"GamblersBrew"}],"is_trial":false,"path_per_floor":["R","$","?","M","?","M","T","R","E"],"character_chosen":"THE_AUTOMATON","items_purchased":["bronze:Optimize"],"campfire_rested":0,"item_purchase_floors":[2],"current_hp_per_floor":[70,60,60,43,22,14,14,14,0,0,0],"gold":65,"neow_bonus":"TRANSFORM_CARD","is_daily":false,"chose_seed":false,"campfire_upgraded":1,"win_rate":0.0,"timestamp":1613483953,"path_taken":["R","$","?","?","?","M","T","R","E"],"items_purchased_type":["Card"],"build_version":"2020-12-22","purchased_purges":0,"victory":false,"max_hp_per_floor":[70,70,70,70,70,70,70,70,70,70,70],"relic_stats":{"counters":[4,17],"obtain_stats":[{"bronze:BronzeCore":0,"downfall:ShatteredFragment":5,"WarpedTongs":3},{"bronze:BronzeCore":0,"downfall:ShatteredFragment":2,"WarpedTongs":1},{"bronze:BronzeCore":0,"downfall:ShatteredFragment":7,"WarpedTongs":4}],"WarpedTongs":[13]},"card_choices":[{"not_picked":["bronze:Frontload","bronze:CutThrough"],"picked":"bronze:WhirlingStrike","floor":2},{"not_picked":["bronze:BitShift","bronze:FineTuning"],"picked":"bronze:Shield","floor":4},{"not_picked":["bronze:Overload","bronze:ChildClass"],"picked":"bronze:BuggyMess","floor":6}],"player_experience":776811,"relics_obtained":[],"event_choices":[],"is_beta":false,"boss_relics":[],"items_purged_floors":[],"is_endless":false,"potions_floor_spawned":[6],"killed_by":"Replay:BlueRogue","ascension_level":0}}