{"host":"6406jj8da6015sxr","time":1613463417,"event":{"mods":["AchievementEnabler","BaseMod","Colored Map","DeckTracker","Keyboard Shortcuts","Minty Spire (QoL Compilation)","Permanent Neow","Relic Stats","SuperFastMode","everything is the same but u backflip on backflip"],"gold_per_floor":[111,121,131,145,145,172,172,202,202,218,244,256,272,290,290,389,389,408,423,433,446,221,221,248,248,248,248,268,268,268,368,368,470,470,485,40,56,76,0,0,54,78,127,127,140,10,41,41,41,41],"floor_reached":51,"language":"KOR","playtime":2195,"items_purged":[],"score":794,"play_id":"1876600b-90f4-448c-9dd8-651df05eb16b","local_time":"20210216171657","is_ascension_mode":false,"campfire_choices":[{"data":"Armaments","floor":7,"key":"SMITH"},{"floor":15,"key":"REST"},{"data":"Demon Form","floor":23,"key":"SMITH"},{"floor":25,"key":"REST"},{"data":"Perfected Strike","floor":32,"key":"SMITH"},{"data":"Exhume","floor":40,"key":"SMITH"},{"data":"Bash","floor":44,"key":"SMITH"},{"data":"Perfected Strike","floor":49,"key":"SMITH"}],"circlet_count":0,"master_deck":["Strike_R","Strike_R","Strike_R","Strike_R","Strike_R","Defend_R","Defend_R","Defend_R","Defend_R","Bash+1","Wild Strike","Armaments+1","Demon Form+1","Flame Barrier","Dual Wield","Perfected Strike+1","Double Tap","Warcry","Fiend Fire","CurseOfTheBell","Perfected Strike+1","Second Wind+1","Anger","Battle Trance","Inflame","Shrug It Off","Twin Strike","Exhume+1","Thunderclap","Feel No Pain","Power Through","Perfected Strike+1","Flash of Steel","Feel No Pain"],"relics":["Black Blood","Regal Pillow","Nunchaku","Mercury Hourglass","Oddly Smooth Stone","Ornamental Fan","Sundial","Calling Bell","Tiny Chest","Pantograph","Magic Flower","Happy Flower","Centennial Puzzle","Blue Candle","Bag of Marbles","Pear","Gambling Chip","StrikeDummy","Toolbox","Omamori","Red Mask","CaptainsWheel","Strawberry","Akabeko","Kunai"],"acts_visited":["Exordium","TheCity","TheBeyond"],"potions_floor_usage":[4,11,11,24,33,50],"damage_taken":[{"damage":1,"enemies":"Cultist","floor":1,"turns":3},{"damage":5,"enemies":"Small Slimes","floor":2,"turns":3},{"damage":3,"enemies":"Jaw Worm","floor":3,"turns":4},{"damage":13,"enemies":"Lots of Slimes","floor":4,"turns":5},{"damage":25,"enemies":"3 Sentries","floor":6,"turns":8},{"damage":25,"enemies":"Gremlin Nob","floor":8,"turns":4},{"damage":0,"enemies":"2 Fungi Beasts","floor":10,"turns":4},{"damage":24,"enemies":"Lagavulin","floor":11,"turns":6},{"damage":10,"enemies":"Large Slime","floor":12,"turns":5},{"damage":6,"enemies":"Blue Slaver","floor":13,"turns":3},{"damage":12,"enemies":"2 Fungi Beasts","floor":14,"turns":3},{"damage":36,"enemies":"The Guardian","floor":16,"turns":8},{"damage":22,"enemies":"Chosen","floor":18,"turns":5},{"damage":14,"enemies":"2 Thieves","floor":19,"turns":4},{"damage":29,"enemies":"Chosen and Byrds","floor":20,"turns":8},{"damage":0,"enemies":"Snecko","floor":21,"turns":3},{"damage":42,"enemies":"Book of Stabbing","floor":24,"turns":5},{"damage":24,"enemies":"Sentry and Sphere","floor":28,"turns":5},{"damage":13,"enemies":"Colosseum Slavers","floor":31,"turns":5},{"damage":28,"enemies":"Colosseum Nobs","floor":31,"turns":6},{"damage":57,"enemies":"Champ","floor":33,"turns":8},{"damage":5,"enemies":"3 Shapes","floor":35,"turns":3},{"damage":10,"enemies":"Orb Walker","floor":37,"turns":2},{"damage":9,"enemies":"Sphere and 2 Shapes","floor":38,"turns":2},{"damage":32,"enemies":"2 Orb Walkers","floor":41,"turns":4},{"damage":0,"enemies":"Jaw Worm Horde","floor":45,"turns":1},{"damage":27,"enemies":"Reptomancer","floor":47,"turns":4},{"damage":30,"enemies":"Donu and Deca","floor":50,"turns":9}],"seed_played":"2940605514140204105","potions_obtained":[{"floor":1,"key":"BloodPotion"},{"floor":3,"key":"Strength Potion"},{"floor":8,"key":"Explosive Potion"},{"floor":10,"key":"FearPotion"},{"floor":11,"key":"SpeedPotion"},{"floor":13,"key":"BlessingOfTheForge"},{"floor":19,"key":"FearPotion"},{"floor":21,"key":"PowerPotion"},{"floor":28,"key":"BlessingOfTheForge"},{"floor":33,"key":"LiquidMemories"},{"floor":35,"key":"Energy Potion"},{"floor":38,"key":"SkillPotion"}],"is_trial":false,"path_per_floor":["M","M","M","M","?","E","R","E","T","M","E","M","M","M","R","B",null,"M","M","M","M","$","R","E","R","T","?","M","?","T","?","R","B",null,"M","$","M","M","?","R","?","T","T","R","M","$","E","?","R","B",null],"character_chosen":"IRONCLAD","items_purchased":["Inflame","Happy Flower","Toolbox","Feel No Pain","Omamori","Power Through","Flash of Steel","Feel No Pain"],"campfire_rested":2,"item_purchase_floors":[22,22,36,36,36,36,46,46],"current_hp_per_floor":[80,80,80,73,70,51,51,32,32,38,36,32,32,26,65,35,80,67,62,42,51,51,51,18,57,57,57,42,68,78,55,55,42,90,90,90,90,90,90,90,76,83,83,83,97,97,88,88,88,85],"gold":41,"neow_bonus":"RANDOM_COMMON_RELIC","is_daily":false,"chose_seed":false,"campfire_upgraded":6,"win_rate":0.0,"timestamp":1613463417,"path_taken":["M","M","?","M","?","E","R","E","T","M","E","M","M","M","R","BOSS","M","M","M","M","$","R","E","R","T","?","?","?","?","?","R","BOSS","M","$","M","M","?","R","?","?","T","R","?","?","E","?","R","BOSS"],"items_purchased_type":["Card","Relic","Relic","Card","Relic","Card","Card","Card"],"build_version":"2020-12-22","purchased_purges":0,"victory":true,"max_hp_per_floor":[80,80,80,80,80,80,80,80,80,80,80,80,80,80,80,80,80,80,80,80,80,80,80,80,80,80,80,80,80,90,90,90,90,90,90,90,90,90,90,90,90,97,97,97,97,97,97,97,97,97],"relic_stats":{"Regal Pillow":30,"Happy Flower":[18],"counters":[28,130],"Blue Candle":[2],"Black Blood":236,"Magic Flower":[57],"Mercury Hourglass":[391],"Nunchaku":[16],"Centennial Puzzle":[30],"Ornamental Fan":[52],"Sundial":[6],"Pantograph":44,"Gambling Chip":[20],"Tiny Chest":2,"Kunai":[2],"obtain_stats":[{"Regal Pillow":0,"Magic Flower":17,"Black Blood":34,"Burning Blood":0,"Nunchaku":5,"Centennial Puzzle":24,"Sundial":11,"Pantograph":17,"Gambling Chip":31,"Strawberry":42,"Toolbox":36,"Tiny Chest":17,"Red Mask":39,"Kunai":47,"Pear":30,"Happy Flower":22,"Blue Candle":26,"Oddly Smooth Stone":8,"Omamori":36,"Akabeko":43,"Mercury Hourglass":6,"Calling Bell":17,"CaptainsWheel":41,"Ornamental Fan":9,"Bag of Marbles":27,"StrikeDummy":31},{"Regal Pillow":0,"Magic Flower":12,"Black Blood":21,"Burning Blood":0,"Nunchaku":4,"Centennial Puzzle":17,"Sundial":8,"Pantograph":12,"Gambling Chip":20,"Strawberry":25,"Toolbox":22,"Tiny Chest":12,"Red Mask":24,"Kunai":27,"Pear":18,"Happy Flower":16,"Blue Candle":17,"Oddly Smooth Stone":6,"Omamori":22,"Akabeko":25,"Mercury Hourglass":5,"Calling Bell":12,"CaptainsWheel":25,"Ornamental Fan":6,"Bag of Marbles":17,"StrikeDummy":20},{"Regal Pillow":0,"Magic Flower":56,"Black Blood":105,"Burning Blood":0,"Nunchaku":15,"Centennial Puzzle":81,"Sundial":37,"Pantograph":56,"Gambling Chip":97,"Strawberry":116,"Toolbox":108,"Tiny Chest":56,"Red Mask":112,"Kunai":121,"Pear":86,"Happy Flower":76,"Blue Candle":81,"Oddly Smooth Stone":27,"Omamori":108,"Akabeko":116,"Mercury Hourglass":23,"Calling Bell":56,"CaptainsWheel":116,"Ornamental Fan":27,"Bag of Marbles":81,"StrikeDummy":97}]},"card_choices":[{"not_picked":["Flex","Metallicize"],"picked":"Wild Strike","floor":1},{"not_picked":["Shockwave","Shrug It Off"],"picked":"Metallicize","floor":2},{"not_picked":["Spot Weakness","True Grit"],"picked":"Armaments","floor":3},{"not_picked":["Power Through","True Grit"],"picked":"Demon Form","floor":4},{"not_picked":["Heavy Blade","Armaments"],"picked":"Flame Barrier","floor":6},{"not_picked":["Spot Weakness","Body Slam"],"picked":"Dual Wield","floor":8},{"not_picked":["Pummel","Power Through"],"picked":"Perfected Strike","floor":10},{"not_picked":["Body Slam","Ghostly Armor"],"picked":"Double Tap","floor":11},{"not_picked":["Dual Wield","Dark Embrace"],"picked":"Warcry","floor":12},{"not_picked":["True Grit","Whirlwind","Flame Barrier"],"picked":"SKIP","floor":13},{"not_picked":["Combust","Spot Weakness","Cleave"],"picked":"SKIP","floor":14},{"not_picked":["Limit Break","Brutality"],"picked":"Fiend Fire","floor":16},{"not_picked":["Cleave+1","Flex"],"picked":"Perfected Strike+1","floor":18},{"not_picked":["Heavy Blade","Evolve"],"picked":"Second Wind+1","floor":19},{"not_picked":["Entrench","Flame Barrier"],"picked":"Anger","floor":20},{"not_picked":["Bloodletting","Iron Wave"],"picked":"Battle Trance","floor":21},{"not_picked":["Body Slam","Uppercut+1","Headbutt"],"picked":"SKIP","floor":24},{"not_picked":["True Grit","Armaments"],"picked":"Shrug It Off","floor":28},{"not_picked":["Warcry","Rage"],"picked":"Twin Strike","floor":31},{"not_picked":["Fiend Fire","Feed"],"picked":"Exhume","floor":33},{"not_picked":["Sever Soul+1","Sword Boomerang"],"picked":"Thunderclap","floor":35},{"not_picked":["Wild Strike","Clothesline+1","Thunderclap+1"],"picked":"SKIP","floor":37},{"not_picked":["Body Slam","Fire Breathing","Rampage"],"picked":"SKIP","floor":38},{"not_picked":["Shrug It Off","Burning Pact"],"picked":"Perfected Strike","floor":45},{"not_picked":["Clothesline","Iron Wave+1","Bludgeon"],"picked":"SKIP","floor":47}],"player_experience":13892,"relics_obtained":[{"floor":6,"key":"Mercury Hourglass"},{"floor":8,"key":"Oddly Smooth Stone"},{"floor":9,"key":"Ornamental Fan"},{"floor":11,"key":"Sundial"},{"floor":17,"key":"Tiny Chest"},{"floor":17,"key":"Pantograph"},{"floor":17,"key":"Magic Flower"},{"floor":24,"key":"Centennial Puzzle"},{"floor":26,"key":"Blue Candle"},{"floor":27,"key":"Bag of Marbles"},{"floor":30,"key":"Pear"},{"floor":31,"key":"Gambling Chip"},{"floor":31,"key":"StrikeDummy"},{"floor":41,"key":"CaptainsWheel"},{"floor":42,"key":"Strawberry"},{"floor":43,"key":"Akabeko"},{"floor":47,"key":"Kunai"}],"event_choices":[{"damage_healed":0,"gold_gain":0,"player_choice":"Success","damage_taken":3,"relics_obtained":["Nunchaku"],"max_hp_gain":0,"max_hp_loss":0,"event_name":"Scrap Ooze","floor":5,"gold_loss":0},{"damage_healed":0,"gold_gain":0,"player_choice":"Relic","damage_taken":0,"max_hp_gain":0,"max_hp_loss":0,"event_name":"Wheel of Change","floor":27,"gold_loss":0},{"damage_healed":26,"gold_gain":0,"player_choice":"Heal","damage_taken":0,"max_hp_gain":0,"max_hp_loss":0,"event_name":"The Library","floor":29,"gold_loss":0},{"damage_healed":0,"gold_gain":0,"player_choice":"Fight","damage_taken":0,"max_hp_gain":0,"max_hp_loss":0,"event_name":"Colosseum","floor":31,"gold_loss":0},{"damage_healed":0,"gold_gain":0,"player_choice":"Fought Nobs","damage_taken":0,"max_hp_gain":0,"max_hp_loss":0,"event_name":"Colosseum","floor":31,"gold_loss":0},{"damage_healed":0,"gold_gain":0,"player_choice":"Paid","damage_taken":0,"relics_obtained":["Red Mask"],"max_hp_gain":0,"max_hp_loss":0,"event_name":"Tomb of Lord Red Mask","floor":39,"gold_loss":76},{"damage_healed":0,"gold_gain":0,"player_choice":"Fight","damage_taken":0,"max_hp_gain":0,"max_hp_loss":0,"event_name":"Mysterious Sphere","floor":41,"gold_loss":0},{"cards_removed":["Metallicize"],"damage_healed":0,"gold_gain":0,"player_choice":"Removed Power","damage_taken":0,"max_hp_gain":0,"max_hp_loss":0,"event_name":"Falling","floor":48,"gold_loss":0}],"is_beta":false,"boss_relics":[{"not_picked":["Cursed Key","Runic Cube"],"picked":"Calling Bell"},{"not_picked":["Runic Dome","Mark of Pain"],"picked":"Black Blood"}],"items_purged_floors":[],"is_endless":false,"potions_floor_spawned":[1,3,8,10,11,13,19,21,28,33,35,37,38,45],"ascension_level":0}}