{"host":"kybn6ox37urbij4t","time":1613476596,"event":{"mods":["Aspiration","BaseMod","Better Third Choice","Dota2Spire","Downfall","Minty Spire (QoL Compilation)","Reliquary","Replay The Spire","StSLib","The Blue Laboratory","TheWitcher"],"gold_per_floor":[99,110,110,121,137,137,137,147,52,66,93,26,57,57,80,185,185,185,185],"floor_reached":17,"language":"ENG","playtime":1182,"items_purged":[],"score":159,"play_id":"cc2c7151-ca20-4cb3-8a01-e4dde70ad957","local_time":"20210216125636","is_ascension_mode":false,"campfire_choices":[{"data":"hexamod:Float","floor":1,"key":"SMITH"},{"data":"hexamod:Sear","floor":6,"key":"SMITH"}],"circlet_count":0,"master_deck":["hexamod:Strike","hexamod:Strike","hexamod:Strike","hexamod:Strike","hexamod:Defend","hexamod:Defend","hexamod:Defend","hexamod:Sear+1","hexamod:Float+1","hexamod:Hexaguard","hexamod:StepThrough","hexamod:Firestarter","hexamod:RadiantFlame","hexamod:ChargedBarrage","hexamod:PhantomCloak","hexamod:GhostflameInferno","hexamod:SecondSeal","hexamod:AdvancingGuard","hexamod:WildfireWeapon"],"relics":["hexamod:SpiritBrand","Dota2Spire:MonkeyKingBar","Matryoshka","aspiration:RunicSpoon"],"acts_visited":["Exordium","TheCity"],"potions_floor_usage":[],"damage_taken":[{"damage":0,"enemies":"Small Slimes","floor":2,"turns":4},{"damage":0,"enemies":"Cultist","floor":4,"turns":3},{"damage":0,"enemies":"2 Louse","floor":5,"turns":2},{"damage":6,"enemies":"Exordium Wildlife","floor":8,"turns":4},{"damage":0,"enemies":"downfall:FleeingMerchant","floor":9,"turns":4},{"damage":0,"enemies":"Large Slime","floor":10,"turns":3},{"damage":26,"enemies":"Lagavulin","floor":11,"turns":5},{"damage":1,"enemies":"downfall:FleeingMerchant","floor":12,"turns":4},{"damage":0,"enemies":"downfall:LooterAlt","floor":13,"turns":3},{"damage":9,"enemies":"2 Fungi Beasts","floor":15,"turns":4},{"damage":4,"enemies":"IC_STATUS_ARCHETYPE","floor":16,"turns":7}],"seed_played":"719838553552710405","potions_obtained":[{"floor":2,"key":"Fire Potion"},{"floor":10,"key":"blueLaboratory:SavagePotion"},{"floor":11,"key":"blueLaboratory:FrostheartPotion"}],"is_trial":false,"path_per_floor":["R","M","?","M","M","R","T","M","$","M","E","$","M","?","M","B",null],"character_chosen":"THE_SPIRIT","items_purchased":["hexamod:ChargedBarrage","hexamod:SecondSeal"],"campfire_rested":0,"item_purchase_floors":[9,12],"current_hp_per_floor":[77,77,77,77,77,77,77,71,71,71,45,44,44,44,35,31,77,77,77],"gold":185,"neow_bonus":"TEN_PERCENT_HP_BONUS","is_daily":false,"chose_seed":false,"campfire_upgraded":2,"win_rate":0.0,"timestamp":1613476596,"path_taken":["R","M","?","M","M","R","T","M","$","M","E","?","M","?","M","BOSS"],"items_purchased_type":["Card","Card"],"build_version":"2020-12-22","purchased_purges":0,"victory":false,"max_hp_per_floor":[77,77,77,77,77,77,77,77,77,77,77,77,77,77,77,77,77,77,77],"card_choices":[{"not_picked":["hexamod:NecessarySacrifice","hexamod:HauntingEcho"],"picked":"hexamod:Hexaguard","floor":2},{"not_picked":["hexamod:Rewind","hexamod:NightmareStrike"],"picked":"hexamod:StepThrough","floor":4},{"not_picked":["hexamod:NightmareGuise","hexamod:HeatCrush","hexamod:DynamicBlow"],"picked":"SKIP","floor":5},{"not_picked":["hexamod:NightmareStrike","hexamod:NightmareGuise"],"picked":"hexamod:Firestarter","floor":8},{"not_picked":["hexamod:Haunt","hexamod:Incineration"],"picked":"hexamod:RadiantFlame","floor":9},{"not_picked":["hexamod:GhostLash","hexamod:NightmareStrike","hexamod:Rewind"],"picked":"SKIP","floor":10},{"not_picked":["hexamod:TurnItUp","hexamod:HeatShield"],"picked":"hexamod:PhantomCloak","floor":11},{"not_picked":["hexamod:RadiantFlame","hexamod:GhostLash"],"picked":"hexamod:GhostflameInferno","floor":12},{"not_picked":["hexamod:RetreatToShadows","hexamod:GhostShield","hexamod:RadiantFlame"],"picked":"SKIP","floor":13},{"not_picked":["hexamod:EtherealExpedition","hexamod:Incineration"],"picked":"hexamod:AdvancingGuard","floor":15},{"not_picked":["hexamod:SearingWound","hexamod:UnleashSpirits"],"picked":"hexamod:WildfireWeapon","floor":16}],"player_experience":406445,"relics_obtained":[{"floor":7,"key":"Dota2Spire:MonkeyKingBar"},{"floor":11,"key":"Matryoshka"}],"event_choices":[{"cards_removed":["hexamod:Defend"],"damage_healed":0,"gold_gain":0,"player_choice":"Offered Basic","damage_taken":0,"max_hp_gain":0,"max_hp_loss":0,"event_name":"Bonfire Elementals","floor":3,"gold_loss":0},{"cards_removed":["hexamod:SecondSeal"],"damage_healed":0,"gold_gain":0,"player_choice":"Card Removal","damage_taken":0,"max_hp_gain":0,"max_hp_loss":0,"event_name":"The Cleric","floor":14,"gold_loss":0}],"is_beta":false,"boss_relics":[{"not_picked":["Snecko Eye","aspiration:IroncladSkillbook"],"picked":"aspiration:RunicSpoon"}],"items_purged_floors":[],"is_endless":false,"potions_floor_spawned":[2,10,11,15,16],"ascension_level":0}}