{"host":"opdum64sdiqzxm7l","time":1613456842,"event":{"mods":["Act Like it!","Aspiration","BaseMod","Conspire","Jedi Mod","Minty Spire (QoL Compilation)","MostiFishMod","Pale of the Ancients","Reliquary","Replay The Spire","StSLib","Waifu the Spire","Youmu（魂魄妖梦）","[功能]功能增强和修复MOD","【遗物卡牌】REMEMod"],"gold_per_floor":[119,119,26,26,26,87,28,62,88,88,156,156,212,239,239,402,402,473,473,381,449,449,515,349,380,380,380,295,295,295,351,351,507,507,554,554,419,441,515,593,593,693,693,748,799,403,273,341,341,365,423,540,540,110,110,260,260,41,41,131],"floor_reached":61,"language":"ZHS","playtime":2531,"items_purged":["Regret","Defend_YM","Defend_YM","Strike_YM","Defend_YM","Strike_YM","WheelOfPainOfLivingAndDead"],"score":1827,"play_id":"0e57fb08-ed59-4145-b2fe-03991910d508","local_time":"20210216142722","is_ascension_mode":false,"campfire_choices":[{"floor":10,"key":"RECALL"},{"data":"HeavenlyHaloSlash","floor":27,"key":"SMITH"},{"data":"HeartExcerptSlash","floor":29,"key":"SMITH"},{"data":"DoubleWheelOfPain","floor":32,"key":"SMITH"},{"data":"SlashOfSaigyouSpringWind","floor":41,"key":"SMITH"},{"data":"IrresoluteSoul","floor":49,"key":"SMITH"},{"data":"IrresoluteSoul","floor":55,"key":"SMITH"},{"data":"HeavenSword","floor":57,"key":"SMITH"}],"circlet_count":0,"master_deck":["HeavenlyHaloSlash+1","AsTheSilentNirvana+1","SpiritCuttingSword","FlashingScatteredFlowers","EchoesOfTheInclemencyOfAllBeings","ThoughtCuttingSword+1","ASingleThoughtAndInfiniteKalpas","TwoHundredYojanaInOneSlash+1","MostiFishMod:KingOfFree","Flash of Steel","HandOfGreed","StrangeHalfBody","HumanKnowledgeSword","HeartExcerptSlash+1","DoubleWheelOfPain+1","HellRealmSword+1","LifeCuttingSword","FiveSignsOfTheDyingDeva","SlashOfMeditation+1","FiveSignsOfTheDyingDeva","SlashOfSaigyouSpringWind+1","SanzenSekai+1","WickedSoul","IrresoluteSoul+1","IrresoluteSoul+1","GreatEnlightenmentAppearingAndDisappearing+1","SlashClearingTheSixSenses+1","SuddenPhantomFormationSlashOfKarmicWind","HeavenSword+1","Sickly","Finesse+1","HumanGodSword"],"relics":["HalfPhantom","REME_ComplimentaryCards","DaveBox","jedi:shrinkray","ExusiaiGun","Replay:Bandana","Pet Ghost","reliquary:OuijaBoard","ChiLing","Chi","Ling","jedi:archwizardhat","Golden Idol","ReplayFunnel","REME_PuzzleBoxRelic","JellyFishMachine","ReplayTheSpireMod:ShopPack","conspire:DecoderRing","CultistMask","Question Card","DianPoetry","Replay:WaspNest","jedi:heavyjacket","aspiration:RitualStick","PreservedInsect","SlaversCollar","reliquary:Stiletto","reliquary:PrincelyHelmet","BionicSphere","Shuriken","reliquary:Buckler","Toxic Egg 2","reliquary:FingerTrap","Boot","conspire:GlowingRock","paleoftheancients:Timepiece","paleoftheancients:KeyRelic","paleoftheancients:SoulOfTheGuardian","ReplayTheSpireMod:Ring of Exchange","Ring of Hypnosis","BirthdayGift-Tetrahedron","reliquary:Knoch"],"acts_visited":["Exordium","TheCity","TheBeyond","paleoftheancients:PaleOfTheAncients"],"potions_floor_usage":[60,60],"damage_taken":[{"damage":1,"enemies":"Jaw Worm","floor":1,"turns":1},{"damage":9,"enemies":"Lagavulin","floor":6,"turns":3},{"damage":0,"enemies":"Small Slimes","floor":8,"turns":1},{"damage":1,"enemies":"3 Sentries","floor":11,"turns":1},{"damage":1,"enemies":"Gremlin Nob","floor":13,"turns":1},{"damage":3,"enemies":"Slime Boss","floor":16,"turns":3},{"damage":0,"enemies":"3 Byrds","floor":18,"turns":1},{"damage":2,"enemies":"Slavers","floor":23,"turns":1},{"damage":2,"enemies":"Spheric Guardian","floor":25,"turns":1},{"damage":1,"enemies":"Replay:Snechameleon","floor":31,"turns":1},{"damage":3,"enemies":"Collector","floor":33,"turns":2},{"damage":2,"enemies":"3 Darklings","floor":35,"turns":1},{"damage":3,"enemies":"3 Shapes","floor":38,"turns":1},{"damage":3,"enemies":"Writhing Mass","floor":39,"turns":1},{"damage":3,"enemies":"R_Hoarder","floor":40,"turns":1},{"damage":2,"enemies":"Nemesis","floor":42,"turns":1},{"damage":0,"enemies":"3 Darklings","floor":45,"turns":1},{"damage":0,"enemies":"conspire:MimicChest","floor":48,"turns":1},{"damage":0,"enemies":"Time Eater","floor":50,"turns":1},{"damage":0,"enemies":"Time Eater","floor":51,"turns":1},{"damage":1,"enemies":"Time Eater","floor":52,"turns":4},{"damage":0,"enemies":"Time Eater","floor":56,"turns":2},{"damage":1,"enemies":"paleoftheancients:N","floor":60,"turns":3}],"seed_played":"-1906716547226922390","potions_obtained":[{"floor":1,"key":"Block Potion"},{"floor":6,"key":"FearPotion"},{"floor":8,"key":"Adrenaline Potion"},{"floor":16,"key":"Strength Potion"},{"floor":21,"key":"FairyPotion"},{"floor":38,"key":"jedi:StrikingPotion"},{"floor":45,"key":"Elixir"}],"is_trial":false,"path_per_floor":["M","?","$","?","?","E","$","M","T","R","E","?","E","T","R","B",null,"M","?","$","?","?","E","$","M","T","R","?","R","?","E","R","B",null,"M","?","$","M","M","E","R","E","T","T","M","$","$","?","R","B","M","M","?","$","R","M","R","$","?","B",null],"character_chosen":"YOUMU","items_purchased":["Pet Ghost","ChiLing","ReplayTheSpireMod:ShopPack","DianPoetry","FiveSignsOfTheDyingDeva","reliquary:Stiletto","Toxic Egg 2","IrresoluteSoul","GreatEnlightenmentAppearingAndDisappearing+1","reliquary:FingerTrap","Boot","SlashClearingTheSixSenses+1","SuddenPhantomFormationSlashOfKarmicWind","BirthdayGift-Tetrahedron","reliquary:Knoch","Finesse+1","HumanGodSword"],"campfire_rested":0,"item_purchase_floors":[3,7,20,24,37,37,46,46,46,46,46,47,47,54,58,58,58],"current_hp_per_floor":[74,71,71,71,71,62,62,62,62,62,61,61,60,60,60,57,69,69,69,69,42,42,40,40,38,38,38,38,38,38,38,38,35,69,67,67,67,64,66,63,63,61,61,61,61,61,61,61,61,79,79,79,79,79,79,79,79,79,79,79],"gold":131,"neow_bonus":"RANDOM_EVENT","is_daily":false,"chose_seed":false,"campfire_upgraded":7,"win_rate":0.0,"timestamp":1613456842,"path_taken":["M","?","$","?","?","E","?","?","T","R","E","?","E","?","R","BOSS","M","?","$","?","?","E","$","?","T","R","?","R","?","E","R","BOSS","M","?","$","?","?","E","R","E","T","?","?","?","$","?","R","BOSS","M","M","?","$","R","M","R","$","?","BOSS"],"items_purchased_type":["Relic","Relic","Relic","Relic","Card","Relic","Relic","Card","Card","Relic","Relic","Card","Card","Relic","Relic","Card","Card"],"build_version":"2020-12-22","purchased_purges":7,"victory":true,"max_hp_per_floor":[75,75,75,75,75,75,75,75,75,75,75,69,69,69,69,69,69,69,69,69,69,69,69,69,69,69,69,69,69,69,69,69,69,69,69,69,69,69,69,69,69,69,69,69,69,69,69,69,69,79,79,79,79,79,79,79,79,79,79,79],"card_choices":[{"not_picked":["HiganSword","HellGodSword"],"picked":"HeavenlyHaloSlash","floor":1},{"not_picked":["HellFireSword","HesitationCuttingSword"],"picked":"SpiritCuttingSword","floor":6},{"not_picked":["LowerRealmReflectionSlash","SanzenSekai"],"picked":"FlashingScatteredFlowers","floor":8},{"not_picked":["PhosphoricSlash","TransmigrationSlash"],"picked":"EchoesOfTheInclemencyOfAllBeings","floor":11},{"not_picked":["PhosphoricSlash","SpiritCuttingSword","CherryBlossomFlashing"],"picked":"SKIP","floor":13},{"not_picked":["SlashOfTheEternalFuture","StrangeHalfBody"],"picked":"ASingleThoughtAndInfiniteKalpas","floor":16},{"not_picked":["CrescentMoonSlash+1","ConstancyOfTheConventionalTruth"],"picked":"TwoHundredYojanaInOneSlash+1","floor":18},{"not_picked":["REME_BodyOfCthun","REME_Flogging"],"picked":"MostiFishMod:KingOfFree","floor":20},{"not_picked":["REME_BodyOfCthun","HandOfGreedLower"],"picked":"Flash of Steel","floor":20},{"not_picked":["Impatience","REME_TheoryOfElimination"],"picked":"HandOfGreed","floor":20},{"not_picked":["BizarrenessOfSixRealms+1","CrescentMoonSlash+1"],"picked":"StrangeHalfBody","floor":21},{"not_picked":["CrescentMoonSlash","ConstancyOfTheConventionalTruth+1"],"picked":"HumanKnowledgeSword","floor":23},{"not_picked":["LightFlashOfTheNetherworld","AsTheSilentNirvana+1","SlashOfDepartureFromHesitation"],"picked":"HeartExcerptSlash","floor":25},{"not_picked":["GhostSword+1","HesitationCuttingSword","SpiderLilyBurial"],"picked":"DoubleWheelOfPain","floor":31},{"not_picked":["FastingOfTheYoungPreta","CelestialStarSword","AsuraSword"],"picked":"HellRealmSword","floor":33},{"not_picked":["DispleasureOfTheSevenHakus+1","HesitationCuttingSword","HumanRealmSword+1"],"picked":"LifeCuttingSword","floor":35},{"not_picked":["SanzenSekai+1","SpiritCuttingSword+1","ThreeKonsSevenHakus"],"picked":"SlashOfMeditation+1","floor":38},{"not_picked":["CrescentMoonSlash","TwoHundredYojanaInOneSlash+1","PretaSword+1"],"picked":"FiveSignsOfTheDyingDeva","floor":39},{"not_picked":["HeartExcerptSlash","FourBirthsSword","SlashOfMeditation"],"picked":"SlashOfSaigyouSpringWind","floor":40},{"not_picked":["ThoughtCuttingSword+1","DispleasureOfTheSevenHakus+1","PreachingAvici"],"picked":"SanzenSekai+1","floor":42},{"not_picked":["TwoHundredYojanaInOneSlash+1","ConstancyOfTheConventionalTruth+1","AsTheSilentNirvana+1"],"picked":"WickedSoul","floor":45},{"not_picked":["SanzenSekai+1","CrescentMoonSlash","HumanKnowledgeSword+1"],"picked":"HeavenSword","floor":51},{"not_picked":["ConstancyOfTheConventionalTruth+1","ThreeKonsSevenHakus+1","SanzenSekai","SpiritCuttingSword+1"],"picked":"SKIP","floor":52},{"not_picked":["CherryBlossomFlashing","LifeCuttingSword+1","ConstancyOfTheConventionalTruth+1","RapidSlash"],"picked":"SKIP","floor":56}],"player_experience":15,"relics_obtained":[{"floor":6,"key":"reliquary:OuijaBoard"},{"floor":11,"key":"jedi:archwizardhat"},{"floor":13,"key":"ReplayFunnel"},{"floor":14,"key":"REME_PuzzleBoxRelic"},{"floor":21,"key":"conspire:DecoderRing"},{"floor":23,"key":"Question Card"},{"floor":26,"key":"Replay:WaspNest"},{"floor":31,"key":"PreservedInsect"},{"floor":40,"key":"reliquary:PrincelyHelmet"},{"floor":42,"key":"BionicSphere"},{"floor":43,"key":"Shuriken"},{"floor":44,"key":"reliquary:Buckler"},{"floor":48,"key":"conspire:GlowingRock"},{"floor":51,"key":"paleoftheancients:SoulOfTheGuardian"},{"floor":52,"key":"paleoftheancients:SoulOfTheWokeBloke"},{"floor":53,"key":"ReplayTheSpireMod:Ring of Exchange"},{"floor":53,"key":"Ring of Hypnosis"}],"event_choices":[{"damage_healed":0,"gold_gain":0,"player_choice":"Box","damage_taken":0,"relics_obtained":["jedi:shrinkray"],"max_hp_gain":0,"max_hp_loss":0,"event_name":"Big Fish","floor":0,"gold_loss":0,"cards_obtained":["Regret"]},{"damage_healed":0,"gold_gain":0,"player_choice":"Success","damage_taken":3,"relics_obtained":["Replay:Bandana"],"max_hp_gain":0,"max_hp_loss":0,"event_name":"Scrap Ooze","floor":2,"gold_loss":0},{"damage_healed":0,"gold_gain":0,"player_choice":"Leave","damage_taken":0,"max_hp_gain":0,"max_hp_loss":0,"event_name":"conspire:Investor","floor":4,"gold_loss":0},{"damage_healed":0,"gold_gain":0,"player_choice":"Lose Max HP","damage_taken":0,"relics_obtained":["Golden Idol"],"max_hp_gain":0,"max_hp_loss":6,"event_name":"Golden Idol","floor":12,"gold_loss":0},{"cards_removed":["Defend_YM"],"damage_healed":0,"gold_gain":0,"player_choice":"Elegance","damage_taken":0,"max_hp_gain":0,"max_hp_loss":0,"event_name":"Back to Basics","floor":19,"gold_loss":0},{"damage_healed":0,"gold_gain":0,"player_choice":"Trade","damage_taken":0,"relics_obtained":["CultistMask"],"max_hp_gain":0,"max_hp_loss":0,"event_name":"FaceTrader","floor":22,"gold_loss":0},{"damage_healed":0,"gold_gain":0,"player_choice":"Obtained Relic","damage_taken":0,"relics_obtained":["jedi:heavyjacket"],"max_hp_gain":0,"max_hp_loss":0,"event_name":"Addict","floor":28,"gold_loss":85},{"cards_removed":["Strike_YM"],"damage_healed":0,"gold_gain":0,"player_choice":"Offered Basic","damage_taken":0,"max_hp_gain":0,"max_hp_loss":0,"event_name":"Bonfire Elementals","floor":36,"gold_loss":0}],"is_beta":false,"boss_relics":[{"not_picked":["aspiration:DefectSkillbook","Ring of Chaos"],"picked":"JellyFishMachine"},{"not_picked":["Coffee Dripper","GuanYuAspect"],"picked":"SlaversCollar"}],"items_purged_floors":[3,20,24,37,46,47,58],"is_endless":false,"potions_floor_spawned":[1,6,8,16,16,18,18,23,31,33,35,38,38,40,45,56],"ascension_level":0}}