{"host":"kg61lsvem4dxoat8","time":1613493188,"event":{"mods":["AchievementEnabler","BaseMod","Better Altar","Better Match","Better Sensory Stone","Better Skull","Block Reminder","Highlight Path","Minty Spire (QoL Compilation)","Quick Restart","Rare Cards Sparkle","Relic Sorter","Relic Stats","StSLib","Synergy Search","slay the spire mod where everything is the same but ironclad has a cowboy hat"],"gold_per_floor":[112,112,126,143,49,49,49,49,49,49,65,65,90,56,56,56,56],"floor_reached":16,"language":"ENG","playtime":340,"items_purged":[],"score":196,"play_id":"cacd7c90-e923-46d4-8f14-fcd37462a4a9","local_time":"20210217003308","is_ascension_mode":true,"campfire_choices":[{"floor":6.0,"key":"REST"},{"floor":8.0,"key":"REST"},{"floor":10.0,"key":"REST"},{"data":"Neutralize","floor":12.0,"key":"SMITH"},{"floor":15.0,"key":"REST"}],"circlet_count":0,"master_deck":["AscendersBane","Strike_G","Strike_G","Strike_G","Strike_G","Strike_G","Defend_G","Defend_G","Defend_G","Defend_G","Defend_G","Survivor","Neutralize+1","Flash of Steel","Heel Hook","Escape Plan","Escape Plan","Night Terror"],"relics":["Ring of the Snake","NeowsBlessing","Dream Catcher","Anchor","Pen Nib","The Courier","Regal Pillow"],"acts_visited":["Exordium"],"potions_floor_usage":[16],"damage_taken":[{"damage":0.0,"enemies":"2 Louse","floor":1.0,"turns":1.0},{"damage":0.0,"enemies":"Cultist","floor":3.0,"turns":1.0},{"damage":0.0,"enemies":"Jaw Worm","floor":4.0,"turns":1.0},{"damage":0.0,"enemies":"Blue Slaver","floor":11.0,"turns":3.0},{"damage":25.0,"enemies":"3 Sentries","floor":13.0,"turns":10.0},{"damage":71,"enemies":"Hexaghost","floor":16,"turns":12}],"seed_played":"-7136574227268738520","potions_obtained":[{"floor":1.0,"key":"AttackPotion"},{"floor":11.0,"key":"SpeedPotion"},{"floor":13.0,"key":"Weak Potion"}],"is_trial":false,"path_per_floor":["M","?","M","M","$","R","?","R","T","R","M","R","E","$","R","B"],"character_chosen":"THE_SILENT","items_purchased":["Flash of Steel","Escape Plan"],"campfire_rested":4,"item_purchase_floors":[5,14],"current_hp_per_floor":[59,11,11,11,11,30,35,56,56,71,71,71,46,46,71,0,0],"gold":56,"neow_bonus":"THREE_ENEMY_KILL","is_daily":false,"chose_seed":false,"campfire_upgraded":1,"win_rate":0.0,"timestamp":1613493188,"path_taken":["M","?","?","M","$","R","?","R","T","R","M","R","E","$","R","BOSS"],"items_purchased_type":["Card","Card"],"build_version":"2020-12-22","purchased_purges":0,"victory":false,"max_hp_per_floor":[66,66,66,66,66,66,71,71,71,71,71,71,71,71,71,71,71],"relic_stats":{"Dream Catcher":4,"Regal Pillow":4,"counters":[6,28],"Pen Nib":[6],"obtain_stats":[{"Dream Catcher":2,"Anchor":2,"Regal Pillow":13,"NeowsBlessing":0,"Pen Nib":2,"The Courier":9,"Ring of the Snake":0},{"Dream Catcher":1,"Anchor":1,"Regal Pillow":5,"NeowsBlessing":0,"Pen Nib":1,"The Courier":3,"Ring of the Snake":0},{"Dream Catcher":1,"Anchor":1,"Regal Pillow":16,"NeowsBlessing":0,"Pen Nib":1,"The Courier":3,"Ring of the Snake":0}],"Ring of the Snake":[12]},"card_choices":[{"not_picked":["Well Laid Plans","Concentrate","Backflip"],"picked":"SKIP","floor":1.0},{"not_picked":["Dodge and Roll","Deflect","Backflip"],"picked":"SKIP","floor":3.0},{"not_picked":["Choke","Skewer","Terror"],"picked":"SKIP","floor":4.0},{"not_picked":["Eviscerate","Reflex"],"picked":"Heel Hook","floor":10.0},{"not_picked":["Deflect","Dodge and Roll"],"picked":"Escape Plan","floor":11.0},{"not_picked":["Eviscerate","Quick Slash","Prepared"],"picked":"SKIP","floor":13.0},{"not_picked":["Expertise","Eviscerate"],"picked":"Night Terror","floor":15.0}],"player_experience":1552159,"relics_obtained":[{"floor":9.0,"key":"The Courier"},{"floor":13.0,"key":"Regal Pillow"}],"event_choices":[{"damage_healed":0.0,"max_hp_gain":0.0,"max_hp_loss":0.0,"gold_gain":0.0,"event_name":"betterSkull:BetterSkull","player_choice":"RE RE RE ","floor":2.0,"gold_loss":0.0,"damage_taken":54.0,"cards_upgraded":[],"relics_obtained":["Dream Catcher","Anchor","Pen Nib"]},{"damage_healed":0.0,"max_hp_gain":5.0,"max_hp_loss":0.0,"gold_gain":0.0,"event_name":"Big Fish","player_choice":"Donut","floor":7.0,"gold_loss":0.0,"damage_taken":0.0}],"is_beta":false,"boss_relics":[],"items_purged_floors":[],"is_endless":false,"potions_floor_spawned":[1,11,13],"killed_by":"Hexaghost","ascension_level":20}}