{"host":"ox77rn1xcurm2t5a","time":1613514170,"event":{"mods":["2.2 Compatiblity","AchievementEnabler","Act Like it!","Aspiration","BaseMod","Best Route Mod","Better Match","Better Note","Better Sensory Stone","Block Reminder","Colored Map","Colored Powertips","Conjunction","Conspire","Custom Start","Energized Spire","GifTheSpireLib","Gold Saver","Gremlin Skip","Halation","Highlight Path","Hubris","Infinite Spire","Minty Spire (QoL Compilation)","Pale of the Ancients","Quick Restart","Replay The Spire","Reworked Bosses","ShortenTheSpire","Spire Exporter","StSLib","Stuff the Spire","Wandering Minibosses"],"gold_per_floor":[652,666,666,53,69,69,86,120,193,224,242,270,270,283,283,378,378,390,148,160,85,85,112,112,124,148,166,194,194,209,240,240,336,336,351,371,371,371,371],"floor_reached":38,"language":"ENG","playtime":950,"items_purged":["Defend_R","Defend_R"],"score":577,"play_id":"9645c540-3121-4137-bad5-5ad45d4baa87","local_time":"20210217002250","is_ascension_mode":true,"campfire_choices":[{"floor":6.0,"key":"RECALL"},{"data":"Uppercut","floor":15.0,"key":"SMITH"},{"floor":24.0,"key":"REST"},{"data":"Berserk","floor":32.0,"key":"SMITH"}],"circlet_count":0,"master_deck":["Strike_R","Strike_R","Strike_R","Strike_R","Strike_R+1","Bash+1","Sword Boomerang","Uppercut+1","Twin Strike","Cleave","Pommel Strike","Berserk+1","Pommel Strike","Dropkick","Armaments+1","Flex+1","Heavy Blade+1","Cleave","Heavy Blade+1","Sword Boomerang+1"],"relics":["Burning Blood","infinitespire:Broken Mirror","Whetstone","halation:WeightlessCrab","Replay:Bottled Steam","Orichalcum","Red Skull","ReplayTheSpireMod:Ninjato","Du-Vu Doll","hubris:ChampionShield","Letter Opener","StuffTheSpire:RubySignet","Black Star"],"acts_visited":["Exordium","TheCity","TheBeyond"],"potions_floor_usage":[],"damage_taken":[{"damage":6.0,"enemies":"Cultist","floor":1.0,"turns":3.0},{"damage":0.0,"enemies":"Small Slimes","floor":2.0,"turns":3.0},{"damage":4.0,"enemies":"Jaw Worm","floor":5.0,"turns":3.0},{"damage":0.0,"enemies":"Looter","floor":7.0,"turns":1.0},{"damage":40.0,"enemies":"Lagavulin","floor":8.0,"turns":5.0},{"damage":12.0,"enemies":"Gremlin Nob","floor":10.0,"turns":3.0},{"damage":11.0,"enemies":"Lots of Slimes","floor":11.0,"turns":2.0},{"damage":25.0,"enemies":"Lagavulin","floor":12.0,"turns":5.0},{"damage":0.0,"enemies":"Blue Slaver","floor":14.0,"turns":2.0},{"damage":24.0,"enemies":"Hexaghost","floor":16.0,"turns":9.0},{"damage":23.0,"enemies":"3 Byrds","floor":18.0,"turns":5.0},{"damage":10.0,"enemies":"Spheric Guardian","floor":20.0,"turns":3.0},{"damage":51.0,"enemies":"Book of Stabbing","floor":23.0,"turns":5.0},{"damage":27.0,"enemies":"Cultist and Chosen","floor":25.0,"turns":5.0},{"damage":17.0,"enemies":"Centurion and Healer","floor":27.0,"turns":4.0},{"damage":0.0,"enemies":"Gremlin Leader","floor":28.0,"turns":5.0},{"damage":1.0,"enemies":"Snecko","floor":30.0,"turns":3.0},{"damage":13.0,"enemies":"Book of Stabbing","floor":31.0,"turns":3.0},{"damage":20.0,"enemies":"bossMod:newChamp","floor":33.0,"turns":6.0},{"damage":44,"enemies":"3 Darklings","floor":35,"turns":5},{"damage":10,"enemies":"Orb Walker","floor":36,"turns":3},{"damage":54,"enemies":"Maw","floor":38,"turns":5}],"seed_played":"7522552199985159941","potions_obtained":[{"floor":1.0,"key":"SteroidPotion"},{"floor":2.0,"key":"Ancient Potion"},{"floor":11.0,"key":"Languid Potion"},{"floor":20.0,"key":"ElixirPotion"},{"floor":25.0,"key":"Block Potion"},{"floor":27.0,"key":"Weak Potion"},{"floor":28.0,"key":"Adrenaline Potion"},{"floor":30.0,"key":"Regen Potion"},{"floor":31.0,"key":"Flashbang"}],"is_trial":false,"path_per_floor":["M","M","?","$","M","R","M","E","T","E","M","E","?","M","R","B",null,"M","$","M","?","AVR","E","R","M","T","M","E","T","M","E","R","B",null,"M","M","?","M"],"character_chosen":"IRONCLAD","items_purchased":["infinitespire:Broken Mirror","Whetstone","Uppercut","BloodPotion","Red Skull","Adrenaline Potion","Weak Potion"],"campfire_rested":1,"item_purchase_floors":[4,4,4,4,19,19,19],"current_hp_per_floor":[80,80,85,85,85,85,85,68,68,62,57,38,38,44,44,26,85,68,68,64,64,64,19,44,23,23,12,18,18,23,25,25,13,85,47,43,52,0,0],"gold":371,"neow_bonus":"REMOVE_CARD","is_daily":false,"chose_seed":false,"campfire_upgraded":2,"win_rate":0.0,"timestamp":1613514170,"path_taken":["M","M","?","$","M","R","M","E","T","E","M","E","?","?","R","BOSS","M","$","M","?","AVR","E","R","M","T","M","E","?","M","E","R","BOSS","M","M","?","M"],"items_purchased_type":["Relic","Relic","Card","Potion","Relic","Potion","Potion"],"build_version":"2020-12-22","purchased_purges":2,"victory":false,"max_hp_per_floor":[80,80,85,85,85,85,85,85,85,85,85,85,85,85,85,85,85,85,85,85,85,85,85,85,85,85,85,85,85,85,85,85,85,85,85,85,85,85,85],"card_choices":[{"not_picked":["Wild Strike","Sever Soul","Abandon"],"picked":"SKIP","floor":1.0},{"not_picked":["Havoc","Impervious"],"picked":"Sword Boomerang","floor":2.0},{"not_picked":["Wild Strike","StuffTheSpire:Slingshot"],"picked":"Twin Strike","floor":5.0},{"not_picked":["Replay:Undeath\u0027s Touch","Havoc","Intimidate"],"picked":"SKIP","floor":7.0},{"not_picked":["Wild Strike","Shrug It Off","Offering"],"picked":"SKIP","floor":8.0},{"not_picked":["ReplayTheSpireMod:Strike From Hell","Clothesline"],"picked":"Cleave","floor":10.0},{"not_picked":["Entrench","Combust","ReplayTheSpireMod:Limb From Limb"],"picked":"SKIP","floor":11.0},{"not_picked":["hubris:CleavingFinish","hubris:SharpeningStone","Whirlwind"],"picked":"SKIP","floor":12.0},{"not_picked":["Anger","Fire Breathing"],"picked":"Pommel Strike","floor":14.0},{"not_picked":["conspire:Purge","Reaper"],"picked":"Berserk","floor":16.0},{"not_picked":["Shrug It Off","Rampage"],"picked":"Pommel Strike","floor":18.0},{"not_picked":["ReplayTheSpireMod:Muscle Training","Sword Boomerang","StuffTheSpire:BloodClot"],"picked":"SKIP","floor":20.0},{"not_picked":["ReplayTheSpireMod:Muscle Training","Intimidate","hubris:CleavingFinish+1"],"picked":"SKIP","floor":23.0},{"not_picked":["hubris:CleavingFinish","Warcry+1"],"picked":"Dropkick","floor":25.0},{"not_picked":["Flame Barrier","hubris:ReadiedAction"],"picked":"Armaments+1","floor":27.0},{"not_picked":["Carnage+1","Life Link"],"picked":"Flex+1","floor":28.0},{"not_picked":["Hemokinesis","Flex"],"picked":"Heavy Blade+1","floor":30.0},{"not_picked":["Replay:Undeath\u0027s Touch","StuffTheSpire:Incineration"],"picked":"Cleave","floor":31.0},{"not_picked":["Pommel Strike","StuffTheSpire:RockThrow"],"picked":"Heavy Blade+1","floor":35},{"not_picked":["Warcry+1","Cleave+1"],"picked":"Sword Boomerang+1","floor":36}],"player_experience":3119618,"relics_obtained":[{"floor":8.0,"key":"halation:WeightlessCrab"},{"floor":10.0,"key":"Replay:Bottled Steam"},{"floor":12.0,"key":"Orichalcum"},{"floor":23.0,"key":"Du-Vu Doll"},{"floor":28.0,"key":"hubris:ChampionShield"},{"floor":29.0,"key":"Letter Opener"},{"floor":31.0,"key":"StuffTheSpire:RubySignet"}],"event_choices":[{"damage_healed":0.0,"max_hp_gain":5.0,"max_hp_loss":0.0,"gold_gain":0.0,"event_name":"Big Fish","player_choice":"Donut","floor":3.0,"gold_loss":0.0,"damage_taken":0.0},{"damage_healed":0.0,"max_hp_gain":0.0,"max_hp_loss":0.0,"gold_gain":0.0,"event_name":"betterNote:BetterNote","player_choice":"Ignored","floor":13.0,"gold_loss":0.0,"damage_taken":0.0,"cards_obtained":["Strike_P"]},{"cards_removed":["Defend_R"],"damage_healed":0.0,"max_hp_gain":0.0,"max_hp_loss":0.0,"gold_gain":0.0,"event_name":"Beggar","player_choice":"Gave Gold","floor":21.0,"gold_loss":75.0,"damage_taken":0.0}],"is_beta":false,"boss_relics":[{"not_picked":["hubris:Stopwatch","ReplayTheSpireMod:DimensionalGlitch","halation:SmartPhone"]},{"not_picked":["hubris:VirtuousBlindfold","Empty Cage"],"picked":"Black Star"}],"items_purged_floors":[4,22],"is_endless":false,"potions_floor_spawned":[1,2,5,11,20,25,27,28,30,31],"killed_by":"Maw","ascension_level":4}}