{"host":"t9zjxed0utvsfjwc","time":1613454745,"event":{"mods":["2.2 Compatiblity","Act Like it!","Aspiration","BaseMod","Better Altar","Better Match","Better Note","Better Sensory Stone","Better Skull","Better Third Choice","Block Reminder","Colored Map","Colored Powertips","Conspire","Defuse TimeMaze Blight","Energized Spire","Gensokyo","GifTheSpireLib","Hermit","Highlight Path","Hubris","Infinite Spire","Marked Mod","Minty Spire (QoL Compilation)","Quick Restart","Rare Cards Sparkle","Relic Sorter","Relic Stats","Reliquary","Replay The Spire","Ruina","StSLib","Stuff the Spire","The Blue Laboratory","The Jungle","The Marked","Unceasing Turn Reminder","Wandering Minibosses","everything is the same but u backflip on backflip"],"gold_per_floor":[117,117,117,42,52,52,84,84,109,144,156,156,174,207,207,207,207],"floor_reached":16,"language":"ENG","playtime":734,"items_purged":["Strike_R"],"score":122,"play_id":"93caff36-a5ba-4780-b76a-b370bfe53435","local_time":"20210216055225","is_ascension_mode":true,"campfire_choices":[{"data":"Gensokyo:CrescentMoonSlash","floor":6,"key":"SMITH"},{"floor":8,"key":"REST"},{"data":"Clothesline","floor":15,"key":"SMITH"}],"circlet_count":0,"master_deck":["Strike_R","Defend_R","Defend_R","Defend_R","Defend_R","Bash","Clothesline+1","Gensokyo:CrescentMoonSlash+1","Impervious"],"relics":["Burning Blood","Replay:M_SmolderingBlood","aspiration:Nostalgia","hubris:ToyBattleship","hubris:SlimyHat","Replay:Wax Seal","reliquary:Spinner"],"acts_visited":["Exordium"],"potions_floor_usage":[11,16,16],"damage_taken":[{"damage":0,"enemies":"Gensokyo:Python","floor":1,"turns":4},{"damage":2,"enemies":"Gensokyo:2_Kodama","floor":5,"turns":2},{"damage":14,"enemies":"Gensokyo:Cirno","floor":7,"turns":6},{"damage":8,"enemies":"Gensokyo:Mamizou","floor":10,"turns":8},{"damage":2,"enemies":"Gensokyo:Gryphon","floor":11,"turns":3},{"damage":0,"enemies":"Gensokyo:5_Fairies","floor":13,"turns":3},{"damage":26,"enemies":"Gensokyo:Cirno","floor":14,"turns":5},{"damage":89,"enemies":"Gensokyo:Yukari","floor":16,"turns":10}],"seed_played":"-2664648543171793512","potions_obtained":[{"floor":10,"key":"BloodPotion"},{"floor":11,"key":"conspire:TimeTravelPotion"},{"floor":14,"key":"blueLaboratory:SmithPotion"}],"is_trial":false,"path_per_floor":["M","?","?","$","M","R","E","R","T","E","M","?","M","E","R","B"],"character_chosen":"IRONCLAD","items_purchased":[],"campfire_rested":1,"item_purchase_floors":[],"current_hp_per_floor":[80,48,36,36,40,40,32,56,56,54,74,74,80,60,60,0,0],"gold":207,"neow_bonus":"NOSTALGIA","is_daily":false,"chose_seed":false,"campfire_upgraded":2,"win_rate":0.0,"timestamp":1613454745,"path_taken":["M","?","?","$","M","R","E","R","T","E","M","?","M","E","R","BOSS"],"items_purchased_type":[],"build_version":"2020-12-22","purchased_purges":1,"victory":false,"max_hp_per_floor":[80,80,80,80,80,80,80,80,80,80,80,80,80,80,80,80,80],"relic_stats":{"counters":[8,41],"obtain_stats":[{"aspiration:Nostalgia":0,"Replay:M_SmolderingBlood":0,"hubris:ToyBattleship":7,"hubris:SlimyHat":9,"reliquary:Spinner":14,"Replay:Wax Seal":10,"Burning Blood":0},{"aspiration:Nostalgia":0,"Replay:M_SmolderingBlood":0,"hubris:ToyBattleship":3,"hubris:SlimyHat":3,"reliquary:Spinner":7,"Replay:Wax Seal":4,"Burning Blood":0},{"aspiration:Nostalgia":0,"Replay:M_SmolderingBlood":0,"hubris:ToyBattleship":12,"hubris:SlimyHat":12,"reliquary:Spinner":31,"Replay:Wax Seal":20,"Burning Blood":0}],"Burning Blood":36},"card_choices":[{"not_picked":["Replay:Undeath\u0027s Touch","Feel No Pain"],"picked":"Clothesline","floor":1},{"not_picked":["Life Link","BowlingBash","StuffTheSpire:Slingshot"],"picked":"SKIP","floor":5},{"not_picked":["conspire:ExplosiveBarrier","Juggernaut","BowlingBash"],"picked":"SKIP","floor":7},{"not_picked":["StuffTheSpire:Incineration","StuffTheSpire:RagingBull"],"picked":"Impervious","floor":10},{"not_picked":["Armaments","hubris:ReadiedAction","True Grit"],"picked":"SKIP","floor":11},{"not_picked":["Halt","Twin Strike","Rupture"],"picked":"SKIP","floor":13},{"not_picked":["FollowUp","Run Through","Iron Wave"],"picked":"SKIP","floor":14}],"player_experience":472240,"relics_obtained":[{"floor":7,"key":"hubris:ToyBattleship"},{"floor":9,"key":"hubris:SlimyHat"},{"floor":10,"key":"Replay:Wax Seal"},{"floor":14,"key":"reliquary:Spinner"}],"event_choices":[],"is_beta":false,"boss_relics":[],"items_purged_floors":[4],"is_endless":false,"potions_floor_spawned":[10,11,14],"killed_by":"Gensokyo:Yukari","ascension_level":1}}