{"host":"jm9833yuloeli2yd","time":1613439616,"event":{"mods":["BaseMod","Better Altar","Better Match","Better Note","Better Sensory Stone","Better Skull","Better Third Choice","Better Vampires","BetterRewards","Colored Map","Colored Powertips","DeckTracker","Minty Spire (QoL Compilation)","Permanent Neow","Quick Restart","StSLib","SuperFastMode"],"gold_per_floor":[113,127,145,14,25,25,51,51,103,115,115,115],"floor_reached":11,"language":"ENG","playtime":403,"items_purged":["Defend_G"],"score":150,"play_id":"b84d2fcc-02d6-4d87-b0d8-aae87d0a9018","local_time":"20210215204016","is_ascension_mode":true,"campfire_choices":[{"data":"Neutralize","floor":6,"key":"SMITH"},{"data":"Cloak And Dagger","floor":8,"key":"SMITH"}],"circlet_count":0,"master_deck":["AscendersBane","Strike_G","Strike_G","Strike_G","Strike_G","Strike_G","Defend_G","Defend_G","Defend_G","Defend_G","Survivor","Neutralize+1","Quick Slash","Blur","Dagger Throw","Flying Knee","Dagger Throw","Cloak And Dagger+1","Sucker Punch"],"relics":["Black Star","Ornamental Fan","Bag of Marbles","Pen Nib"],"acts_visited":["Exordium"],"potions_floor_usage":[7,7,11],"damage_taken":[{"damage":0,"enemies":"2 Louse","floor":1,"turns":5},{"damage":3,"enemies":"Cultist","floor":2,"turns":4},{"damage":1,"enemies":"Jaw Worm","floor":3,"turns":4},{"damage":18,"enemies":"Lots of Slimes","floor":5,"turns":5},{"damage":24,"enemies":"Gremlin Nob","floor":7,"turns":4},{"damage":3,"enemies":"Large Slime","floor":10,"turns":5},{"damage":16,"enemies":"Lagavulin","floor":11,"turns":6}],"seed_played":"-6233032873035912266","potions_obtained":[{"floor":2,"key":"Swift Potion"},{"floor":5,"key":"BlessingOfTheForge"},{"floor":7,"key":"Swift Potion"}],"is_trial":false,"path_per_floor":["M","M","M","$","M","R","E","R","T","M","E"],"character_chosen":"THE_SILENT","items_purchased":["Flying Knee"],"campfire_rested":0,"item_purchase_floors":[4],"current_hp_per_floor":[59,56,55,55,37,37,13,13,13,10,0,0],"gold":115,"neow_bonus":"BOSS_RELIC","is_daily":false,"chose_seed":false,"campfire_upgraded":2,"win_rate":0.0,"timestamp":1613439616,"path_taken":["M","M","M","$","M","R","E","R","T","M","E"],"items_purchased_type":["Card"],"build_version":"2020-12-22","purchased_purges":1,"victory":false,"max_hp_per_floor":[66,66,66,66,66,66,66,66,66,66,66,66],"card_choices":[{"not_picked":["Backflip","Leg Sweep"],"picked":"Quick Slash","floor":1},{"not_picked":["Distraction","Outmaneuver"],"picked":"Blur","floor":2},{"not_picked":["Choke","Tactician"],"picked":"Dagger Throw","floor":3},{"not_picked":["Dodge and Roll","Distraction"],"picked":"Dagger Throw","floor":5},{"not_picked":["Catalyst","Prepared"],"picked":"Cloak And Dagger","floor":7},{"not_picked":["Flechettes","Backflip"],"picked":"Sucker Punch","floor":10}],"player_experience":1371853,"relics_obtained":[{"floor":7,"key":"Ornamental Fan"},{"floor":7,"key":"Bag of Marbles"},{"floor":9,"key":"Pen Nib"}],"event_choices":[],"is_beta":false,"boss_relics":[],"items_purged_floors":[4],"is_endless":false,"potions_floor_spawned":[2,5,7],"killed_by":"Lagavulin","ascension_level":20}}