{"host":"5jdby9iqu3ct6557","time":1613438461,"event":{"mods":["BaseMod","DeckTracker","Highlight Path","Minty Spire (QoL Compilation)","Relic Stats","StSLib","ojb\u0027s Info Mod"],"gold_per_floor":[112,37,47,66,66,105,105,140,140,140,171,61,86,102,102,195,195,209,229,254,3,23,23,59,59,82,105,122,222,2,2,2,2,2],"floor_reached":33,"language":"ENG","playtime":2786,"items_purged":["Strike_G"],"score":616,"play_id":"d35eb098-851b-41b7-b060-dfa71a8c2794","local_time":"20210215202101","is_ascension_mode":true,"campfire_choices":[{"data":"Skewer","floor":7.0,"key":"SMITH"},{"floor":10.0,"key":"REST"},{"floor":15.0,"key":"REST"},{"floor":23.0,"key":"REST"},{"floor":32.0,"key":"REST"}],"circlet_count":0,"master_deck":["AscendersBane","Defend_G","Defend_G","Defend_G","Defend_G","Defend_G","Survivor","Neutralize","Dagger Spray","Dash","Skewer+1","Masterful Stab","PiercingWail","Dash","Blade Dance","Wraith Form v2","Dash+1","Quick Slash+1","All Out Attack+1","Phantasmal Killer","Storm of Steel","PiercingWail","Caltrops+1"],"relics":["Ring of the Snake","Bloody Idol","Bag of Preparation","Ninja Scroll","Happy Flower","Tingsha","Astrolabe","Nunchaku","Ancient Tea Set","Regal Pillow","Dream Catcher","FossilizedHelix","Chemical X"],"acts_visited":["Exordium","TheCity"],"potions_floor_usage":[33],"damage_taken":[{"damage":3.0,"enemies":"Jaw Worm","floor":1.0,"turns":6.0},{"damage":7.0,"enemies":"Small Slimes","floor":3.0,"turns":3.0},{"damage":0.0,"enemies":"Cultist","floor":4.0,"turns":4.0},{"damage":0.0,"enemies":"Gremlin Nob","floor":6.0,"turns":3.0},{"damage":40.0,"enemies":"Lagavulin","floor":8.0,"turns":8.0},{"damage":15.0,"enemies":"3 Sentries","floor":11.0,"turns":5.0},{"damage":0.0,"enemies":"2 Fungi Beasts","floor":13.0,"turns":3.0},{"damage":0.0,"enemies":"Blue Slaver","floor":14.0,"turns":2.0},{"damage":31.0,"enemies":"Slime Boss","floor":16.0,"turns":9.0},{"damage":8.0,"enemies":"2 Thieves","floor":18.0,"turns":3.0},{"damage":8.0,"enemies":"Spheric Guardian","floor":19.0,"turns":4.0},{"damage":6.0,"enemies":"Centurion and Healer","floor":22.0,"turns":6.0},{"damage":27.0,"enemies":"Slavers","floor":24.0,"turns":7.0},{"damage":2.0,"enemies":"Snake Plant","floor":28.0,"turns":4.0},{"damage":2.0,"enemies":"Colosseum Slavers","floor":29.0,"turns":6.0},{"damage":6.0,"enemies":"Colosseum Nobs","floor":29.0,"turns":5.0},{"damage":94,"enemies":"Champ","floor":33,"turns":15}],"seed_played":"3804764842376868025","potions_obtained":[{"floor":3.0,"key":"DistilledChaos"},{"floor":4.0,"key":"FearPotion"},{"floor":8.0,"key":"GamblersBrew"},{"floor":11.0,"key":"LiquidMemories"},{"floor":13.0,"key":"BlessingOfTheForge"},{"floor":14.0,"key":"Fire Potion"},{"floor":18.0,"key":"SkillPotion"},{"floor":24.0,"key":"Block Potion"},{"floor":28.0,"key":"PowerPotion"}],"is_trial":false,"path_per_floor":["M","?","M","M","?","E","R","E","T","R","E","?","M","M","R","B",null,"M","M","T","$","M","R","E","?","T","T","M","?","$","?","R","B"],"character_chosen":"THE_SILENT","items_purchased":["Phantasmal Killer","Chemical X","PiercingWail"],"campfire_rested":4,"item_purchase_floors":[21,30,30],"current_hp_per_floor":[62,62,55,55,55,55,55,15,15,34,19,19,19,19,38,7,51,43,35,35,35,29,48,21,21,26,31,34,31,31,31,65,0,0],"gold":2,"neow_bonus":"TEN_PERCENT_HP_BONUS","is_daily":false,"chose_seed":false,"campfire_upgraded":1,"win_rate":0.0,"timestamp":1613438461,"path_taken":["M","?","M","M","?","E","R","E","T","R","E","?","M","M","R","BOSS","M","M","?","$","M","R","E","?","T","?","M","?","$","?","R","BOSS"],"items_purchased_type":["Card","Relic","Card"],"build_version":"2020-12-22","purchased_purges":1,"victory":false,"max_hp_per_floor":[72,72,72,72,65,65,65,65,65,65,65,65,65,65,65,65,65,65,65,65,65,65,65,65,65,65,65,65,65,65,65,65,65,65],"relic_stats":{"Nunchaku":[10],"Regal Pillow":15,"Dream Catcher":1,"Happy Flower":[21],"counters":[17,93],"Bloody Idol":20,"Astrolabe":["Dash","Quick Slash","All Out Attack"],"Tingsha":[92],"Bag of Preparation":[2],"Chemical X":[4],"obtain_stats":[{"Regal Pillow":26,"Happy Flower":11,"Golden Idol":5,"Astrolabe":17,"Tingsha":12,"Bag of Preparation":6,"Ancient Tea Set":24,"Nunchaku":20,"Dream Catcher":27,"Ninja Scroll":8,"Bloody Idol":25,"Chemical X":30,"FossilizedHelix":29,"Ring of the Snake":0},{"Regal Pillow":13,"Happy Flower":6,"Golden Idol":3,"Astrolabe":9,"Tingsha":6,"Bag of Preparation":4,"Ancient Tea Set":13,"Nunchaku":11,"Dream Catcher":13,"Ninja Scroll":5,"Bloody Idol":13,"Chemical X":16,"FossilizedHelix":16,"Ring of the Snake":0},{"Regal Pillow":63,"Happy Flower":29,"Golden Idol":13,"Astrolabe":43,"Tingsha":29,"Bag of Preparation":16,"Ancient Tea Set":63,"Nunchaku":50,"Dream Catcher":63,"Ninja Scroll":24,"Bloody Idol":63,"Chemical X":78,"FossilizedHelix":78,"Ring of the Snake":0}],"Ring of the Snake":[34]},"card_choices":[{"not_picked":["Cloak And Dagger","Caltrops"],"picked":"Dagger Spray","floor":1.0},{"not_picked":["Backstab","Blur"],"picked":"Dash","floor":3.0},{"not_picked":["All Out Attack","Blur"],"picked":"Skewer","floor":4.0},{"not_picked":["Noxious Fumes","Backflip"],"picked":"Masterful Stab","floor":6.0},{"not_picked":["Sucker Punch","Escape Plan"],"picked":"PiercingWail","floor":8.0},{"not_picked":["Caltrops","Backflip"],"picked":"Dash","floor":11.0},{"not_picked":["All Out Attack","Leg Sweep"],"picked":"Blade Dance","floor":13.0},{"not_picked":["Venomology","Die Die Die"],"picked":"Wraith Form v2","floor":16.0},{"not_picked":["Dodge and Roll","Poisoned Stab"],"picked":"Storm of Steel","floor":24.0},{"not_picked":["Dagger Throw","Deflect"],"picked":"Caltrops+1","floor":32.0}],"player_experience":2763098,"relics_obtained":[{"floor":6.0,"key":"Bag of Preparation"},{"floor":8.0,"key":"Ninja Scroll"},{"floor":11.0,"key":"Happy Flower"},{"floor":20.0,"key":"Nunchaku"},{"floor":24.0,"key":"Ancient Tea Set"},{"floor":26.0,"key":"Regal Pillow"},{"floor":27.0,"key":"Dream Catcher"},{"floor":29.0,"key":"FossilizedHelix"}],"event_choices":[{"cards_removed":["Strike_G"],"damage_healed":0.0,"max_hp_gain":0.0,"max_hp_loss":0.0,"gold_gain":0.0,"event_name":"The Cleric","player_choice":"Card Removal","floor":2.0,"gold_loss":75.0,"damage_taken":0.0},{"damage_healed":0.0,"max_hp_gain":0.0,"max_hp_loss":7.0,"gold_gain":0.0,"event_name":"Golden Idol","player_choice":"Lose Max HP","floor":5.0,"gold_loss":0.0,"damage_taken":0.0,"relics_obtained":["Golden Idol"]},{"damage_healed":0.0,"max_hp_gain":0.0,"max_hp_loss":0.0,"gold_gain":0.0,"event_name":"WeMeetAgain","player_choice":"Paid Gold","floor":12.0,"gold_loss":110.0,"damage_taken":0.0,"relics_obtained":["Tingsha"]},{"damage_healed":0.0,"max_hp_gain":0.0,"max_hp_loss":0.0,"gold_gain":0.0,"event_name":"Forgotten Altar","player_choice":"Gave Idol","floor":25.0,"relics_lost":["Golden Idol"],"gold_loss":0.0,"damage_taken":0.0,"relics_obtained":["Bloody Idol"]},{"damage_healed":0.0,"max_hp_gain":0.0,"max_hp_loss":0.0,"gold_gain":0.0,"event_name":"Colosseum","player_choice":"Fight","floor":29.0,"gold_loss":0.0,"damage_taken":0.0},{"damage_healed":0.0,"max_hp_gain":0.0,"max_hp_loss":0.0,"gold_gain":0.0,"event_name":"Colosseum","player_choice":"Fought Nobs","floor":29.0,"gold_loss":0.0,"damage_taken":0.0}],"is_beta":false,"boss_relics":[{"not_picked":["SacredBark","SlaversCollar"],"picked":"Astrolabe"}],"items_purged_floors":[21],"is_endless":false,"potions_floor_spawned":[3,4,8,11,13,14,18,24,28],"killed_by":"Champ","ascension_level":20}}