{"host":"11728qvdvolffudn","time":1613482675,"event":{"mods":["BaseMod","Block Reminder","Colored Powertips","Curses Come First","Custom Start","Displayed Cursed Tome","Highlight Path","Minty Spire (QoL Compilation)","Permanent Neow","Quick Restart","Rare Cards Sparkle","Relic Stats","StSLib","Weighted Paths"],"gold_per_floor":[116,291,366,137,137,137,162,181,181,181,212,112,112,129,129,234,234,244,244,218,271,146,174,174,174,174,206,226,237,237,237,237,237,237],"floor_reached":33,"language":"ENG","playtime":2534,"items_purged":["Doubt","Strike_R","Strike_R"],"score":404,"play_id":"e9003bfa-5335-4d38-8cca-bc5dc3b7dcb2","local_time":"20210216133755","is_ascension_mode":true,"campfire_choices":[{"data":"Whirlwind","floor":6,"key":"SMITH"},{"data":"Rage","floor":10,"key":"SMITH"},{"data":"Defend_R","floor":15,"key":"SMITH"},{"data":"Flex","floor":24,"key":"SMITH"},{"data":"Defend_R","floor":30,"key":"SMITH"},{"data":"Defend_R","floor":32,"key":"SMITH"}],"circlet_count":0,"master_deck":["Strike_R","Strike_R","Defend_R+1","Defend_R","Defend_R+1","Defend_R+1","Bash","Whirlwind+1","Rage+1","Flex+1","Pain","Writhe"],"relics":["Burning Blood","Chemical X","Molten Egg 2","Ornamental Fan","Bronze Scales","Runic Cube","Regal Pillow","Oddly Smooth Stone","WarpedTongs","Thread and Needle","Paper Frog","Boot"],"acts_visited":["Exordium","TheCity"],"potions_floor_usage":[23,23,32,33,33],"damage_taken":[{"damage":8,"enemies":"Small Slimes","floor":1,"turns":3},{"damage":0,"enemies":"3 Sentries","floor":7,"turns":1},{"damage":4,"enemies":"2 Louse","floor":8,"turns":2},{"damage":16,"enemies":"Gremlin Nob","floor":11,"turns":4},{"damage":0,"enemies":"Jaw Worm","floor":14,"turns":2},{"damage":16,"enemies":"Slime Boss","floor":16,"turns":8},{"damage":0,"enemies":"Spheric Guardian","floor":18,"turns":3},{"damage":13,"enemies":"Slavers","floor":23,"turns":2},{"damage":6,"enemies":"Gremlin Leader","floor":27,"turns":4},{"damage":4,"enemies":"Shell Parasite","floor":28,"turns":4},{"damage":6,"enemies":"Sentry and Sphere","floor":29,"turns":2},{"damage":98,"enemies":"Champ","floor":33,"turns":10}],"seed_played":"3272108347170677666","potions_obtained":[{"floor":1,"key":"Block Potion"},{"floor":11,"key":"Explosive Potion"},{"floor":14,"key":"Energy Potion"},{"floor":27,"key":"Explosive Potion"},{"floor":29,"key":"Fruit Juice"}],"is_trial":false,"path_per_floor":["M","?","?","$","?","R","E","M","T","R","E","$","$","M","R","B",null,"M","?","$","T","$","E","R","?","T","E","M","M","R","?","R","B"],"character_chosen":"IRONCLAD","items_purchased":["Chemical X","Flex"],"campfire_rested":0,"item_purchase_floors":[4,20],"current_hp_per_floor":[78,78,67,67,60,60,66,68,68,68,58,58,58,64,64,54,80,80,80,80,80,80,73,73,73,73,73,75,75,75,75,80,0,0],"gold":237,"neow_bonus":"THREE_CARDS","is_daily":false,"chose_seed":true,"campfire_upgraded":6,"win_rate":0.0,"timestamp":1613482675,"path_taken":["M","?","?","$","?","R","E","M","T","R","E","?","$","M","R","BOSS","M","?","?","?","$","E","R","?","T","E","?","M","R","?","R","BOSS"],"items_purchased_type":["Relic","Card"],"build_version":"2020-12-22","purchased_purges":3,"victory":false,"max_hp_per_floor":[80,80,80,80,80,80,80,80,80,80,80,80,80,80,80,80,80,80,80,80,80,80,80,80,80,80,80,80,80,80,80,85,85,85],"relic_stats":{"Regal Pillow":0,"counters":[12,45],"Ornamental Fan":[20],"Bronze Scales":[57],"Chemical X":[27],"Boot":[0],"obtain_stats":[{"Regal Pillow":21,"Ornamental Fan":9,"Bronze Scales":11,"Oddly Smooth Stone":23,"Molten Egg 2":7,"Thread and Needle":26,"Chemical X":4,"Boot":31,"Burning Blood":0,"Runic Cube":17,"WarpedTongs":25,"Paper Frog":27},{"Regal Pillow":7,"Ornamental Fan":3,"Bronze Scales":4,"Oddly Smooth Stone":8,"Molten Egg 2":2,"Thread and Needle":8,"Chemical X":1,"Boot":11,"Burning Blood":0,"Runic Cube":6,"WarpedTongs":8,"Paper Frog":9},{"Regal Pillow":23,"Ornamental Fan":6,"Bronze Scales":10,"Oddly Smooth Stone":25,"Molten Egg 2":4,"Thread and Needle":25,"Chemical X":3,"Boot":35,"Burning Blood":0,"Runic Cube":20,"WarpedTongs":25,"Paper Frog":29}],"Burning Blood":60,"Runic Cube":[49],"WarpedTongs":[14]},"card_choices":[{"not_picked":["Sever Soul","Armaments"],"picked":"Whirlwind","floor":0},{"not_picked":["Dual Wield","Clothesline","Havoc"],"picked":"SKIP","floor":1},{"not_picked":["Sword Boomerang+1","Hemokinesis+1"],"picked":"Rage","floor":7},{"not_picked":["Thunderclap+1","Sentinel","Cleave+1"],"picked":"SKIP","floor":8},{"not_picked":["Bloodletting","Armaments","Searing Blow+1"],"picked":"SKIP","floor":11},{"not_picked":["Flex","Blood for Blood+1","Ghostly Armor"],"picked":"SKIP","floor":14},{"not_picked":["Wild Strike+1","Sever Soul+1","Clothesline+1"],"picked":"SKIP","floor":18},{"not_picked":["Armaments","Clothesline+1","Inflame"],"picked":"SKIP","floor":23},{"not_picked":["Dropkick+1","Armaments","Heavy Blade+1"],"picked":"SKIP","floor":27},{"not_picked":["Dropkick+1","Armaments","Heavy Blade+1"],"picked":"SKIP","floor":27},{"not_picked":["True Grit","Evolve","Offering"],"picked":"SKIP","floor":28},{"not_picked":["Body Slam+1","Anger+1","Warcry+1"],"picked":"SKIP","floor":29}],"player_experience":215027,"relics_obtained":[{"floor":7,"key":"Molten Egg 2"},{"floor":9,"key":"Ornamental Fan"},{"floor":11,"key":"Bronze Scales"},{"floor":21,"key":"Regal Pillow"},{"floor":23,"key":"Oddly Smooth Stone"},{"floor":26,"key":"Thread and Needle"},{"floor":27,"key":"Paper Frog"}],"event_choices":[{"damage_healed":0,"gold_gain":175,"player_choice":"AGREE","damage_taken":0,"max_hp_gain":0,"max_hp_loss":0,"event_name":"Liars Game","floor":2,"gold_loss":0,"cards_obtained":["Doubt"]},{"damage_healed":0,"gold_gain":75,"player_choice":"Gather Gold","damage_taken":11,"max_hp_gain":0,"max_hp_loss":0,"event_name":"World of Goop","floor":3,"gold_loss":0},{"cards_removed":["Strike_R"],"damage_healed":0,"gold_gain":0,"player_choice":"Card Removal","damage_taken":7,"max_hp_gain":0,"max_hp_loss":0,"event_name":"Golden Wing","floor":5,"gold_loss":0},{"damage_healed":0,"gold_gain":0,"player_choice":"Full Heal","damage_taken":0,"max_hp_gain":0,"max_hp_loss":0,"event_name":"Wheel of Change","floor":19,"gold_loss":0},{"damage_healed":0,"gold_gain":0,"player_choice":"Rummage","damage_taken":0,"relics_obtained":["WarpedTongs"],"max_hp_gain":0,"max_hp_loss":0,"event_name":"Accursed Blacksmith","floor":25,"gold_loss":0,"cards_obtained":["Pain"]},{"damage_healed":0,"gold_gain":0,"player_choice":"Opened","damage_taken":0,"relics_obtained":["Boot"],"max_hp_gain":0,"max_hp_loss":0,"event_name":"The Mausoleum","floor":31,"gold_loss":0,"cards_obtained":["Writhe"]}],"is_beta":false,"boss_relics":[{"not_picked":["Empty Cage","Ectoplasm"],"picked":"Runic Cube"}],"items_purged_floors":[4,12,22],"is_endless":false,"potions_floor_spawned":[1,11,14,18,27,29],"killed_by":"Champ","ascension_level":4}}