{"host":"wsd05vng5ye8i513","time":1613466083,"event":{"mods":["Act Like it!","BaseMod","Minty Spire (QoL Compilation)","Replay The Spire","StSLib","The Senshi","The Servant 0.9.4","¡¾ÒÅÎï¿¨ÅÆ¡¿REMEMod"],"gold_per_floor":[109,109,120,138,138,138,138,138],"floor_reached":7,"language":"ZHS","playtime":534,"items_purged":[],"score":41,"play_id":"fdb3a836-877b-4c4d-8eda-ad5dd09dd9d4","local_time":"20210216170122","is_ascension_mode":false,"campfire_choices":[{"data":"theSenshi:RainbowMoonHeartAche","floor":6,"key":"SMITH"}],"circlet_count":0,"master_deck":["theSenshi:SailorKick","theSenshi:SailorKick","theSenshi:SailorKick","theSenshi:SailorBlock","theSenshi:SailorBlock","theSenshi:SailorBlock","theSenshi:SailorBlock","theSenshi:RoseThrow","theSenshi:MoonPrismPowerMakeUp","ReplayTheSpireMod:Uncanny Aura","theSenshi:RainbowMoonHeartAche+1","theSenshi:SailorVenusAssists","theSenshi:LateForSchool","theSenshi:HesSoDreamy"],"relics":["theSenshi:TransformationBroochRelic","REME_ComplimentaryCards"],"acts_visited":["Exordium"],"potions_floor_usage":[],"damage_taken":[{"damage":5,"enemies":"2 Louse","floor":1,"turns":4},{"damage":4,"enemies":"Cultist","floor":3,"turns":4},{"damage":4,"enemies":"Small Slimes","floor":4,"turns":4},{"damage":80,"enemies":"Gremlin Nob","floor":7,"turns":6}],"seed_played":"-7545007040532481391","potions_obtained":[{"floor":3,"key":"Explosive Potion"}],"is_trial":false,"path_per_floor":["M","?","M","M","?","R","E"],"character_chosen":"THE_SENSHI","items_purchased":[],"campfire_rested":0,"item_purchase_floors":[],"current_hp_per_floor":[77,77,73,69,69,69,0,0],"gold":138,"neow_bonus":"TEN_PERCENT_HP_BONUS","is_daily":false,"chose_seed":false,"campfire_upgraded":1,"win_rate":0.0,"timestamp":1613466082,"path_taken":["M","?","M","?","?","R","E"],"items_purchased_type":[],"build_version":"2020-12-22","purchased_purges":0,"victory":false,"max_hp_per_floor":[82,82,82,82,82,82,82,82],"card_choices":[{"not_picked":["theSenshi:LateForSchool","theSenshi:MoonSpiralHeartAttack"],"picked":"theSenshi:RainbowMoonHeartAche","floor":1},{"not_picked":["theSenshi:RainbowMoonHeartAche","theSenshi:MoonPrincessHalation"],"picked":"theSenshi:SailorVenusAssists","floor":3},{"not_picked":["theSenshi:MoonSpiralHeartAttack","theSenshi:SailorChibiMoonAssists"],"picked":"theSenshi:LateForSchool","floor":4}],"player_experience":5993,"relics_obtained":[],"event_choices":[{"damage_healed":0,"gold_gain":0,"player_choice":"Bought 0 Potions","damage_taken":0,"max_hp_gain":0,"max_hp_loss":0,"event_name":"The Woman in Blue","floor":2,"gold_loss":0},{"damage_healed":0,"gold_gain":0,"cards_transformed":["theSenshi:SailorKick"],"player_choice":"Change","damage_taken":0,"max_hp_gain":0,"max_hp_loss":0,"event_name":"Living Wall","floor":5,"gold_loss":0,"cards_obtained":["theSenshi:HesSoDreamy"]}],"is_beta":false,"boss_relics":[],"items_purged_floors":[],"is_endless":false,"potions_floor_spawned":[3],"killed_by":"Gremlin Nob","ascension_level":0}}