{"host":"eglukmwb6rueyn6u","time":1613475808,"event":{"mods":["BaseMod","Colored Map","Minty Spire (QoL Compilation)"],"gold_per_floor":[117,117,136,136,146,181,181,199,225,225,225,74,102,122,122,221,221,232,14,14,34,59,59,59,59,59,69,69,69,69,69],"floor_reached":30,"language":"ENG","playtime":2724,"items_purged":["Strike_R"],"score":285,"play_id":"129e99b0-1701-4f58-a230-9f9344ab0f91","local_time":"20210216134328","is_ascension_mode":true,"campfire_choices":[{"data":"Rage","floor":11,"key":"SMITH"},{"floor":15,"key":"REST"},{"floor":23,"key":"REST"},{"data":"Demon Form","floor":25,"key":"SMITH"}],"circlet_count":0,"master_deck":["Strike_R","Strike_R","Strike_R","Strike_R","Defend_R","Defend_R","Defend_R","Defend_R","Bash","Rage+1","Uppercut","Dual Wield","Shockwave","Decay","Demon Form+1","Juggernaut","Heavy Blade+1","Impervious","Flex+1","Dropkick","Flex"],"relics":["Burning Blood","Strawberry","Tiny Chest","Toy Ornithopter","Pen Nib","Black Star","Lantern","Nunchaku"],"acts_visited":["Exordium","TheCity"],"potions_floor_usage":[16],"damage_taken":[{"damage":2.0,"enemies":"2 Louse","floor":1.0,"turns":3.0},{"damage":2.0,"enemies":"Cultist","floor":3.0,"turns":4.0},{"damage":0.0,"enemies":"Small Slimes","floor":5.0,"turns":3.0},{"damage":47,"enemies":"3 Sentries","floor":6,"turns":11},{"damage":3,"enemies":"Looter","floor":8,"turns":4},{"damage":34,"enemies":"Lagavulin","floor":13,"turns":8},{"damage":16,"enemies":"Blue Slaver","floor":14,"turns":4},{"damage":72,"enemies":"The Guardian","floor":16,"turns":10},{"damage":56,"enemies":"Shell Parasite","floor":18,"turns":6},{"damage":30,"enemies":"Spheric Guardian","floor":21,"turns":7},{"damage":41,"enemies":"Cultist and Chosen","floor":27,"turns":7},{"damage":19,"enemies":"Snecko","floor":30,"turns":3}],"seed_played":"-2074438716509027839","potions_obtained":[{"floor":1.0,"key":"LiquidBronze"},{"floor":4.0,"key":"FairyPotion"},{"floor":4.0,"key":"Swift Potion"},{"floor":16,"key":"SkillPotion"},{"floor":27,"key":"BlessingOfTheForge"}],"is_trial":false,"path_per_floor":["M","?","M","?","M","E","?","M","T","?","R","$","E","M","R","B",null,"M","$","?","M","T","R","?","R","T","M","$","?","M"],"character_chosen":"IRONCLAD","items_purchased":["Demon Form","Lantern"],"campfire_rested":2,"item_purchase_floors":[12,19],"current_hp_per_floor":[88,88,88,88,88,54,51,54,54,54,54,54,26,16,44,11,95,45,45,45,21,21,49,49,49,49,14,14,14,0,0],"gold":69,"neow_bonus":"TEN_PERCENT_HP_BONUS","is_daily":false,"chose_seed":false,"campfire_upgraded":2,"win_rate":0.0,"timestamp":1613475808,"path_taken":["M","?","?","?","?","E","?","M","T","?","R","$","E","M","R","BOSS","M","?","?","M","?","R","?","R","T","?","$","?","M"],"items_purchased_type":["Card","Relic"],"build_version":"2020-12-22","purchased_purges":1,"victory":false,"max_hp_per_floor":[88,88,88,88,88,95,95,95,95,95,95,95,95,95,95,95,95,95,95,95,95,95,95,95,95,95,95,95,95,95,95],"card_choices":[{"not_picked":["Warcry","Perfected Strike"],"picked":"Rage","floor":1.0},{"not_picked":["Perfected Strike","Cleave"],"picked":"Uppercut","floor":3.0},{"not_picked":["Fire Breathing","Iron Wave"],"picked":"Dual Wield","floor":5.0},{"not_picked":["Clothesline","Wild Strike","Bloodletting"],"picked":"SKIP","floor":6},{"not_picked":["Havoc","Body Slam"],"picked":"Shockwave","floor":8},{"not_picked":["Hemokinesis","Havoc"],"picked":"Juggernaut","floor":13},{"not_picked":["Combust","Clash"],"picked":"Heavy Blade","floor":14},{"not_picked":["Reaper","Corruption"],"picked":"Impervious","floor":16},{"not_picked":["Anger","Havoc"],"picked":"Flex+1","floor":18},{"not_picked":["Heavy Blade","Brutality","Hemokinesis"],"picked":"SKIP","floor":21},{"not_picked":["Combust","Uppercut+1"],"picked":"Flex","floor":27}],"player_experience":65084,"relics_obtained":[{"floor":6,"key":"Strawberry"},{"floor":9,"key":"Toy Ornithopter"},{"floor":13,"key":"Pen Nib"},{"floor":22,"key":"Nunchaku"}],"event_choices":[{"damage_healed":0.0,"max_hp_gain":0.0,"max_hp_loss":0.0,"gold_gain":0.0,"event_name":"Wheel of Change","player_choice":"Full Heal","floor":2.0,"gold_loss":0.0,"damage_taken":0.0},{"damage_healed":0.0,"max_hp_gain":0.0,"max_hp_loss":0.0,"gold_gain":0.0,"event_name":"Lab","player_choice":"Got Potions","floor":4.0,"gold_loss":0.0,"damage_taken":0.0},{"damage_healed":0,"gold_gain":0,"player_choice":"Success","damage_taken":3,"relics_obtained":["Tiny Chest"],"max_hp_gain":0,"max_hp_loss":0,"event_name":"Scrap Ooze","floor":7,"gold_loss":0},{"damage_healed":0,"gold_gain":0,"player_choice":"Cursed","damage_taken":0,"max_hp_gain":0,"max_hp_loss":0,"event_name":"Wheel of Change","floor":10,"gold_loss":0,"cards_obtained":["Decay"]},{"damage_healed":0,"gold_gain":0,"player_choice":"Ignored","damage_taken":0,"max_hp_gain":0,"max_hp_loss":0,"event_name":"Vampires","floor":20,"gold_loss":0},{"damage_healed":0,"gold_gain":0,"player_choice":"Read","damage_taken":0,"max_hp_gain":0,"max_hp_loss":0,"event_name":"The Library","floor":24,"gold_loss":0,"cards_obtained":["Dropkick"]},{"damage_healed":0,"gold_gain":0,"player_choice":"Forge","damage_taken":0,"max_hp_gain":0,"max_hp_loss":0,"event_name":"Accursed Blacksmith","floor":29,"gold_loss":0,"cards_upgraded":["Heavy Blade"]}],"is_beta":false,"boss_relics":[{"not_picked":["Snecko Eye","Coffee Dripper"],"picked":"Black Star"}],"items_purged_floors":[19],"is_endless":false,"potions_floor_spawned":[1,13,14,16,27],"killed_by":"Snecko","ascension_level":2}}