{"host":"zk6vb2npgw3pu6j2","time":1613482125,"event":{"mods":["Act Like it!","Aspiration","Bard","BaseMod","Beaked The Cultist","Bestiary","Better Note","Better Sensory Stone","CapriCore","Conspire","Downfall","Friendly Minions","Gensokyo","GifTheSpireLib","Hermit","Hubris","Koishi","Marisa????????","Marked Mod","Minty Spire (QoL Compilation)","Quarter Circle Forward PUNCH!","Reimu??????","Reliquary","Replay The Spire","Retaliation","Ruina","StSLib","The Administrix","The Alterego","The Blue Laboratory","The Bug Knight","The Construct","The Exalted","The Hierophant","The Immortal","The Marked","The Runesmith","The Senshi","The Servant 0.9.4","The Wild Card","TheVacant","Wandering Minibosses","yUi"],"gold_per_floor":[118,42,55,55,66,92,104,135,158,169,169,169,169,200,200,303,303,315,315,315,315,335,335,335],"floor_reached":23,"language":"ENG","playtime":1195,"items_purged":[],"score":219,"play_id":"01aa7272-195a-4c1c-b6cf-df82638648b8","local_time":"20210216082845","is_ascension_mode":true,"campfire_choices":[{"floor":11,"key":"REST"},{"floor":15,"key":"REST"}],"circlet_count":0,"master_deck":["Strike_B","Strike_B","Strike_B","Strike_B","Defend_B","Defend_B","Defend_B","Defend_B","Zap","Dualcast","Rebound","Defragment","Ball Lightning","theWildCard:Sakuya","Cold Snap","Pot Of Greed","Pot Of Greed","ReplayTheSpireMod:Dual Polarity","Beam Cell","Leap","Conserve Battery","Steam Power","Echo Form+1","Stack+1","Pain","Sunder","Pot Of Greed"],"relics":["Cracked Core","NeowsBlessing","Grinning Jar","Bag of Preparation","Potion Belt","hubris:Towel","hubris:64BitClover","conspire:SlowCooker","hubris:Icosahedron","reliquary:OuijaBoard"],"acts_visited":["Exordium","ruina:Briah"],"potions_floor_usage":[],"damage_taken":[{"damage":0,"enemies":"Cultist","floor":1,"turns":1},{"damage":0,"enemies":"2 Louse","floor":3,"turns":1},{"damage":0,"enemies":"conspire:RoseBush","floor":5,"turns":1},{"damage":22,"enemies":"Gremlin Nob","floor":6,"turns":4},{"damage":8,"enemies":"3 Louse","floor":7,"turns":3},{"damage":20,"enemies":"Replay:BlueRogue","floor":8,"turns":5},{"damage":0,"enemies":"Looter","floor":10,"turns":3},{"damage":8,"enemies":"HollowMod:MossKnight","floor":14,"turns":6},{"damage":22,"enemies":"The Guardian","floor":16,"turns":12},{"damage":9,"enemies":"ruina:BadWolf","floor":18,"turns":6},{"damage":21,"enemies":"ruina:Nosferatu","floor":22,"turns":5},{"damage":50,"enemies":"ruina:Mountain","floor":23,"turns":5}],"seed_played":"-5001762698864834581","potions_obtained":[{"floor":5,"key":"AttackPotion"},{"floor":7,"key":"Energy Potion"},{"floor":10,"key":"SteroidPotion"},{"floor":18,"key":"FearPotion"}],"is_trial":false,"path_per_floor":["M","$","M","?","M","E","M","E","T","M","R","?","?","E","R","B",null,"M","?","?","?","M","E"],"character_chosen":"DEFECT","items_purchased":["Defragment"],"campfire_rested":2,"item_purchase_floors":[2],"current_hp_per_floor":[75,75,75,75,75,53,45,25,25,25,47,47,47,39,61,39,75,66,66,66,66,45,0,0],"gold":335,"neow_bonus":"THREE_ENEMY_KILL","is_daily":false,"chose_seed":false,"campfire_upgraded":0,"win_rate":0.0,"timestamp":1613482125,"path_taken":["M","$","?","?","M","E","M","E","T","M","R","?","?","E","R","BOSS","M","?","?","?","?","E"],"items_purchased_type":["Card"],"build_version":"2020-12-22","purchased_purges":0,"victory":false,"max_hp_per_floor":[75,75,75,75,75,75,75,75,75,75,75,75,75,75,75,75,75,75,75,75,75,75,75,75],"card_choices":[{"not_picked":["Sunder","Stack"],"picked":"Rebound","floor":1},{"not_picked":["Aggregate","Lockon"],"picked":"Ball Lightning","floor":3},{"not_picked":["Ball Lightning","Turbo"],"picked":"Cold Snap","floor":5},{"not_picked":["BasicCrystalCard","Coolheaded"],"picked":"ReplayTheSpireMod:Dual Polarity","floor":6},{"not_picked":["Turbo","Meteor Strike"],"picked":"Beam Cell","floor":7},{"not_picked":["Coolheaded","ReplayTheSpireMod:System Scan"],"picked":"Leap","floor":8},{"not_picked":["Stack","Leap"],"picked":"Conserve Battery","floor":10},{"not_picked":["Skim","Darkness"],"picked":"Steam Power","floor":14},{"not_picked":["hubris:SpecializedCircuitry","Electrodynamics"],"picked":"Echo Form","floor":16},{"not_picked":["Beam Cell","Skim"],"picked":"Stack+1","floor":18},{"not_picked":["Beam Cell+1","Reinforced Body"],"picked":"Sunder","floor":22}],"player_experience":293620,"relics_obtained":[{"floor":6,"key":"Grinning Jar"},{"floor":8,"key":"Bag of Preparation"},{"floor":9,"key":"Potion Belt"},{"floor":14,"key":"hubris:64BitClover"}],"event_choices":[],"is_beta":false,"boss_relics":[{"not_picked":["hubris:Backtick","Cursed Key"],"picked":"conspire:SlowCooker"}],"items_purged_floors":[],"is_endless":false,"potions_floor_spawned":[5,7,10,18],"killed_by":"ruina:Mountain","ascension_level":1}}