{"host":"no5f9c6q31porkj5","time":1613471048,"event":{"mods":["BaseMod","Marisa£¨Ùöéë¡¡Øª×âÞÞ£©","Minty Spire (QoL Compilation)","StSLib","Td1madao Mod","The Cursed","The Gatherer","The Runesmith"],"gold_per_floor":[113,113,999999437,999999437,999998695,999998695,999998695,999998695,999998695,999998695,999998048,999998112,999997663,999997673,999997673,999997769,999997769,999997781,999997338,999997338,999996693,999996382,999996382,999996382,999996382,999996382,999996382,999996382,999996395,999996395,999996413,999996413,999996513,999996513,999996513,999996513],"floor_reached":35,"language":"KOR","playtime":1314,"items_purged":[],"score":435,"play_id":"025cc97b-eafa-4d2f-8b9b-4ce3f12f877f","local_time":"20210216192408","daily_mods":["Vintage","Time Dilation","Flight"],"is_ascension_mode":false,"campfire_choices":[{"data":"Poisoned Stab","floor":6,"key":"SMITH"},{"data":"Neutralize","floor":7,"key":"SMITH"},{"data":"Defend_G","floor":10,"key":"SMITH"},{"data":"Defend_G","floor":15,"key":"SMITH"},{"data":"After Image","floor":23,"key":"SMITH"},{"data":"Defend_G","floor":25,"key":"SMITH"},{"data":"Defend_G","floor":27,"key":"SMITH"},{"data":"Defend_G","floor":28,"key":"SMITH"},{"data":"Strike_G","floor":32,"key":"SMITH"}],"circlet_count":0,"master_deck":["Strike_G","Strike_G","Strike_G+1","Strike_G","Strike_G","Defend_G+1","Defend_G+1","Defend_G+1","Defend_G+1","Defend_G+1","Neutralize+1","Poisoned Stab+1","Enlightenment+1","Crippling Poison+1","After Image+1","Envenom"],"relics":["Ring of the Serpent","Question Card","Toxic Egg 2","Unceasing Top","Matryoshka","Tingsha","Chemical X","Thread and Needle","Letter Opener","Paper Crane","Frozen Eye","Sundial","PreservedInsect","Bottled Lightning","Lee\u0027s Waffle","Vajra","Happy Flower","CaptainsWheel","FossilizedHelix","Bag of Preparation","ClockworkSouvenir","Shuriken","Gremlin Horn","HandDrill","Potion Belt","Strawberry","Kunai","Ninja Scroll","HornCleat","Eternal Feather","Bronze Scales"],"acts_visited":["Exordium","TheCity","TheBeyond"],"potions_floor_usage":[],"damage_taken":[{"damage":0,"enemies":"2 Louse","floor":1,"turns":4},{"damage":6,"enemies":"Lagavulin Event","floor":12,"turns":5},{"damage":0,"enemies":"Jaw Worm","floor":14,"turns":2},{"damage":24,"enemies":"Slime Boss","floor":16,"turns":10},{"damage":7,"enemies":"Spheric Guardian","floor":18,"turns":6},{"damage":0,"enemies":"3 Byrds","floor":29,"turns":4},{"damage":0,"enemies":"Snecko","floor":31,"turns":4},{"damage":0,"enemies":"Automaton","floor":33,"turns":13},{"damage":0,"enemies":"3 Shapes","floor":35,"turns":1}],"seed_played":"7968787208460658241","potions_obtained":[{"floor":1,"key":"PowerPotion"},{"floor":12,"key":"ColorlessPotion"},{"floor":16,"key":"SteroidPotion"},{"floor":24,"key":"DistilledChaos"},{"floor":24,"key":"SpeedPotion"}],"is_trial":true,"path_per_floor":["M","?","$","?","$","R","R","?","T","R","$","?","$","M","R","B",null,"M","$","?","$","$","R","?","R","T","R","R","M","?","M","R","B",null,"M"],"character_chosen":"THE_SILENT","items_purchased":["Poisoned Stab","Toxic Egg 2","Unceasing Top","Tingsha","Chemical X","Thread and Needle","Frozen Eye","Sundial","PreservedInsect","Enlightenment+1","Lee\u0027s Waffle","Vajra","Happy Flower","After Image","Bag of Preparation","ClockworkSouvenir","Shuriken","Gremlin Horn","HandDrill","Potion Belt","Strawberry"],"campfire_rested":0,"item_purchase_floors":[3,3,3,5,5,5,11,11,11,11,13,13,13,19,19,19,21,21,21,22,22],"current_hp_per_floor":[70,63,63,60,60,60,60,60,60,60,60,54,77,77,77,53,77,70,70,70,70,77,77,77,77,77,77,77,77,77,77,84,84,84,84,84],"gold":999996513,"neow_bonus":"","is_daily":false,"chose_seed":false,"campfire_upgraded":9,"win_rate":0.0,"timestamp":1613471048,"path_taken":["M","?","$","?","$","R","R","?","T","R","$","?","?","?","R","BOSS","M","$","?","$","$","R","?","R","T","R","R","?","?","?","R","BOSS","M"],"items_purchased_type":["Card","Relic","Relic","Relic","Relic","Relic","Relic","Relic","Relic","Card","Relic","Relic","Relic","Card","Relic","Relic","Relic","Relic","Relic","Relic","Relic"],"build_version":"2020-12-22","purchased_purges":0,"victory":false,"max_hp_per_floor":[70,70,70,70,70,70,70,70,70,70,70,70,77,77,77,77,77,77,77,77,77,84,84,84,84,84,84,84,84,84,84,84,84,84,84,84],"card_choices":[{"not_picked":["Escape Plan+1","Masterful Stab","Sucker Punch"],"picked":"Crippling Poison+1","floor":12},{"not_picked":["Unload","Corpse Explosion+1","Venomology+1"],"picked":"Envenom","floor":33}],"player_experience":140869,"relics_obtained":[{"floor":1,"key":"Question Card"},{"floor":9,"key":"Letter Opener"},{"floor":9,"key":"Paper Crane"},{"floor":12,"key":"Bottled Lightning"},{"floor":14,"key":"CaptainsWheel"},{"floor":18,"key":"FossilizedHelix"},{"floor":26,"key":"Kunai"},{"floor":26,"key":"Ninja Scroll"},{"floor":29,"key":"HornCleat"},{"floor":30,"key":"Eternal Feather"},{"floor":31,"key":"Bronze Scales"}],"event_choices":[{"cards_removed":["Survivor"],"damage_healed":0,"gold_gain":0,"player_choice":"Card Removal","damage_taken":7,"max_hp_gain":0,"max_hp_loss":0,"event_name":"Golden Wing","floor":2,"gold_loss":0},{"damage_healed":0,"gold_gain":0,"player_choice":"Success","damage_taken":3,"relics_obtained":["Matryoshka"],"max_hp_gain":0,"max_hp_loss":0,"event_name":"Scrap Ooze","floor":4,"gold_loss":0},{"damage_healed":0,"gold_gain":0,"player_choice":"Ignored","damage_taken":0,"max_hp_gain":0,"max_hp_loss":0,"event_name":"Liars Game","floor":8,"gold_loss":0},{"damage_healed":0,"gold_gain":0,"player_choice":"Searched \u00271\u0027 times","damage_taken":0,"max_hp_gain":0,"max_hp_loss":0,"event_name":"Dead Adventurer","floor":12,"gold_loss":0},{"damage_healed":0,"gold_gain":0,"player_choice":"Ignored","damage_taken":0,"max_hp_gain":0,"max_hp_loss":0,"event_name":"Beggar","floor":20,"gold_loss":0},{"damage_healed":0,"gold_gain":0,"player_choice":"Got Potions","damage_taken":0,"max_hp_gain":0,"max_hp_loss":0,"event_name":"Lab","floor":24,"gold_loss":0},{"damage_healed":0,"gold_gain":0,"player_choice":"Relic","damage_taken":0,"max_hp_gain":0,"max_hp_loss":0,"event_name":"Wheel of Change","floor":30,"gold_loss":0}],"is_beta":false,"boss_relics":[{"not_picked":["Ectoplasm","Runesmith:UraniumAnvil","Sozu"]},{"not_picked":["Cursed Key","Velvet Choker"],"picked":"Ring of the Serpent"}],"items_purged_floors":[],"is_endless":true,"potions_floor_spawned":[1,12,16,29,31],"killed_by":"3 Shapes","ascension_level":0}}