{"host":"9rqxlbwknj581inl","time":1613451999,"event":{"mods":["BaseMod","Colored Map","Colored Powertips","Minty Spire (QoL Compilation)","Quick Restart","Random Character Mod"],"gold_per_floor":[210,210,221,238,15,15,27,53,53,71,94,109,135,154,154,154,154],"floor_reached":16,"language":"ENG","playtime":1488,"items_purged":["Strike_R"],"score":139,"play_id":"830d6944-eb21-4c24-87ca-0a017253d46d","local_time":"20210215220639","is_ascension_mode":false,"campfire_choices":[{"data":"Bash","floor":6,"key":"SMITH"},{"data":"Rupture","floor":15,"key":"SMITH"}],"circlet_count":0,"master_deck":["Strike_R","Strike_R","Strike_R","Strike_R","Defend_R","Defend_R","Defend_R","Defend_R","Bash+1","Warcry","Battle Trance","Offering","Thunderclap","Hemokinesis","Inflame","Evolve","Rupture+1","Shockwave","Rage","Combust"],"relics":["Burning Blood","Orichalcum","Anchor","MealTicket","Ancient Tea Set","Pear"],"acts_visited":["Exordium"],"potions_floor_usage":[8,13],"damage_taken":[{"damage":8,"enemies":"Jaw Worm","floor":1,"turns":4},{"damage":6,"enemies":"Cultist","floor":3,"turns":2},{"damage":9,"enemies":"2 Louse","floor":4,"turns":2},{"damage":12,"enemies":"Blue Slaver","floor":7,"turns":4},{"damage":2,"enemies":"Gremlin Nob","floor":8,"turns":3},{"damage":8,"enemies":"Looter","floor":10,"turns":2},{"damage":31,"enemies":"Gremlin Gang","floor":12,"turns":5},{"damage":18,"enemies":"Lagavulin","floor":13,"turns":7},{"damage":7,"enemies":"Exordium Wildlife","floor":14,"turns":5},{"damage":45,"enemies":"The Guardian","floor":16,"turns":7}],"seed_played":"-6774105324206691196","potions_obtained":[{"floor":3,"key":"AttackPotion"},{"floor":4,"key":"ElixirPotion"},{"floor":7,"key":"SkillPotion"},{"floor":13,"key":"Explosive Potion"}],"is_trial":false,"path_per_floor":["M","?","M","M","$","R","M","E","T","M","T","M","E","M","R","B"],"character_chosen":"IRONCLAD","items_purchased":["Orichalcum"],"campfire_rested":0,"item_purchase_floors":[5],"current_hp_per_floor":[78,78,78,75,75,75,69,73,73,71,71,46,44,43,43,0,0],"gold":154,"neow_bonus":"HUNDRED_GOLD","is_daily":false,"chose_seed":false,"campfire_upgraded":2,"win_rate":0.0,"timestamp":1613451999,"path_taken":["M","?","M","M","$","R","?","E","T","M","?","M","E","M","R","BOSS"],"items_purchased_type":["Relic"],"build_version":"2020-12-22","purchased_purges":1,"victory":false,"max_hp_per_floor":[80,80,80,80,80,80,80,80,80,80,80,80,90,90,90,90,90],"card_choices":[{"not_picked":["Iron Wave","Clash"],"picked":"Warcry","floor":1},{"not_picked":["Iron Wave","Flex"],"picked":"Thunderclap","floor":3},{"not_picked":["Carnage","Thunderclap"],"picked":"Hemokinesis","floor":4},{"not_picked":["Body Slam","Hemokinesis"],"picked":"Inflame","floor":7},{"not_picked":["Perfected Strike","Flex"],"picked":"Evolve","floor":8},{"not_picked":["Searing Blow","Fiend Fire"],"picked":"Rupture","floor":10},{"not_picked":["Anger","Wild Strike"],"picked":"Shockwave","floor":12},{"not_picked":["Pummel","Sever Soul"],"picked":"Rage","floor":13},{"not_picked":["Burning Pact","Wild Strike"],"picked":"Combust","floor":14}],"player_experience":279875,"relics_obtained":[{"floor":8,"key":"Anchor"},{"floor":9,"key":"MealTicket"},{"floor":11,"key":"Ancient Tea Set"},{"floor":13,"key":"Pear"}],"event_choices":[{"damage_healed":0,"gold_gain":0,"player_choice":"2 cards matched","damage_taken":0,"max_hp_gain":0,"max_hp_loss":0,"event_name":"Match and Keep!","floor":2,"gold_loss":0,"cards_obtained":["Battle Trance","Offering"]}],"is_beta":false,"boss_relics":[],"items_purged_floors":[5],"is_endless":false,"potions_floor_spawned":[3,4,7,13],"killed_by":"The Guardian","ascension_level":0}}