{"host":"v86vpwf004p2esb7","time":1613433926,"event":{"mods":["AchievementEnabler","BaseMod","BetterRewards","Colored Powertips","Minty Spire (QoL Compilation)","Quick Restart","StSLib","Transform Curses"],"gold_per_floor":[110,124,136,147,147,147,147,147],"floor_reached":7,"language":"ENG","playtime":273,"items_purged":[],"score":45,"play_id":"3deb5dd3-ceb0-44bf-acde-31bb0b2ce9a1","local_time":"20210215160526","is_ascension_mode":true,"campfire_choices":[{"data":"Blade Dance","floor":6,"key":"SMITH"}],"circlet_count":0,"master_deck":["Strike_G","Strike_G","Strike_G","Strike_G","Strike_G","Defend_G","Defend_G","Defend_G","Defend_G","Defend_G","Survivor","Neutralize","Dodge and Roll","Blade Dance+1","Blade Dance","Dagger Spray","Calculated Gamble","Noxious Fumes+1","Distraction","Dodge and Roll"],"relics":["Ring of the Snake","Prayer Wheel","Incense Burner","Ninja Scroll"],"acts_visited":["Exordium"],"potions_floor_usage":[],"damage_taken":[{"damage":0,"enemies":"Jaw Worm","floor":1,"turns":3},{"damage":0,"enemies":"Small Slimes","floor":2,"turns":3},{"damage":0,"enemies":"2 Louse","floor":3,"turns":2},{"damage":6,"enemies":"Exordium Thugs","floor":4,"turns":4},{"damage":0,"enemies":"Lagavulin","floor":7,"turns":2}],"seed_played":"-3767077416131839306","potions_obtained":[{"floor":3,"key":"PowerPotion"},{"floor":4,"key":"EssenceOfSteel"}],"is_trial":false,"path_per_floor":["M","M","M","M","?","R","E"],"character_chosen":"THE_SILENT","items_purchased":["Prayer Wheel","Ninja Scroll","Dodge and Roll"],"campfire_rested":0,"item_purchase_floors":[0,0,0],"current_hp_per_floor":[38,38,38,32,32,32,32,32],"gold":147,"neow_bonus":"","is_daily":false,"chose_seed":false,"campfire_upgraded":1,"win_rate":0.0,"timestamp":1613433926,"path_taken":["M","M","M","M","?","R","E"],"items_purchased_type":["Relic","Relic","Card"],"build_version":"2020-12-22","purchased_purges":0,"victory":false,"max_hp_per_floor":[70,70,70,70,70,70,70,70],"card_choices":[{"not_picked":["Sucker Punch","Dodge and Roll"],"picked":"Blade Dance","floor":1},{"not_picked":["Acrobatics","Bouncing Flask","Skewer"],"picked":"SKIP","floor":1},{"not_picked":["Slice","Choke"],"picked":"Blade Dance","floor":2},{"not_picked":["Underhanded Strike","Backflip"],"picked":"Dagger Spray","floor":2},{"not_picked":["Acrobatics","Deadly Poison"],"picked":"Calculated Gamble","floor":3},{"not_picked":["Concentrate","Well Laid Plans"],"picked":"Noxious Fumes","floor":3},{"not_picked":["Sucker Punch","Caltrops"],"picked":"Distraction","floor":4},{"not_picked":["Endless Agony","Quick Slash"],"picked":"Dodge and Roll","floor":4}],"player_experience":265910,"relics_obtained":[],"event_choices":[{"damage_healed":0,"gold_gain":0,"player_choice":"Grow","damage_taken":0,"max_hp_gain":0,"max_hp_loss":0,"event_name":"Living Wall","floor":5,"gold_loss":0,"cards_upgraded":["Noxious Fumes"]}],"is_beta":false,"boss_relics":[],"items_purged_floors":[],"is_endless":false,"potions_floor_spawned":[3,4],"killed_by":"Lagavulin","ascension_level":1}}