{"host":"mljkxr5b6an9e5iz","time":1613481005,"event":{"mods":["AchievementEnabler","Aspiration","BaseMod","Colored Map","Downfall","Minty Spire (QoL Compilation)","Permanent Neow","Reliquary","StSLib"],"gold_per_floor":[118,134,134,134,157,171,171,195,195,195,219,219,244,267,267,392,392,416,160,160,173,173,173,173],"floor_reached":23,"language":"ENG","playtime":2831,"items_purged":["Strike_R"],"score":235,"play_id":"b41cac63-4c5e-4c1e-9717-f16718edb89d","local_time":"20210216141005","is_ascension_mode":false,"campfire_choices":[{"data":"Rupture","floor":7,"key":"SMITH"},{"data":"Armaments","floor":10,"key":"SMITH"},{"floor":12,"key":"REST"},{"floor":15,"key":"REST"}],"circlet_count":0,"master_deck":["Defend_R","Defend_R","Defend_R","Defend_R","Bash","Hemokinesis","Rupture+1","Heavy Blade","Battle Trance","Armaments+1","Bloodletting","Intimidate","Inflame","Limit Break","Flex+1","Inflame","Dual Wield","Slimebound:Tackle+1","Slimebound:Tackle+1","Slimebound:Tackle+1"],"relics":["Burning Blood","Golden Idol","aspiration:SeaSaltIceCream","aspiration:Nostalgia","champ:ChampionCrown","Black Star","MutagenicStrength"],"acts_visited":["Exordium","TheCity"],"potions_floor_usage":[14,16,16,23,23],"damage_taken":[{"damage":2,"enemies":"Small Slimes","floor":1,"turns":2},{"damage":3,"enemies":"Jaw Worm","floor":2,"turns":5},{"damage":6,"enemies":"Cultist","floor":5,"turns":4},{"damage":15,"enemies":"Blue Slaver","floor":6,"turns":6},{"damage":9,"enemies":"Looter","floor":8,"turns":4},{"damage":10,"enemies":"Red Slaver","floor":11,"turns":4},{"damage":5,"enemies":"3 Louse","floor":13,"turns":3},{"damage":17,"enemies":"Exordium Thugs","floor":14,"turns":4},{"damage":9,"enemies":"Slime Boss","floor":16,"turns":8},{"damage":17,"enemies":"Chosen","floor":18,"turns":4},{"damage":33,"enemies":"Shell Parasite","floor":21,"turns":6},{"damage":60,"enemies":"Slavers","floor":23,"turns":4}],"seed_played":"-974449568983992971","potions_obtained":[{"floor":1,"key":"Dexterity Potion"},{"floor":2,"key":"DistilledChaos"},{"floor":5,"key":"Block Potion"},{"floor":14,"key":"Regen Potion"}],"is_trial":false,"path_per_floor":["M","M","?","?","M","M","R","M","T","R","M","R","M","M","R","B",null,"M","$","?","M","?","E"],"character_chosen":"IRONCLAD","items_purchased":["Inflame","Dual Wield","DuplicationPotion"],"campfire_rested":2,"item_purchase_floors":[19,19,19],"current_hp_per_floor":[80,80,60,60,60,51,51,48,48,48,44,68,69,58,80,77,80,69,69,69,42,42,0,0],"gold":173,"neow_bonus":"THREE_CARDS","is_daily":false,"chose_seed":false,"campfire_upgraded":2,"win_rate":0.0,"timestamp":1613481005,"path_taken":["M","M","?","?","M","M","R","?","T","R","?","R","M","M","R","BOSS","M","$","?","M","?","E"],"items_purchased_type":["Card","Card","Potion"],"build_version":"2020-12-22","purchased_purges":1,"victory":false,"max_hp_per_floor":[80,80,80,80,80,80,80,80,80,80,80,80,80,80,80,80,80,80,80,80,80,80,80,80],"card_choices":[{"not_picked":["Pommel Strike","Carnage"],"picked":"Hemokinesis","floor":0},{"not_picked":["Carnage","Pummel"],"picked":"Rupture","floor":1},{"not_picked":["Dropkick","Reckless Charge"],"picked":"Heavy Blade","floor":2},{"not_picked":["Pommel Strike","Sever Soul","Headbutt"],"picked":"SKIP","floor":5},{"not_picked":["Body Slam","Warcry"],"picked":"Armaments","floor":6},{"not_picked":["Clothesline","Warcry"],"picked":"Bloodletting","floor":8},{"not_picked":["Power Through","Armaments"],"picked":"Intimidate","floor":11},{"not_picked":["Shrug It Off","Sword Boomerang"],"picked":"Inflame","floor":13},{"not_picked":["Body Slam","Perfected Strike","Clothesline"],"picked":"SKIP","floor":14},{"not_picked":["Fiend Fire","Berserk"],"picked":"Limit Break","floor":16},{"not_picked":["Iron Wave","Combust"],"picked":"Flex+1","floor":18},{"not_picked":["Anger+1","Intimidate","Rupture"],"picked":"SKIP","floor":21}],"player_experience":6056,"relics_obtained":[{"floor":9,"key":"aspiration:SeaSaltIceCream"}],"event_choices":[{"damage_healed":0,"gold_gain":0,"player_choice":"Take Damage","damage_taken":20,"relics_obtained":["Golden Idol"],"max_hp_gain":0,"max_hp_loss":0,"event_name":"Golden Idol","floor":3,"gold_loss":0},{"damage_healed":0,"gold_gain":0,"cards_transformed":["Strike_R"],"player_choice":"Change","damage_taken":0,"max_hp_gain":0,"max_hp_loss":0,"event_name":"Living Wall","floor":4,"gold_loss":0,"cards_obtained":["Battle Trance"]},{"damage_healed":0,"gold_gain":0,"player_choice":"Inject Mutagens","damage_taken":0,"relics_obtained":["MutagenicStrength"],"max_hp_gain":0,"max_hp_loss":0,"event_name":"Drug Dealer","floor":22,"gold_loss":0}],"is_beta":false,"boss_relics":[{"not_picked":["Coffee Dripper","Black Blood"],"picked":"Black Star"}],"items_purged_floors":[19],"is_endless":false,"potions_floor_spawned":[1,2,5,14],"killed_by":"Slavers","ascension_level":0}}