{"host":"wwt1zra1toemgy1w","time":1613440487,"event":{"mods":["BaseMod","Lobotomy","Minty Spire (QoL Compilation)","StSLib"],"gold_per_floor":[117,117,130,55,128,128,147,147,147,47,47,23,40,54,54,149,199,199],"floor_reached":17,"language":"ENG","playtime":1042,"items_purged":["Strike_B","Strike_B"],"score":145,"play_id":"5c340edb-c757-41a5-b131-cf54cf8d398f","local_time":"20210215175447","is_ascension_mode":false,"campfire_choices":[{"data":"Dualcast","floor":6,"key":"SMITH"},{"data":"Beam Cell","floor":8,"key":"SMITH"},{"floor":15,"key":"REST"}],"circlet_count":0,"master_deck":["Strike_B","Strike_B","Defend_B","Defend_B","Defend_B","Defend_B","Zap","Dualcast+1","Murderer","Gash","OSAHOGD","Gash","Porccubus","Beam Cell+1","Compile Driver","ShyLook","Leap","MHz","Go for the Eyes+1","Funeral","Biased Cognition","Steam"],"relics":["Cracked Core","CogitoBucket","Toy Ornithopter","Mercury Hourglass","Shuriken","Tiny House"],"acts_visited":["Exordium","TheCity"],"potions_floor_usage":[16,16],"damage_taken":[{"damage":6,"enemies":"Jaw Worm","floor":1,"turns":3},{"damage":1,"enemies":"Cultist","floor":3,"turns":3},{"damage":10,"enemies":"Small Slimes","floor":7,"turns":2},{"damage":11,"enemies":"3 Louse","floor":13,"turns":2},{"damage":3,"enemies":"Blue Slaver","floor":14,"turns":2},{"damage":51,"enemies":"Hexaghost","floor":16,"turns":8}],"seed_played":"-2834699569906144689","potions_obtained":[{"floor":1,"key":"SkillPotion"},{"floor":3,"key":"FocusPotion"},{"floor":13,"key":"Fire Potion"},{"floor":14,"key":"SmokeBomb"},{"floor":17,"key":"EntropicBrew"}],"is_trial":false,"path_per_floor":["M","?","M","$","T","R","M","R","T","$","?","$","M","M","R","B",null],"character_chosen":"DEFECT","items_purchased":["Compile Driver"],"campfire_rested":1,"item_purchase_floors":[12],"current_hp_per_floor":[69,69,68,68,68,68,58,58,58,58,58,58,47,44,66,25,80,80],"gold":199,"neow_bonus":"","is_daily":false,"chose_seed":false,"campfire_upgraded":2,"win_rate":0.0,"timestamp":1613440487,"path_taken":["M","?","M","$","?","R","M","R","T","$","?","$","M","M","R","BOSS"],"items_purchased_type":["Card"],"build_version":"2020-12-22","purchased_purges":2,"victory":false,"max_hp_per_floor":[75,75,75,75,75,75,75,75,75,75,75,75,75,75,75,75,80,80],"card_choices":[{"not_picked":["BeautyBeast","SpiderBud"],"picked":"Murderer","floor":1},{"not_picked":["Redo","Force Field"],"picked":"Gash","floor":1},{"not_picked":["Scorched","LittleHelper"],"picked":"OSAHOGD","floor":3},{"not_picked":["Beam Cell","Skim"],"picked":"Gash","floor":3},{"not_picked":["WallGazer","Scorched"],"picked":"Porccubus","floor":7},{"not_picked":["Streamline","Hologram"],"picked":"Beam Cell","floor":7},{"not_picked":["CherryBlossoms","UniverseFragment"],"picked":"ShyLook","floor":13},{"not_picked":["Steam Power","Loop"],"picked":"Leap","floor":13},{"not_picked":["MeatLantern","CherryBlossoms"],"picked":"MHz","floor":14},{"not_picked":["Beam Cell","Steam Power"],"picked":"Go for the Eyes","floor":14},{"not_picked":["Wellcheers","SpiderBud"],"picked":"Funeral","floor":16},{"not_picked":["Electrodynamics","Thunder Strike"],"picked":"Biased Cognition","floor":16},{"not_picked":["Heatsinks","Compile Driver"],"picked":"Steam","floor":17}],"player_experience":4692,"relics_obtained":[{"floor":5,"key":"Mercury Hourglass"},{"floor":9,"key":"Shuriken"}],"event_choices":[{"damage_healed":0,"gold_gain":0,"player_choice":"Gave Potion","damage_taken":0,"relics_obtained":["Toy Ornithopter"],"max_hp_gain":0,"max_hp_loss":0,"event_name":"WeMeetAgain","floor":2,"gold_loss":0},{"damage_healed":0,"gold_gain":0,"player_choice":"Ignored","damage_taken":0,"max_hp_gain":0,"max_hp_loss":0,"event_name":"Golden Idol","floor":11,"gold_loss":0}],"is_beta":false,"boss_relics":[{"not_picked":["Ectoplasm","Snecko Eye"],"picked":"Tiny House"}],"items_purged_floors":[4,10],"is_endless":false,"potions_floor_spawned":[1,3,13,14],"ascension_level":0}}