{"host":"ymmeoa1x24ihslbm","time":1613516880,"event":{"mods":["AchievementEnabler","BaseMod","Colored Map","Colored Powertips","Defuse TimeMaze Blight","Highlight Path","Minty Spire (QoL Compilation)","Permanent Neow","Quick Restart","StSLib","Unceasing Turn Reminder"],"gold_per_floor":[114,189,189,208,221,221,234,234,234,234,15,45,55,73,73,145,195,212,262,177,197,222,222,222],"floor_reached":23,"language":"ENG","playtime":1306,"items_purged":[],"score":334,"play_id":"8b898655-8736-430b-9c09-1f0a9c076a2e","local_time":"20210217000800","is_ascension_mode":true,"campfire_choices":[{"data":"Sucker Punch","floor":6.0,"key":"SMITH"},{"data":"Distraction","floor":8.0,"key":"SMITH"},{"data":"Neutralize","floor":10.0,"key":"SMITH"},{"data":"Bouncing Flask","floor":15.0,"key":"SMITH"}],"circlet_count":0,"master_deck":["AscendersBane","Strike_G","Strike_G","Strike_G+1","Strike_G","Strike_G","Defend_G","Defend_G","Defend_G","Defend_G","Defend_G+1","Survivor","Neutralize+1","Burst+1","Sucker Punch+1","Slice","Distraction+1","Bouncing Flask+1","Blade Dance","Dodge and Roll","Unload","PiercingWail","Backflip","Skewer+1","Deadly Poison"],"relics":["Ring of the Snake","Eternal Feather","Bronze Scales","Shovel","Tiny House","Anchor","Red Mask"],"acts_visited":["Exordium","TheCity"],"potions_floor_usage":[],"damage_taken":[{"damage":0.0,"enemies":"2 Louse","floor":1.0,"turns":3.0},{"damage":4.0,"enemies":"Small Slimes","floor":4.0,"turns":4.0},{"damage":0.0,"enemies":"Jaw Worm","floor":5.0,"turns":5.0},{"damage":5.0,"enemies":"Red Slaver","floor":7.0,"turns":4.0},{"damage":6.0,"enemies":"3 Sentries","floor":12.0,"turns":6.0},{"damage":1.0,"enemies":"2 Fungi Beasts","floor":13.0,"turns":3.0},{"damage":12.0,"enemies":"3 Louse","floor":14.0,"turns":2.0},{"damage":17.0,"enemies":"The Guardian","floor":16.0,"turns":8.0},{"damage":0.0,"enemies":"3 Byrds","floor":18.0,"turns":2.0},{"damage":0.0,"enemies":"Chosen","floor":21.0,"turns":4.0},{"damage":21.0,"enemies":"Masked Bandits","floor":22.0,"turns":6.0},{"damage":41,"enemies":"Gremlin Leader","floor":23,"turns":4}],"seed_played":"7606045252352446538","potions_obtained":[{"floor":5.0,"key":"Energy Potion"},{"floor":7.0,"key":"BlessingOfTheForge"},{"floor":12.0,"key":"Dexterity Potion"},{"floor":16.0,"key":"Poison Potion"},{"floor":17.0,"key":"Fire Potion"}],"is_trial":false,"path_per_floor":["M","?","?","M","M","R","M","R","T","R","$","E","M","M","R","B",null,"M","?","?","M","?","E"],"character_chosen":"THE_SILENT","items_purchased":["Bronze Scales","Bouncing Flask"],"campfire_rested":0,"item_purchase_floors":[11,11],"current_hp_per_floor":[59,48,28,24,24,24,19,19,19,28,28,22,21,9,21,4,56,56,56,56,56,35,0,0],"gold":222,"neow_bonus":"ONE_RANDOM_RARE_CARD","is_daily":false,"chose_seed":false,"campfire_upgraded":4,"win_rate":0.0,"timestamp":1613516880,"path_taken":["M","?","?","M","?","R","M","R","T","R","?","E","M","M","R","BOSS","M","?","?","M","?","E"],"items_purchased_type":["Relic","Card"],"build_version":"2020-12-22","purchased_purges":0,"victory":false,"max_hp_per_floor":[66,66,66,66,66,66,66,66,66,66,66,66,66,66,66,66,71,71,71,71,71,71,71,71],"card_choices":[{"not_picked":["Cloak And Dagger","Slice"],"picked":"Sucker Punch","floor":1.0},{"not_picked":["Outmaneuver","Bane","Dash"],"picked":"SKIP","floor":4.0},{"not_picked":["Terror","Sucker Punch"],"picked":"Slice","floor":5.0},{"not_picked":["Underhanded Strike","Poisoned Stab"],"picked":"Distraction","floor":7.0},{"not_picked":["PiercingWail","Well Laid Plans"],"picked":"Blade Dance","floor":12.0},{"not_picked":["Wraith Form v2","Sucker Punch","Dagger Throw"],"picked":"SKIP","floor":13.0},{"not_picked":["Acrobatics","Dagger Spray"],"picked":"Dodge and Roll","floor":14.0},{"not_picked":["Wraith Form v2","Malaise"],"picked":"Unload","floor":16.0},{"not_picked":["Dagger Spray","Outmaneuver"],"picked":"PiercingWail","floor":17.0},{"not_picked":["Leg Sweep","Expertise+1"],"picked":"Backflip","floor":18.0},{"not_picked":["Infinite Blades","Masterful Stab"],"picked":"Skewer+1","floor":21.0},{"not_picked":["Riddle With Holes","Deflect"],"picked":"Deadly Poison","floor":22.0}],"player_experience":629412,"relics_obtained":[{"floor":9.0,"key":"Eternal Feather"},{"floor":12.0,"key":"Shovel"},{"floor":22.0,"key":"Red Mask"}],"event_choices":[{"damage_healed":0.0,"max_hp_gain":0.0,"max_hp_loss":0.0,"gold_gain":75.0,"event_name":"World of Goop","player_choice":"Gather Gold","floor":2.0,"gold_loss":0.0,"damage_taken":11.0},{"damage_healed":0.0,"max_hp_gain":0.0,"max_hp_loss":0.0,"gold_gain":0.0,"event_name":"Shining Light","player_choice":"Entered Light","floor":3.0,"gold_loss":0.0,"damage_taken":20.0,"cards_upgraded":["Burst","Strike_G"]},{"damage_healed":0.0,"max_hp_gain":0.0,"max_hp_loss":0.0,"gold_gain":50.0,"event_name":"Nest","player_choice":"Stole From Cult","floor":19.0,"gold_loss":0.0,"damage_taken":0.0},{"damage_healed":0.0,"max_hp_gain":0.0,"max_hp_loss":0.0,"gold_gain":0.0,"event_name":"Addict","player_choice":"Obtained Relic","floor":20.0,"gold_loss":85.0,"damage_taken":0.0,"relics_obtained":["Anchor"]},{"damage_healed":0.0,"max_hp_gain":0.0,"max_hp_loss":0.0,"gold_gain":0.0,"event_name":"Masked Bandits","player_choice":"Fought Bandits","floor":22.0,"gold_loss":0.0,"damage_taken":0.0}],"is_beta":false,"boss_relics":[{"not_picked":["Sozu","Calling Bell"],"picked":"Tiny House"}],"items_purged_floors":[],"is_endless":false,"potions_floor_spawned":[5,7,12,16,21],"killed_by":"Gremlin Leader","ascension_level":15}}