{"host":"26n6m4vwjk8adcm5","time":1613484447,"event":{"mods":["AchievementEnabler","BaseMod","Koishi","KomeijiMod","Minty Spire (QoL Compilation)","Replay The Spire","StSLib","[IsaacMod]ÒÔÈö¼âËþ"],"gold_per_floor":[172,347,393,413,427,457,473,473,473,483,230,230,280,291,291,387,387,401,401,47,47,63,90,90,104,128,144,159,176,176,176,176,277,277,287,287,287,304,106,106,122,156,156,188,188,88,102,49,49,49],"floor_reached":51,"language":"ZHS","playtime":5602,"items_purged":["Doubt"],"score":977,"play_id":"2df7e632-63f5-4b01-bf27-a11a30bbca2a","local_time":"20210216220727","is_ascension_mode":false,"campfire_choices":[{"data":"DoctorFetus","floor":8.0,"key":"SMITH"},{"data":"PartStrengthen","floor":12.0,"key":"SMITH"},{"data":"DemonsDinnerFork_Remiria","floor":15.0,"key":"SMITH"},{"floor":24.0,"key":"REST"},{"data":"Replay:BasicMightCard","floor":32.0,"key":"SMITH"},{"data":"FateMeister","floor":40,"key":"SMITH"},{"data":"CombatMeter","floor":45,"key":"SMITH"},{"data":"FitfulNightmare","floor":49,"key":"SMITH"}],"circlet_count":0,"master_deck":["Strike_Remiria","Strike_Remiria","Strike_Remiria","Strike_Remiria","Defend_Remirira","Defend_Remirira","Defend_Remirira","Defend_Remirira","Absorbed","Scratch","DoctorFetus+1","PartStrengthen+1","FierceSweep","DemonsDinnerFork_Remiria+1","DamonLordCradle_Remiria","PartStrengthen","Feint","DemonsDinnerFork_Remiria","Replay:BasicMightCard+1","BloodyMagicSquare","StigmaNizer","FateMeister+1","FateEnsemble","FitfulNightmare+1","Master of Strategy","FateSonata","Impregnable","Replay:BasicMightCard","FierceSweep","CombatMeter+1","Dark Shackles","BloodCollect","DemonsDinnerFork_Remiria","PartStrengthen","RedtheNightlessCastle","BloodySuit+1","FastHealing","BloodCleaner","J.A.X.","MiserableFate_Remiria","CruelSlaughter","BodyStrengthen+1","BloodCleaner","Parasite","DoubleEdge","YoungDemonLord+1","BodyStrengthen+1","PartStrengthen+1","NightDance+1","NightDance+1","VampireKiss_Remiria+1","RocketKickup"],"relics":["ThirstyCrossSpe","HushsDoor","D6","Simple Rune","Replay:Bottled Flurry","Leech","Meat on the Bone","Snack Pack","Philosopher\u0027s Stone","HowToJump","Ancient Tea Set","Vajra","Coffee Dripper","Replay:Rubber Ducky","Frozen Egg 2","Onion Ring","DoctorsRemote"],"acts_visited":["Exordium","TheCity","TheBeyond"],"potions_floor_usage":[41,44,44,50],"damage_taken":[{"damage":19.0,"enemies":"Jaw Worm","floor":1.0,"turns":4.0},{"damage":0.0,"enemies":"2 Louse","floor":4.0,"turns":3.0},{"damage":1.0,"enemies":"Cultist","floor":5.0,"turns":4.0},{"damage":17.0,"enemies":"Lagavulin","floor":6.0,"turns":6.0},{"damage":15.0,"enemies":"Exordium Thugs","floor":7.0,"turns":5.0},{"damage":0.0,"enemies":"2 Fungi Beasts","floor":10.0,"turns":2.0},{"damage":0.0,"enemies":"Exordium Wildlife","floor":14.0,"turns":3.0},{"damage":23.0,"enemies":"Hexaghost","floor":16.0,"turns":7.0},{"damage":7.0,"enemies":"2 Thieves","floor":18.0,"turns":2.0},{"damage":4.0,"enemies":"3 Byrds","floor":22.0,"turns":3.0},{"damage":69.0,"enemies":"Book of Stabbing","floor":23.0,"turns":6.0},{"damage":36.0,"enemies":"Cultist and Chosen","floor":25.0,"turns":5.0},{"damage":24.0,"enemies":"Snake Plant","floor":27.0,"turns":3.0},{"damage":2.0,"enemies":"Snecko","floor":28.0,"turns":3.0},{"damage":3.0,"enemies":"Centurion and Healer","floor":29.0,"turns":6.0},{"damage":8.0,"enemies":"Pondfish","floor":33.0,"turns":8.0},{"damage":20,"enemies":"3 Darklings","floor":35,"turns":4},{"damage":37,"enemies":"3 Shapes","floor":38,"turns":3},{"damage":0,"enemies":"Writhing Mass","floor":41,"turns":5},{"damage":3,"enemies":"Giant Head","floor":42,"turns":7},{"damage":36,"enemies":"Reptomancer","floor":44,"turns":6},{"damage":6,"enemies":"Spire Growth","floor":47,"turns":5},{"damage":22,"enemies":"Time Eater","floor":50,"turns":11}],"seed_played":"-1374786103990465450","potions_obtained":[{"floor":1.0,"key":"LiquidBronze"},{"floor":5.0,"key":"Fire Potion"},{"floor":6.0,"key":"EssenceOfSteel"},{"floor":10.0,"key":"EssenceOfSteel"},{"floor":14.0,"key":"Fire Potion"},{"floor":23.0,"key":"Dexterity Potion"},{"floor":27.0,"key":"DistilledChaos"},{"floor":28.0,"key":"Energy Potion"},{"floor":33.0,"key":"Energy Potion"},{"floor":38,"key":"Block Potion"},{"floor":42,"key":"AttackPotion"},{"floor":46,"key":"Milkshake"},{"floor":46,"key":"Flashbang"},{"floor":47,"key":"Languid Potion"}],"is_trial":false,"path_per_floor":["M","?","T","M","M","E","M","R","T","M","$","R","?","M","R","B",null,"M","?","$","?","M","E","R","M","T","M","M","M","?","?","R","B",null,"M","?","?","M","$","R","M","E","T","E","R","?","M","$","R","B",null],"character_chosen":"RemiriaScarlet","items_purchased":["DemonsDinnerFork_Remiria","Replay:BasicMightCard","BloodyMagicSquare","Master of Strategy","FateSonata","Impregnable","Replay:BasicMightCard","CombatMeter","Dark Shackles","BloodCollect","HowToJump","BloodCleaner","Replay:Rubber Ducky","RocketKickup"],"campfire_rested":1,"item_purchase_floors":[11,11,11,17,17,17,17,20,20,20,20,39,39,48],"current_hp_per_floor":[71,71,71,71,70,53,38,38,38,52,52,52,52,56,56,47,76,71,71,71,57,60,21,45,32,32,24,45,58,58,58,58,64,81,66,50,50,28,28,28,44,64,64,47,47,47,48,48,48,73],"gold":49,"neow_bonus":"ONE_RARE_RELIC","is_daily":false,"chose_seed":false,"campfire_upgraded":7,"win_rate":0.0,"timestamp":1613484447,"path_taken":["M","?","?","M","M","E","?","R","T","M","?","R","?","M","R","BOSS","M","?","$","?","M","E","R","M","T","M","M","M","?","?","R","BOSS","M","?","?","M","$","R","M","E","T","E","R","?","?","$","R","BOSS"],"items_purchased_type":["Card","Card","Card","Card","Card","Card","Card","Card","Card","Card","Relic","Card","Relic","Card"],"build_version":"2020-12-22","purchased_purges":1,"victory":true,"max_hp_per_floor":[90,90,90,90,90,90,90,90,90,90,90,90,90,90,90,90,76,76,76,76,81,81,81,81,81,81,81,81,81,81,81,81,81,81,81,81,81,81,81,81,81,81,81,81,81,81,81,81,81,81],"card_choices":[{"not_picked":[],"picked":"DoctorFetus","floor":0.0},{"not_picked":["Exsanguinate","DamonLordCradle_Remiria"],"picked":"PartStrengthen","floor":1.0},{"not_picked":["ScarletNetherworld","BloodySuit"],"picked":"FierceSweep","floor":4.0},{"not_picked":["RocketKickup","LifeBreak"],"picked":"DemonsDinnerFork_Remiria","floor":5.0},{"not_picked":["ServantFlier","Culling"],"picked":"DamonLordCradle_Remiria","floor":6.0},{"not_picked":["Reaper_Remiria","Tepes"],"picked":"PartStrengthen","floor":7.0},{"not_picked":["DamonLordCradle_Remiria","FateCollect"],"picked":"Feint","floor":10.0},{"not_picked":["TricksterDevil","BloodSurge"],"picked":"StigmaNizer","floor":13.0},{"not_picked":["BloodCollect","MiserableFate_Remiria"],"picked":"FateMeister","floor":13.0},{"not_picked":["Cripple","Bomb"],"picked":"FateEnsemble","floor":14.0},{"not_picked":["RemiliaStretch_Remiria","RedMagic"],"picked":"FitfulNightmare","floor":16.0},{"not_picked":["Cripple+1","BloodySuit"],"picked":"FierceSweep","floor":18.0},{"not_picked":["BodyStrengthen+1","DamonLordCradle_Remiria"],"picked":"DemonsDinnerFork_Remiria","floor":22.0},{"not_picked":["BodyStrengthen","NightDance"],"picked":"PartStrengthen","floor":23.0},{"not_picked":["Tearing","StigmaNizer"],"picked":"RedtheNightlessCastle","floor":25.0},{"not_picked":["DamonLordCradle_Remiria","DoubleEdge"],"picked":"BloodySuit+1","floor":27.0},{"not_picked":["BloodCollect","SeparateFleshBlood"],"picked":"FastHealing","floor":28.0},{"not_picked":["Feint","BloodyMagicSquare"],"picked":"BloodCleaner","floor":29.0},{"not_picked":["StarOfDavid","BloodCoagulation"],"picked":"MiserableFate_Remiria","floor":33.0},{"not_picked":["RocketKickup","VampireClaw"],"picked":"CruelSlaughter","floor":35},{"not_picked":["TricksterDevil+1","BloodySuit+1"],"picked":"BodyStrengthen+1","floor":38},{"not_picked":["TricksterDevil","Paradox+1"],"picked":"DoubleEdge","floor":41},{"not_picked":["CruelSlaughter","VampireKiss_Remiria"],"picked":"YoungDemonLord+1","floor":42},{"not_picked":["LifeBreak","FastHealing+1"],"picked":"BodyStrengthen+1","floor":44},{"not_picked":["Warpath+1","BloodPact"],"picked":"PartStrengthen+1","floor":46},{"not_picked":["ScarletDestiny","PainBurst"],"picked":"NightDance+1","floor":46},{"not_picked":["DoubleEdge+1","LifeBreak"],"picked":"NightDance+1","floor":46},{"not_picked":["BodyStrengthen+1","Tearing"],"picked":"VampireKiss_Remiria+1","floor":47}],"player_experience":141314,"relics_obtained":[{"floor":3.0,"key":"Simple Rune"},{"floor":6.0,"key":"Replay:Bottled Flurry"},{"floor":9.0,"key":"Meat on the Bone"},{"floor":13.0,"key":"Snack Pack"},{"floor":23.0,"key":"Ancient Tea Set"},{"floor":26.0,"key":"Vajra"},{"floor":42,"key":"Frozen Egg 2"},{"floor":43,"key":"Onion Ring"},{"floor":44,"key":"DoctorsRemote"}],"event_choices":[{"damage_healed":0.0,"max_hp_gain":0.0,"max_hp_loss":0.0,"gold_gain":175.0,"event_name":"Liars Game","player_choice":"AGREE","floor":2.0,"gold_loss":0.0,"damage_taken":0.0,"cards_obtained":["Doubt"]},{"damage_healed":0.0,"max_hp_gain":5.0,"max_hp_loss":0.0,"gold_gain":0.0,"event_name":"Forgotten Altar","player_choice":"Shed Blood","floor":21.0,"gold_loss":0.0,"damage_taken":19.0},{"damage_healed":0.0,"max_hp_gain":0.0,"max_hp_loss":0.0,"gold_gain":0.0,"event_name":"Drug Dealer","player_choice":"Obtain J.A.X.","floor":31.0,"gold_loss":0.0,"damage_taken":0.0,"cards_obtained":["J.A.X."]},{"damage_healed":0,"gold_gain":0,"player_choice":"Ignored","damage_taken":0,"max_hp_gain":0,"max_hp_loss":0,"event_name":"Tomb of Lord Red Mask","floor":37,"gold_loss":0}],"is_beta":false,"boss_relics":[{"not_picked":["SacredBark","Calling Bell"],"picked":"Philosopher\u0027s Stone"},{"not_picked":[]},{"not_picked":["ChewingGum","Snecko Eye"],"picked":"Coffee Dripper"},{"not_picked":[]}],"items_purged_floors":[11],"is_endless":false,"potions_floor_spawned":[1,5,6,10,14,23,27,28,33,38,42,47],"ascension_level":0}}