{"host":"eaiphzh066bwqdh7","time":1613506739,"event":{"mods":["AchievementEnabler","BaseMod","Better Note","Colored Powertips","Halation","Hubris","Infinite Spire","Minty Spire (QoL Compilation)","Quick Restart","Reliquary","Replay The Spire","StSLib"],"gold_per_floor":[111,121,45,60,60,60,76,76,101,101,144,144,180,25,25,148,148,173,173,189,46,70,70,70],"floor_reached":23,"language":"ENG","playtime":790,"items_purged":[],"score":239,"play_id":"223be9d9-bc6a-4c01-948f-8d0542948fde","local_time":"20210216151859","is_ascension_mode":true,"campfire_choices":[{"data":"Catalyst","floor":6,"key":"SMITH"},{"data":"Bane","floor":8,"key":"SMITH"},{"data":"Blade Dance","floor":10,"key":"SMITH"},{"floor":15,"key":"REST"}],"circlet_count":0,"master_deck":["Strike_G","Strike_G","Strike_G","Strike_G","Strike_G","Defend_G","Defend_G","Defend_G","Defend_G","Defend_G","Survivor","Neutralize","Blade Dance+1","Dagger Throw","Catalyst+1","Dagger Throw","Injury","Bane+1","Burst","Adrenaline","Venomology","hubris:Sniper","Adrenaline","Crippling Poison+1","Infinite Blades"],"relics":["Replay:Bronze Core","Golden Idol","reliquary:Boomerang","Ginger","halation:PinkSoulGem","Happy Flower","ChewingGum","Potion Belt"],"acts_visited":["Exordium","TheCity"],"potions_floor_usage":[13,16,20,20,23],"damage_taken":[{"damage":0,"enemies":"2 Louse","floor":1,"turns":2},{"damage":5,"enemies":"Small Slimes","floor":2,"turns":3},{"damage":0,"enemies":"Jaw Worm","floor":4,"turns":3},{"damage":3,"enemies":"3 Louse","floor":7,"turns":3},{"damage":16,"enemies":"3 Sentries","floor":11,"turns":8},{"damage":13,"enemies":"Gremlin Nob","floor":13,"turns":4},{"damage":50,"enemies":"Fading Forest","floor":16,"turns":11},{"damage":26,"enemies":"2 Thieves","floor":18,"turns":4},{"damage":7,"enemies":"3 Byrds","floor":20,"turns":5},{"damage":19,"enemies":"Sentry and Sphere","floor":22,"turns":4},{"damage":24,"enemies":"Book of Stabbing","floor":23,"turns":3}],"seed_played":"-7720290699881147604","potions_obtained":[{"floor":2,"key":"BlessingOfTheForge"},{"floor":4,"key":"Energy Potion"},{"floor":7,"key":"BlessingOfTheForge"},{"floor":22,"key":"DuplicationPotion"}],"is_trial":false,"path_per_floor":["M","M","$","M","?","R","M","R","T","R","E","?","E","$","R","B",null,"M","?","M","$","M","E"],"character_chosen":"THE_SILENT","items_purchased":["Catalyst","Adrenaline","Potion Belt"],"campfire_rested":1,"item_purchase_floors":[3,14,21],"current_hp_per_floor":[70,65,65,65,65,65,62,62,62,62,46,46,33,33,54,22,70,44,44,37,37,18,0,0],"gold":70,"neow_bonus":"BOSS_RELIC","is_daily":false,"chose_seed":false,"campfire_upgraded":3,"win_rate":0.0,"timestamp":1613506739,"path_taken":["M","M","$","M","?","R","M","R","T","R","E","?","E","?","R","BOSS","M","?","M","$","?","E"],"items_purchased_type":["Card","Card","Relic"],"build_version":"2020-12-22","purchased_purges":0,"victory":false,"max_hp_per_floor":[70,70,70,70,70,70,70,70,70,70,70,70,70,70,70,70,70,70,70,70,70,70,70,70],"card_choices":[{"not_picked":["Heel Hook","hubris:Counter"],"picked":"Blade Dance","floor":1},{"not_picked":["Quick Slash","Malaise"],"picked":"Dagger Throw","floor":2},{"not_picked":["Flying Knee","Concentrate"],"picked":"Dagger Throw","floor":4},{"not_picked":["Bouncing Flask","Prepared"],"picked":"Bane","floor":7},{"not_picked":["Blur","Riddle With Holes","Flying Knee"],"picked":"SKIP","floor":11},{"not_picked":["ReplayTheSpireMod:Exploit Weakness","Hidden Blade"],"picked":"Burst","floor":13},{"not_picked":["Night Terror","Replay:Bag of Tricks"],"picked":"Venomology","floor":16},{"not_picked":["Acrobatics","Deflect+1"],"picked":"hubris:Sniper","floor":18},{"not_picked":["Backflip+1","Prepared"],"picked":"Crippling Poison+1","floor":20},{"not_picked":["Leg Sweep","ReplayTheSpireMod:Speed Training"],"picked":"Infinite Blades","floor":22}],"player_experience":313956,"relics_obtained":[{"floor":9,"key":"reliquary:Boomerang"},{"floor":11,"key":"Ginger"},{"floor":13,"key":"Happy Flower"}],"event_choices":[{"damage_healed":0,"gold_gain":0,"player_choice":"Take Wound","damage_taken":0,"relics_obtained":["Golden Idol"],"max_hp_gain":0,"max_hp_loss":0,"event_name":"Golden Idol","floor":5,"gold_loss":0,"cards_obtained":["Injury"]},{"damage_healed":0,"gold_gain":0,"player_choice":"Copied","damage_taken":0,"max_hp_gain":0,"max_hp_loss":0,"event_name":"Duplicator","floor":19,"gold_loss":0,"cards_obtained":["Adrenaline"]}],"is_beta":false,"boss_relics":[{"not_picked":["halation:CatFaceCupcake","reliquary:KinkedSpring"],"picked":"ChewingGum"}],"items_purged_floors":[],"is_endless":false,"potions_floor_spawned":[2,4,7,22],"killed_by":"Book of Stabbing","ascension_level":4}}