{"host":"lsq35p0sdkx2xifo","time":1613461731,"event":{"mods":["AchievementEnabler","BaseMod","Highlight Path","Minty Spire (QoL Compilation)","StSLib"],"gold_per_floor":[111,126,126,142,67,95,95,105,105,134,154,189,189,206,206,285,285,305,195,95,109,124,124,124,124],"floor_reached":24,"language":"ENG","playtime":1377,"items_purged":["Strike_R","Defend_R"],"score":436,"play_id":"c78cfe09-b06a-43b4-9f6f-9845fabfb775","local_time":"20210215234851","is_ascension_mode":true,"campfire_choices":[{"floor":7,"key":"REST"},{"floor":13,"key":"REST"},{"floor":15,"key":"REST"},{"floor":23,"key":"REST"}],"circlet_count":0,"master_deck":["AscendersBane","Strike_R","Strike_R","Strike_R","Defend_R","Defend_R","Defend_R","Bash+1","Flame Barrier","Dropkick","Iron Wave","Shrug It Off","Iron Wave","Berserk","Iron Wave+1","Metallicize","Barricade","Shrug It Off+1","Flame Barrier+1","Spot Weakness+1"],"relics":["Burning Blood","NeowsBlessing","Singing Bowl","Shuriken","Question Card","Akabeko","SlaversCollar"],"acts_visited":["Exordium","TheCity"],"potions_floor_usage":[10,11,12,16,18,22,24],"damage_taken":[{"damage":0,"enemies":"Cultist","floor":1,"turns":1},{"damage":1,"enemies":"2 Louse","floor":2,"turns":1},{"damage":0,"enemies":"Jaw Worm","floor":4,"turns":1},{"damage":51,"enemies":"Gremlin Nob","floor":6,"turns":5},{"damage":5,"enemies":"Red Slaver","floor":8,"turns":5},{"damage":40,"enemies":"3 Sentries","floor":10,"turns":13},{"damage":9,"enemies":"Lots of Slimes","floor":11,"turns":5},{"damage":7,"enemies":"Gremlin Nob","floor":12,"turns":3},{"damage":24,"enemies":"Exordium Thugs","floor":14,"turns":6},{"damage":13,"enemies":"The Guardian","floor":16,"turns":8},{"damage":42,"enemies":"Spheric Guardian","floor":18,"turns":12},{"damage":20,"enemies":"3 Byrds","floor":21,"turns":6},{"damage":24,"enemies":"Centurion and Healer","floor":22,"turns":10},{"damage":39,"enemies":"Slavers","floor":24,"turns":4}],"seed_played":"-2320480321573483277","potions_obtained":[{"floor":4,"key":"LiquidBronze"},{"floor":10,"key":"Fire Potion"},{"floor":11,"key":"Swift Potion"},{"floor":14,"key":"ColorlessPotion"},{"floor":16,"key":"Regen Potion"},{"floor":21,"key":"Swift Potion"},{"floor":22,"key":"Block Potion"}],"is_trial":false,"path_per_floor":["M","M","?","M","$","E","R","M","T","E","M","E","R","M","R","B",null,"M","?","$","M","M","R","E"],"character_chosen":"IRONCLAD","items_purchased":[],"campfire_rested":4,"item_purchase_floors":[],"current_hp_per_floor":[74,75,75,75,75,30,52,53,53,19,16,15,37,21,44,37,67,46,46,46,32,14,37,0,0],"gold":124,"neow_bonus":"THREE_ENEMY_KILL","is_daily":false,"chose_seed":false,"campfire_upgraded":0,"win_rate":0.0,"timestamp":1613461731,"path_taken":["M","M","?","M","$","E","R","M","T","E","M","E","R","M","R","BOSS","M","?","$","?","M","R","E"],"items_purchased_type":[],"build_version":"2020-12-22","purchased_purges":2,"victory":false,"max_hp_per_floor":[75,75,75,75,75,75,75,75,75,75,75,75,75,77,77,77,77,77,77,77,77,77,77,77,77],"card_choices":[{"not_picked":["Flex","Pommel Strike"],"picked":"Flame Barrier","floor":1},{"not_picked":["Havoc","Flex"],"picked":"Dropkick","floor":2},{"not_picked":["Rampage","Shrug It Off"],"picked":"Iron Wave","floor":4},{"not_picked":["Perfected Strike","Thunderclap"],"picked":"Shrug It Off","floor":6},{"not_picked":["Hemokinesis","Battle Trance"],"picked":"Iron Wave","floor":8},{"not_picked":["Thunderclap","Cleave"],"picked":"Berserk","floor":10},{"not_picked":["Fire Breathing","Ghostly Armor","Flex"],"picked":"Iron Wave","floor":11},{"not_picked":["Clash","Clothesline","Entrench"],"picked":"Metallicize","floor":12},{"not_picked":["Sentinel","Wild Strike","Flex","Thunderclap"],"picked":"Singing Bowl","floor":14},{"not_picked":["Immolate","Exhume","Feed"],"picked":"Barricade","floor":16},{"not_picked":["Headbutt","Perfected Strike","Blood for Blood"],"picked":"Shrug It Off+1","floor":18},{"not_picked":["Thunderclap","Clothesline+1","Perfected Strike"],"picked":"Flame Barrier+1","floor":21},{"not_picked":["Thunderclap","Wild Strike","Shrug It Off"],"picked":"Spot Weakness+1","floor":22}],"player_experience":1281196,"relics_obtained":[{"floor":6,"key":"Singing Bowl"},{"floor":9,"key":"Shuriken"},{"floor":10,"key":"Question Card"},{"floor":12,"key":"Akabeko"}],"event_choices":[{"damage_healed":0,"gold_gain":0,"player_choice":"Grow","damage_taken":0,"max_hp_gain":0,"max_hp_loss":0,"event_name":"Living Wall","floor":3,"gold_loss":0,"cards_upgraded":["Bash"]},{"cards_removed":["Strike_R"],"damage_healed":0,"gold_gain":0,"player_choice":"Upgrade and Remove","damage_taken":0,"max_hp_gain":0,"max_hp_loss":0,"event_name":"Designer","floor":19,"gold_loss":110,"cards_upgraded":["Iron Wave"]}],"is_beta":false,"boss_relics":[{"not_picked":["Runic Pyramid","SacredBark"],"picked":"SlaversCollar"}],"items_purged_floors":[5,20],"is_endless":false,"potions_floor_spawned":[4,10,11,14,16,21,22],"killed_by":"Slavers","ascension_level":20}}