{"host":"a6ztjasp7lxlo10n","time":1613462092,"event":{"mods":["Act Like it!","BaseMod","Colored Map","Marisa£®ÏF”Í°°ƒß¿Ì…≥£©","Minty Spire (QoL Compilation)","Quick Restart","StSLib","SuperFastMode"],"gold_per_floor":[111,125,125,125,179,213,213,234,234,250,286,309,353,353,353,473,473,497,467,467],"floor_reached":19,"language":"ZHS","playtime":488,"items_purged":[],"score":297,"play_id":"16572fe2-ee4d-4cda-8264-f3b53a018396","local_time":"20210216155452","is_ascension_mode":true,"campfire_choices":[{"data":"Armaments","floor":7.0,"key":"SMITH"},{"data":"True Grit","floor":15.0,"key":"SMITH"}],"circlet_count":0,"master_deck":["Strike_R","Strike_R","Strike_R","Strike_R","Defend_R","Defend_R","Defend_R","Defend_R","Bash","Armaments+1","True Grit+1","Bludgeon","Battle Trance","Pommel Strike","Spot Weakness","Shrug It Off","Feed"],"relics":["Burning Blood","NeowsBlessing","Golden Idol","Potion Belt","Prayer Wheel","The Courier","Kunai","Paper Frog","Black Star"],"acts_visited":["Exordium","TheCity"],"potions_floor_usage":[16],"damage_taken":[{"damage":0.0,"enemies":"Cultist","floor":1.0,"turns":1.0},{"damage":0.0,"enemies":"Jaw Worm","floor":2.0,"turns":1.0},{"damage":0.0,"enemies":"3 Sentries","floor":6.0,"turns":2.0},{"damage":1.0,"enemies":"2 Louse","floor":8.0,"turns":3.0},{"damage":3.0,"enemies":"Blue Slaver","floor":10.0,"turns":8.0},{"damage":21.0,"enemies":"Lagavulin","floor":11.0,"turns":8.0},{"damage":9.0,"enemies":"2 Fungi Beasts","floor":12.0,"turns":3.0},{"damage":18.0,"enemies":"Gremlin Nob","floor":13.0,"turns":3.0},{"damage":15,"enemies":"The Guardian","floor":16,"turns":11},{"damage":34,"enemies":"Spheric Guardian","floor":18,"turns":6},{"damage":8,"enemies":"2 Thieves","floor":19,"turns":2}],"seed_played":"-4042913111124994325","potions_obtained":[{"floor":6.0,"key":"Fire Potion"},{"floor":11.0,"key":"Strength Potion"},{"floor":18,"key":"BloodPotion"}],"is_trial":false,"path_per_floor":["M","M","?","?","T","E","R","M","T","M","E","M","E","?","R","B",null,"M","M"],"character_chosen":"IRONCLAD","items_purchased":[],"campfire_rested":0,"item_purchase_floors":[],"current_hp_per_floor":[78,80,74,79,79,79,79,79,79,79,64,61,49,49,49,40,69,45,37,37],"gold":467,"neow_bonus":"THREE_ENEMY_KILL","is_daily":false,"chose_seed":false,"campfire_upgraded":2,"win_rate":0.0,"timestamp":1613462092,"path_taken":["M","?","?","?","?","E","R","M","T","M","E","M","E","?","R","BOSS","M","M"],"items_purchased_type":[],"build_version":"2020-12-22","purchased_purges":0,"victory":false,"max_hp_per_floor":[80,80,74,79,79,79,79,79,79,79,79,79,79,79,79,79,79,83,83,83],"card_choices":[{"not_picked":["Heavy Blade","Anger","Dark Embrace"],"picked":"SKIP","floor":1.0},{"not_picked":["Havoc","Cleave"],"picked":"Armaments","floor":2.0},{"not_picked":["Shrug It Off","Battle Trance"],"picked":"True Grit","floor":6.0},{"not_picked":["Headbutt","Bloodletting"],"picked":"Bludgeon","floor":8.0},{"not_picked":["Thunderclap","Anger"],"picked":"Battle Trance","floor":8.0},{"not_picked":["Dark Embrace","Headbutt","Infernal Blade"],"picked":"SKIP","floor":10.0},{"not_picked":["Infernal Blade","Perfected Strike","Havoc"],"picked":"SKIP","floor":10.0},{"not_picked":["Clash","Dark Embrace","Cleave"],"picked":"SKIP","floor":11.0},{"not_picked":["Twin Strike","Flex"],"picked":"Pommel Strike","floor":12.0},{"not_picked":["Clothesline","Battle Trance"],"picked":"Spot Weakness","floor":12.0},{"not_picked":["Flame Barrier","Perfected Strike"],"picked":"Shrug It Off","floor":13.0},{"not_picked":["Fiend Fire","Bludgeon"],"picked":"Feed","floor":16},{"not_picked":["Armaments","Clothesline+1","Flex"],"picked":"SKIP","floor":18},{"not_picked":["Clothesline","Fire Breathing","Twin Strike"],"picked":"SKIP","floor":18}],"player_experience":335294,"relics_obtained":[{"floor":5.0,"key":"Potion Belt"},{"floor":6.0,"key":"Prayer Wheel"},{"floor":9.0,"key":"The Courier"},{"floor":11.0,"key":"Kunai"},{"floor":13.0,"key":"Paper Frog"}],"event_choices":[{"damage_healed":0.0,"max_hp_gain":0.0,"max_hp_loss":6.0,"gold_gain":0.0,"event_name":"Golden Idol","player_choice":"Lose Max HP","floor":3.0,"gold_loss":0.0,"damage_taken":0.0,"relics_obtained":["Golden Idol"]},{"damage_healed":0.0,"max_hp_gain":5.0,"max_hp_loss":0.0,"gold_gain":0.0,"event_name":"Big Fish","player_choice":"Donut","floor":4.0,"gold_loss":0.0,"damage_taken":0.0},{"cards_removed":["Strike_R"],"damage_healed":0.0,"max_hp_gain":0.0,"max_hp_loss":0.0,"gold_gain":0.0,"event_name":"Living Wall","player_choice":"Forget","floor":14.0,"gold_loss":0.0,"damage_taken":0.0}],"is_beta":false,"boss_relics":[{"not_picked":["Tiny House","SlaversCollar"],"picked":"Black Star"}],"items_purged_floors":[],"is_endless":false,"potions_floor_spawned":[6,11,18],"killed_by":"2 Thieves","ascension_level":8}}