{"host":"n7gt2lywuauec2nz","time":1613476131,"event":{"mods":["100% Spire Juice","2.2 Compatiblity","Act Like it!","Aspiration","BaseMod","Better Third Choice","Colored Powertips","DeckTracker","GifTheSpireLib","Highlight Path","HololiveMod","Hubris","Infinite Spire","Minty Spire (QoL Compilation)","Quick Restart","Random Character Button","Relic Sorter","Replay The Spire","Retaliation","Ruina","Shapeshifter Mod","StSLib","Synergy Search","The IronCluck"],"gold_per_floor":[110,110,56,56,70,70,70,102,102,113,113,113,124,135,135,232,232,242,242,22,22,31,31,31,31,58,84,84,84,84,120,120,126,126],"floor_reached":33,"language":"ENG","playtime":1317,"items_purged":["StSShapeShifter:ShapeShifter_Defend"],"score":261,"play_id":"50de5fdc-c5fc-44d5-8bf2-29ee0dafcdf6","local_time":"20210216034851","is_ascension_mode":false,"campfire_choices":[{"data":"StSShapeShifter:WaspSwarmForm","floor":7,"key":"SMITH"},{"data":"StSShapeShifter:CosmicShifter","floor":11,"key":"SMITH"},{"floor":23,"key":"REST"},{"data":"StSShapeShifter:MagicMushrooms","floor":25,"key":"SMITH"},{"floor":28,"key":"REST"},{"data":"StSShapeShifter:Flourish","floor":30,"key":"SMITH"},{"floor":32,"key":"REST"}],"circlet_count":0,"master_deck":["StSShapeShifter:ShapeShifter_Strike","StSShapeShifter:ShapeShifter_Strike","StSShapeShifter:ShapeShifter_Strike","StSShapeShifter:ShapeShifter_Strike","StSShapeShifter:ShapeShifter_Strike","StSShapeShifter:ShapeShifter_Defend","StSShapeShifter:ShapeShifter_Defend","StSShapeShifter:ShapeShifter_Defend","StSShapeShifter:Tortoise_Form","StSShapeShifter:Lynx_Form+1","StSShapeShifter:BladeOfGrass","StSShapeShifter:MultiSpiritedStrike","StSShapeShifter:MultiSpiritedStrike","StSShapeShifter:WaspSwarmForm+1","StSShapeShifter:CosmicShifter+1","StSShapeShifter:SquirrelForm","StSShapeShifter:RestoreBalance+1","StSShapeShifter:MysticalSeed","Hololive_RevenueRecovery","Shame","Spreading Infection","StSShapeShifter:BulwarkOfDiscovery","ruina:Mimicry","ruina:Mimicry","StSShapeShifter:Flourish+1","StSShapeShifter:MagicMushrooms+1","Doubt","StSShapeShifter:Rabid","ruina:Smile","StSShapeShifter:EagleForm"],"relics":["StSShapeShifter:AnimalHeart","StSShapeShifter:TheShapeShiftersMagnolia","aspiration:TomeofQuesting","Replay:Ancient Bell","Blue Doll","StSShapeShifter:FruitTree","Ice Cream","infinitespire:Beetle Shell","Replay:Bandana","ReplayTheSpireMod:Ninjato"],"acts_visited":["Exordium","ruina:Briah"],"potions_floor_usage":[16,18],"damage_taken":[{"damage":0,"enemies":"2 Louse","floor":1,"turns":3},{"damage":0,"enemies":"Small Slimes","floor":5,"turns":3},{"damage":4,"enemies":"Replay:BlueRogue","floor":8,"turns":5},{"damage":21,"enemies":"infinitespire:Voidling","floor":10,"turns":4},{"damage":12,"enemies":"3 Louse","floor":13,"turns":4},{"damage":9,"enemies":"Red Slaver","floor":14,"turns":2},{"damage":29,"enemies":"Slime Boss","floor":16,"turns":7},{"damage":39,"enemies":"ruina:Nosferatu","floor":18,"turns":7},{"damage":47,"enemies":"ruina:BadWolf","floor":22,"turns":5},{"damage":31,"enemies":"ruina:Woodsman","floor":27,"turns":5},{"damage":54,"enemies":"ruina:ServantOfWrath","floor":31,"turns":6},{"damage":10,"enemies":"ruina:Red_and_Wolf","floor":33,"turns":3}],"seed_played":"3073135211491951384","potions_obtained":[{"floor":5,"key":"FairyPotion"},{"floor":10,"key":"Energy Potion"},{"floor":14,"key":"FearPotion"},{"floor":16,"key":"DDmod:CleansePotion"},{"floor":31,"key":"FearPotion"}],"is_trial":false,"path_per_floor":["M","?","$","?","M","$","R","E","T","M","R","?","M","M","R","B",null,"M","?","$","?","M","R","?","R","T","M","R","?","R","E","R","B"],"character_chosen":"SHAPESHIFTER","items_purchased":["StSShapeShifter:MultiSpiritedStrike","ruina:Mimicry","StSShapeShifter:Flourish"],"campfire_rested":3,"item_purchase_floors":[3,20,20],"current_hp_per_floor":[85,85,85,85,85,85,85,81,81,67,67,67,55,46,71,42,85,46,46,46,55,8,33,33,33,33,28,53,53,53,23,46,36,36],"gold":126,"neow_bonus":"TEN_PERCENT_HP_BONUS","is_daily":false,"chose_seed":false,"campfire_upgraded":4,"win_rate":0.0,"timestamp":1613476131,"path_taken":["M","?","$","?","?","$","R","E","T","M","R","?","M","M","R","BOSS","M","?","$","?","?","R","?","R","T","M","R","?","R","E","R","BOSS"],"items_purchased_type":["Card","Card","Card"],"build_version":"2020-12-22","purchased_purges":1,"victory":false,"max_hp_per_floor":[85,85,85,85,85,85,85,85,85,85,85,85,85,85,85,85,85,85,85,85,85,85,85,85,85,85,85,85,79,79,79,79,79,79],"card_choices":[{"not_picked":["StSShapeShifter:SpiritOfTheEarth","StSShapeShifter:SunflowerShuriken"],"picked":"StSShapeShifter:BladeOfGrass","floor":1},{"not_picked":["StSShapeShifter:MultiSpiritedStrike","StSShapeShifter:Bonk"],"picked":"StSShapeShifter:WaspSwarmForm","floor":5},{"not_picked":["StSShapeShifter:Maul","StSShapeShifter:Sapling","StSShapeShifter:ShiftingStrike"],"picked":"SKIP","floor":8},{"not_picked":["StSShapeShifter:IntimidatingAura","StSShapeShifter:AdaptiveStrikes"],"picked":"StSShapeShifter:CosmicShifter","floor":10},{"not_picked":["StSShapeShifter:BladeOfGrass","StSShapeShifter:Guard"],"picked":"StSShapeShifter:SquirrelForm","floor":13},{"not_picked":["StSShapeShifter:ThornToss","StSShapeShifter:Evolution"],"picked":"StSShapeShifter:RestoreBalance","floor":14},{"not_picked":["StSShapeShifter:Summer","StSShapeShifter:FullMoon"],"picked":"StSShapeShifter:MysticalSeed","floor":16},{"not_picked":["Hallucinations","ReplayTheSpireMod:Restless Dread"],"picked":"Hololive_RevenueRecovery","floor":17},{"not_picked":["ReplayTheSpireMod:IOU","Voices"],"picked":"Shame","floor":17},{"not_picked":["CurseOfTheBell","ReplayTheSpireMod:IOU"],"picked":"Spreading Infection","floor":17},{"not_picked":["StSShapeShifter:Guard","StSShapeShifter:ThornedSkin"],"picked":"StSShapeShifter:BulwarkOfDiscovery","floor":18},{"not_picked":["StSShapeShifter:Garden","StSShapeShifter:SquirrelForm"],"picked":"StSShapeShifter:MagicMushrooms","floor":22},{"not_picked":["StSShapeShifter:FallingLeaves","StSShapeShifter:FesteringBite"],"picked":"StSShapeShifter:Rabid","floor":27},{"not_picked":["ruina:SwordSharpened","ruina:CrimsonScar"],"picked":"ruina:Smile","floor":29},{"not_picked":["StSShapeShifter:BarkSkin","StSShapeShifter:SkullBash"],"picked":"StSShapeShifter:EagleForm","floor":31}],"player_experience":151229,"relics_obtained":[{"floor":8,"key":"aspiration:TomeofQuesting"},{"floor":26,"key":"Replay:Bandana"},{"floor":31,"key":"ReplayTheSpireMod:Ninjato"}],"event_choices":[{"damage_healed":0,"gold_gain":0,"player_choice":"0 cards matched","damage_taken":0,"max_hp_gain":0,"max_hp_loss":0,"event_name":"Match and Keep!","floor":4,"gold_loss":0,"cards_obtained":[]},{"damage_healed":0,"gold_gain":0,"player_choice":"Ignored","damage_taken":0,"max_hp_gain":0,"max_hp_loss":0,"event_name":"NoteForYourself","floor":12,"gold_loss":0}],"is_beta":false,"boss_relics":[{"not_picked":["Painkiller Herb","hubris:Backtick"],"picked":"Replay:Ancient Bell"},{"not_picked":["MawBank","aspiration:HiddenCompartment"],"picked":"Blue Doll"},{"not_picked":["Garlic","Quantum Egg"],"picked":"StSShapeShifter:FruitTree"},{"not_picked":["hubris:FunFungus","Unceasing Top"],"picked":"Ice Cream"}],"items_purged_floors":[20],"is_endless":false,"potions_floor_spawned":[5,10,14,16,31],"killed_by":"ruina:Red_and_Wolf","ascension_level":0}}