{"host":"9rehsd5oi9uaydbk","time":1613436433,"event":{"mods":["AchievementEnabler","Act Like it!","Aspiration","BaseMod","Colored Powertips","Curses Come First","Downfall","Hallownest","Hermit","Hubris","Jorbs\u0027s Wanderer Trilogy","Minty Spire (QoL Compilation)","Reliquary","Shop Mod","StSLib","The Bug Knight"],"gold_per_floor":[110,110,127,127,127,147,147,161,161,175,255,255,61,81,81,81,81],"floor_reached":16,"language":"ENG","playtime":462,"items_purged":[],"score":92,"play_id":"42851c8d-0f82-49c5-92d5-6bad111b1502","local_time":"20210215194713","is_ascension_mode":false,"campfire_choices":[{"data":"hermit:FullyLoaded","floor":7,"key":"SMITH"},{"floor":12,"key":"REST"},{"data":"hermit:HighNoon","floor":15,"key":"SMITH"}],"circlet_count":0,"master_deck":["hermit:Strike_Hermit","hermit:Strike_Hermit","hermit:Strike_Hermit","hermit:Strike_Hermit","hermit:Defend_Hermit","hermit:Defend_Hermit","hermit:Defend_Hermit","hermit:Defend_Hermit","hermit:Snapshot","hermit:Covet","hermit:FullyLoaded+1","hermit:HighCaliber","hermit:Snipe","hermit:PistolWhip","hermit:HighNoon+1","hermit:Horror"],"relics":["hermit:Momento","hubris:Icosahedron","Blue Candle"],"acts_visited":["Exordium"],"potions_floor_usage":[8,8,16,16,16],"damage_taken":[{"damage":5,"enemies":"Jaw Worm","floor":1,"turns":4},{"damage":1,"enemies":"Cultist","floor":3,"turns":4},{"damage":5,"enemies":"Small Slimes","floor":6,"turns":4},{"damage":5,"enemies":"Exordium Wildlife","floor":8,"turns":3},{"damage":12,"enemies":"2 Fungi Beasts","floor":10,"turns":4},{"damage":10,"enemies":"Looter","floor":14,"turns":3},{"damage":64,"enemies":"Hexaghost","floor":16,"turns":7}],"seed_played":"1462819299437098219","potions_obtained":[{"floor":6,"key":"Strength Potion"},{"floor":8,"key":"Energy Potion"}],"is_trial":false,"path_per_floor":["M","?","M","$","?","M","R","M","T","M","?","R","$","M","R","B"],"character_chosen":"HERMIT","items_purchased":["hermit:HighNoon","ColorlessPotion"],"campfire_rested":1,"item_purchase_floors":[13,13],"current_hp_per_floor":[70,75,74,74,74,69,69,64,64,52,52,74,74,64,64,0,0],"gold":81,"neow_bonus":"THREE_CARDS","is_daily":false,"chose_seed":false,"campfire_upgraded":2,"win_rate":0.0,"timestamp":1613436433,"path_taken":["M","?","?","$","?","M","R","M","T","M","?","R","?","M","R","BOSS"],"items_purchased_type":["Card","Potion"],"build_version":"2020-12-22","purchased_purges":0,"victory":false,"max_hp_per_floor":[75,75,75,75,75,75,75,75,75,75,75,75,75,75,75,75,75],"card_choices":[{"not_picked":["hermit:Quickdraw","hermit:Dive"],"picked":"hermit:FullyLoaded","floor":0},{"not_picked":["hermit:Dive","hermit:ItchyTrigger"],"picked":"hermit:HighCaliber","floor":1},{"not_picked":["hermit:Dive","hermit:Coalescence"],"picked":"hermit:Snipe","floor":3},{"not_picked":["hermit:Cheat","hermit:Manifest","hermit:SprayPray"],"picked":"SKIP","floor":6},{"not_picked":["hermit:Headshot","hermit:Vantage","hermit:Manifest"],"picked":"SKIP","floor":8},{"not_picked":["hermit:SprayPray","hermit:LowProfile"],"picked":"hermit:PistolWhip","floor":10},{"not_picked":["hermit:TrackingShot","hermit:TakeAim"],"picked":"hermit:Horror","floor":14}],"player_experience":216066,"relics_obtained":[{"floor":9,"key":"Blue Candle"}],"event_choices":[{"damage_healed":0,"gold_gain":80,"player_choice":"Gained Gold","damage_taken":0,"max_hp_gain":0,"max_hp_loss":0,"event_name":"Golden Wing","floor":11,"gold_loss":0}],"is_beta":false,"boss_relics":[],"items_purged_floors":[],"is_endless":false,"potions_floor_spawned":[6,8],"killed_by":"Hexaghost","ascension_level":0}}