{"host":"2l5k2wp87eek7qja","time":1613500277,"event":{"mods":["BaseMod","Colored Map","Minty Spire (QoL Compilation)","Relic Stats"],"gold_per_floor":[211,228,193,203,18,49,25,25,98,98,148,160,176,195,195,269,269,280,280,205,205,34,34,34],"floor_reached":23,"language":"ENG","playtime":622,"items_purged":[],"score":378,"play_id":"976cbfcb-670a-4687-850d-03b28bd693ba","local_time":"20210216203117","is_ascension_mode":true,"campfire_choices":[{"data":"Cloak And Dagger","floor":8,"key":"SMITH"},{"floor":10,"key":"REST"},{"data":"Deadly Poison","floor":15,"key":"SMITH"}],"circlet_count":0,"master_deck":["AscendersBane","Strike_G","Strike_G","Strike_G","Strike_G","Defend_G","Defend_G","Defend_G","Defend_G","Defend_G","Survivor","Neutralize","Dagger Throw","Slice","Deadly Poison","Cloak And Dagger","Cloak And Dagger+1","Blade Dance","Deadly Poison+1","Wraith Form v2","Outmaneuver+1","Footwork","RitualDagger"],"relics":["Ring of the Snake","Akabeko","Bronze Scales","Paper Crane","Runic Pyramid","ClockworkSouvenir"],"acts_visited":["Exordium","TheCity"],"potions_floor_usage":[16],"damage_taken":[{"damage":7,"enemies":"2 Louse","floor":1,"turns":5},{"damage":1,"enemies":"Cultist","floor":2,"turns":5},{"damage":0,"enemies":"Small Slimes","floor":4,"turns":3},{"damage":57,"enemies":"Gremlin Nob","floor":6,"turns":5},{"damage":1,"enemies":"Looter","floor":12,"turns":2},{"damage":8,"enemies":"Exordium Wildlife","floor":13,"turns":4},{"damage":0,"enemies":"Gremlin Gang","floor":14,"turns":3},{"damage":14,"enemies":"Hexaghost","floor":16,"turns":8},{"damage":0,"enemies":"3 Byrds","floor":18,"turns":3},{"damage":58,"enemies":"Gremlin Leader","floor":23,"turns":6}],"seed_played":"7372840870829416910","potions_obtained":[{"floor":2,"key":"SpeedPotion"},{"floor":6,"key":"SkillPotion"},{"floor":12,"key":"DuplicationPotion"}],"is_trial":false,"path_per_floor":["M","M","?","M","$","E","$","R","T","R","?","M","M","M","R","B",null,"M","?","?","?","$","E"],"character_chosen":"THE_SILENT","items_purchased":["Deadly Poison","Akabeko","Cloak And Dagger","ClockworkSouvenir"],"campfire_rested":1,"item_purchase_floors":[5,5,7,22],"current_hp_per_floor":[52,51,66,66,66,9,9,9,9,28,28,27,19,19,19,5,51,51,51,51,45,45,0,0],"gold":34,"neow_bonus":"HUNDRED_GOLD","is_daily":false,"chose_seed":false,"campfire_upgraded":2,"win_rate":0.0,"timestamp":1613500277,"path_taken":["M","M","?","M","$","E","$","R","T","R","?","?","M","M","R","BOSS","M","?","?","?","$","E"],"items_purchased_type":["Card","Relic","Card","Relic"],"build_version":"2020-12-22","purchased_purges":0,"victory":false,"max_hp_per_floor":[66,66,66,66,66,66,66,66,66,66,66,66,66,66,66,66,66,66,66,66,66,66,66,66],"relic_stats":{"counters":[10,44],"Bronze Scales":[173],"obtain_stats":[{"Bronze Scales":6,"Paper Crane":9,"Akabeko":5,"Ring of the Snake":0,"Runic Pyramid":17,"ClockworkSouvenir":22},{"Bronze Scales":4,"Paper Crane":4,"Akabeko":3,"Ring of the Snake":0,"Runic Pyramid":8,"ClockworkSouvenir":9},{"Bronze Scales":18,"Paper Crane":18,"Akabeko":13,"Ring of the Snake":0,"Runic Pyramid":35,"ClockworkSouvenir":38}],"Ring of the Snake":[20]},"card_choices":[{"not_picked":["Outmaneuver","Accuracy"],"picked":"Dagger Throw","floor":1},{"not_picked":["Acrobatics","Backflip"],"picked":"Slice","floor":2},{"not_picked":["Accuracy","Bane","Prepared"],"picked":"SKIP","floor":4},{"not_picked":["Blade Dance","Calculated Gamble"],"picked":"Cloak And Dagger","floor":6},{"not_picked":["Endless Agony","Outmaneuver","Sucker Punch"],"picked":"SKIP","floor":12},{"not_picked":["Acrobatics","Expertise"],"picked":"Blade Dance","floor":13},{"not_picked":["Outmaneuver","Dodge and Roll"],"picked":"Deadly Poison","floor":14},{"not_picked":["Malaise","Burst"],"picked":"Wraith Form v2","floor":16},{"not_picked":["Dodge and Roll","Cloak And Dagger"],"picked":"Outmaneuver+1","floor":18}],"player_experience":796303,"relics_obtained":[{"floor":6,"key":"Bronze Scales"},{"floor":9,"key":"Paper Crane"}],"event_choices":[{"damage_healed":16,"gold_gain":0,"player_choice":"Healed","damage_taken":0,"max_hp_gain":0,"max_hp_loss":0,"event_name":"The Cleric","floor":3,"gold_loss":35},{"damage_healed":0,"gold_gain":50,"player_choice":"Pray","damage_taken":0,"max_hp_gain":0,"max_hp_loss":0,"event_name":"Golden Shrine","floor":11,"gold_loss":0},{"damage_healed":0,"gold_gain":0,"player_choice":"Read","damage_taken":0,"max_hp_gain":0,"max_hp_loss":0,"event_name":"The Library","floor":19,"gold_loss":0,"cards_obtained":["Footwork"]},{"cards_removed":["Strike_G"],"damage_healed":0,"gold_gain":0,"player_choice":"Gave Gold","damage_taken":0,"max_hp_gain":0,"max_hp_loss":0,"event_name":"Beggar","floor":20,"gold_loss":75},{"damage_healed":0,"gold_gain":0,"player_choice":"Joined the Cult","damage_taken":6,"max_hp_gain":0,"max_hp_loss":0,"event_name":"Nest","floor":21,"gold_loss":0,"cards_obtained":["RitualDagger"]}],"is_beta":false,"boss_relics":[{"not_picked":["Cursed Key","WristBlade"],"picked":"Runic Pyramid"}],"items_purged_floors":[],"is_endless":false,"potions_floor_spawned":[2,6,12],"killed_by":"Gremlin Leader","ascension_level":20}}