{"host":"9l1knhxfturzliqa","time":1613444686,"event":{"mods":["AchievementEnabler","BaseMod","Colored Map","Colored Powertips","DeckTracker","Highlight Path","Keyboard Shortcuts","Minty Spire (QoL Compilation)","Random Character Button"],"gold_per_floor":[16,32,48,63,75,100,100,117,168,182,182,194,205,215,215,315,315,326,338,355,371,390,390,415,426,451,465,480,494,494,504,504,504,504],"floor_reached":33,"language":"KOR","playtime":2267,"items_purged":[],"score":467,"play_id":"d71687c2-e6e2-4b1f-b63b-20dad637f468","local_time":"20210216120446","is_ascension_mode":true,"campfire_choices":[{"data":"Zap","floor":7.0,"key":"SMITH"},{"data":"Buffer","floor":11.0,"key":"SMITH"},{"data":"Streamline","floor":15.0,"key":"SMITH"},{"data":"Dualcast","floor":23.0,"key":"SMITH"},{"data":"Hyperbeam","floor":30.0,"key":"SMITH"},{"floor":32.0,"key":"REST"}],"circlet_count":0,"master_deck":["AscendersBane","Strike_B","Strike_B","Strike_B","Defend_B","Defend_B","Defend_B","Zap+1","Dualcast+1","Self Repair","Recycle","Go for the Eyes","Gash","FTL","Streamline+1","FTL","Leap","Buffer+1","Heatsinks","Beam Cell","Compile Driver","Beam Cell","Core Surge","Stack","Go for the Eyes+1","Melter","Turbo","Conserve Battery+1","Hologram+1","Hyperbeam+1","Injury","Rebound","Barrage+1","Skim","Coolheaded"],"relics":["Cracked Core","Gambling Chip","Centennial Puzzle","Cursed Key","Nunchaku","Art of War"],"acts_visited":["Exordium","TheCity"],"potions_floor_usage":[],"damage_taken":[{"damage":1.0,"enemies":"Cultist","floor":1.0,"turns":3.0},{"damage":3.0,"enemies":"Small Slimes","floor":2.0,"turns":3.0},{"damage":7.0,"enemies":"2 Louse","floor":3.0,"turns":3.0},{"damage":7.0,"enemies":"2 Fungi Beasts","floor":4.0,"turns":3.0},{"damage":10.0,"enemies":"Large Slime","floor":5.0,"turns":5.0},{"damage":20.0,"enemies":"Lagavulin","floor":6.0,"turns":6.0},{"damage":8.0,"enemies":"Blue Slaver","floor":8.0,"turns":3.0},{"damage":5.0,"enemies":"2 Fungi Beasts","floor":10.0,"turns":3.0},{"damage":0.0,"enemies":"Looter","floor":12.0,"turns":3.0},{"damage":0.0,"enemies":"Lots of Slimes","floor":13.0,"turns":3.0},{"damage":4.0,"enemies":"2 Fungi Beasts","floor":14.0,"turns":3.0},{"damage":60.0,"enemies":"Hexaghost","floor":16.0,"turns":10.0},{"damage":2.0,"enemies":"Chosen","floor":18.0,"turns":3.0},{"damage":2.0,"enemies":"3 Byrds","floor":19.0,"turns":5.0},{"damage":15.0,"enemies":"Snake Plant","floor":20.0,"turns":4.0},{"damage":11.0,"enemies":"Centurion and Healer","floor":21.0,"turns":6.0},{"damage":12.0,"enemies":"3 Cultists","floor":22.0,"turns":5.0},{"damage":28.0,"enemies":"Book of Stabbing","floor":24.0,"turns":8.0},{"damage":10.0,"enemies":"Snake Plant","floor":25.0,"turns":5.0},{"damage":0.0,"enemies":"Cultist and Chosen","floor":27.0,"turns":4.0},{"damage":0.0,"enemies":"Snecko","floor":28.0,"turns":4.0},{"damage":8.0,"enemies":"Chosen and Byrds","floor":29.0,"turns":5.0},{"damage":0.0,"enemies":"Centurion and Healer","floor":31.0,"turns":4.0},{"damage":68,"enemies":"Automaton","floor":33,"turns":6}],"seed_played":"2003123860805667186","potions_obtained":[{"floor":1.0,"key":"PotionOfCapacity"},{"floor":4.0,"key":"BlessingOfTheForge"},{"floor":6.0,"key":"EntropicBrew"},{"floor":13.0,"key":"BlessingOfTheForge"},{"floor":14.0,"key":"Dexterity Potion"},{"floor":19.0,"key":"DuplicationPotion"},{"floor":22.0,"key":"PotionOfCapacity"},{"floor":25.0,"key":"SpeedPotion"},{"floor":27.0,"key":"EssenceOfSteel"}],"is_trial":false,"path_per_floor":["M","M","M","M","M","E","R","M","T","M","R","M","M","M","R","B",null,"M","M","M","M","M","R","E","M","T","M","M","M","R","M","R","B"],"character_chosen":"DEFECT","items_purchased":[],"campfire_rested":1,"item_purchase_floors":[],"current_hp_per_floor":[74,71,71,71,68,55,55,54,54,56,56,63,63,66,66,13,60,65,70,55,51,46,46,25,22,22,29,36,28,28,28,50,0,0],"gold":504,"neow_bonus":"TRANSFORM_TWO_CARDS","is_daily":false,"chose_seed":false,"campfire_upgraded":5,"win_rate":0.0,"timestamp":1613444686,"path_taken":["M","M","M","M","?","E","R","M","T","M","R","M","M","M","R","BOSS","M","M","M","M","M","R","E","M","T","M","?","M","R","M","R","BOSS"],"items_purchased_type":[],"build_version":"2020-12-22","purchased_purges":0,"victory":false,"max_hp_per_floor":[75,75,75,75,75,75,75,75,75,75,75,75,75,75,75,75,75,75,75,75,75,75,75,75,75,75,75,75,75,75,75,75,75,75],"card_choices":[{"not_picked":["Glacier","Compile Driver"],"picked":"Go for the Eyes","floor":1.0},{"not_picked":["Conserve Battery","Compile Driver"],"picked":"Gash","floor":2.0},{"not_picked":["Static Discharge","Cold Snap"],"picked":"FTL","floor":3.0},{"not_picked":["Go for the Eyes","Sweeping Beam"],"picked":"Streamline","floor":4.0},{"not_picked":["Compile Driver","Fusion"],"picked":"FTL","floor":5.0},{"not_picked":["Undo","Turbo"],"picked":"Leap","floor":6.0},{"not_picked":["Cold Snap","Steam Power"],"picked":"Buffer","floor":8.0},{"not_picked":["Cold Snap","Streamline"],"picked":"Heatsinks","floor":10.0},{"not_picked":["Force Field","Coolheaded"],"picked":"Beam Cell","floor":12.0},{"not_picked":["Loop","Redo"],"picked":"Compile Driver","floor":13.0},{"not_picked":["Go for the Eyes","Steam"],"picked":"Beam Cell","floor":14.0},{"not_picked":["Amplify","Thunder Strike"],"picked":"Core Surge","floor":16.0},{"not_picked":["Streamline","Go for the Eyes"],"picked":"Stack","floor":18.0},{"not_picked":["Glacier","Hello World+1"],"picked":"Go for the Eyes+1","floor":19.0},{"not_picked":["Conserve Battery","Static Discharge"],"picked":"Melter","floor":20.0},{"not_picked":["Go for the Eyes","Gash"],"picked":"Turbo","floor":21.0},{"not_picked":["Coolheaded","Steam Power"],"picked":"Conserve Battery+1","floor":22.0},{"not_picked":["Coolheaded","Steam"],"picked":"Hologram+1","floor":24.0},{"not_picked":["Redo","Leap"],"picked":"Hyperbeam","floor":25.0},{"not_picked":["Hologram+1","Barrage"],"picked":"Rebound","floor":27.0},{"not_picked":["Chaos","Darkness"],"picked":"Barrage+1","floor":28.0},{"not_picked":["Turbo","Streamline"],"picked":"Skim","floor":29.0},{"not_picked":["Steam","Core Surge"],"picked":"Coolheaded","floor":31.0}],"player_experience":683977,"relics_obtained":[{"floor":6.0,"key":"Gambling Chip"},{"floor":9.0,"key":"Centennial Puzzle"},{"floor":24.0,"key":"Nunchaku"},{"floor":26.0,"key":"Art of War"}],"event_choices":[],"is_beta":false,"boss_relics":[{"not_picked":["Fusion Hammer","Busted Crown"],"picked":"Cursed Key"}],"items_purged_floors":[],"is_endless":false,"potions_floor_spawned":[1,4,6,13,14,19,22,25,27],"killed_by":"Automaton","ascension_level":11}}