{"host":"qjv9b7mze4c73keh","time":1613511479,"event":{"mods":["BaseMod","Colored Map","Colored Powertips","DeckTracker","Highlight Path","Minty Spire (QoL Compilation)","Rare Cards Sparkle","Synergy Search","Unceasing Turn Reminder"],"gold_per_floor":[116,128,128,141,120,120,45,72,99,111,121,121,132,149,149,149,149],"floor_reached":16,"language":"RUS","playtime":1112,"items_purged":["Strike_G"],"score":104,"play_id":"1dd1b7c2-3078-41d9-b22b-697ef5917e57","local_time":"20210217023759","is_ascension_mode":false,"campfire_choices":[{"data":"Defend_G","floor":6,"key":"SMITH"},{"floor":12,"key":"REST"},{"floor":15,"key":"REST"}],"circlet_count":0,"master_deck":["Strike_G","Strike_G","Strike_G","Strike_G","Defend_G+1","Defend_G","Defend_G","Defend_G","Defend_G","Survivor","Neutralize","Slice","Backstab","Deadly Poison"],"relics":["Ring of the Snake","Boot","Centennial Puzzle","Toy Ornithopter"],"acts_visited":["Exordium"],"potions_floor_usage":[8,8,16,16],"damage_taken":[{"damage":3,"enemies":"Jaw Worm","floor":1,"turns":5},{"damage":5,"enemies":"Cultist","floor":2,"turns":6},{"damage":0,"enemies":"Small Slimes","floor":4,"turns":3},{"damage":31,"enemies":"3 Sentries","floor":8,"turns":12},{"damage":0,"enemies":"2 Fungi Beasts","floor":10,"turns":3},{"damage":2,"enemies":"Looter","floor":11,"turns":3},{"damage":0,"enemies":"3 Louse","floor":13,"turns":3},{"damage":12,"enemies":"Exordium Thugs","floor":14,"turns":5},{"damage":70,"enemies":"The Guardian","floor":16,"turns":12}],"seed_played":"-7429996802378927664","potions_obtained":[{"floor":1,"key":"DuplicationPotion"},{"floor":2,"key":"FearPotion"},{"floor":10,"key":"SteroidPotion"},{"floor":13,"key":"PowerPotion"}],"is_trial":false,"path_per_floor":["M","M","?","M","?","R","$","E","T","M","M","R","M","M","R","B"],"character_chosen":"THE_SILENT","items_purchased":[],"campfire_rested":2,"item_purchase_floors":[],"current_hp_per_floor":[67,62,62,62,62,62,62,31,31,31,29,50,50,38,59,0,0],"gold":149,"neow_bonus":"RANDOM_COMMON_RELIC","is_daily":false,"chose_seed":false,"campfire_upgraded":1,"win_rate":0.0,"timestamp":1613511479,"path_taken":["M","M","?","?","?","R","?","E","T","M","?","R","M","M","R","BOSS"],"items_purchased_type":[],"build_version":"2020-12-22","purchased_purges":1,"victory":false,"max_hp_per_floor":[70,70,70,70,70,70,70,70,70,70,70,70,70,70,70,70,70],"card_choices":[{"not_picked":["Dash","Distraction","Well Laid Plans"],"picked":"SKIP","floor":1},{"not_picked":["Flying Knee","PiercingWail"],"picked":"Slice","floor":2},{"not_picked":["Flechettes","Finisher"],"picked":"Backstab","floor":4},{"not_picked":["Footwork","Tactician","All Out Attack"],"picked":"SKIP","floor":8},{"not_picked":["Dodge and Roll","Deflect","Flying Knee"],"picked":"SKIP","floor":10},{"not_picked":["Slice","Predator"],"picked":"Deadly Poison","floor":11},{"not_picked":["PiercingWail","Blade Dance","Deflect"],"picked":"SKIP","floor":13},{"not_picked":["Infinite Blades","Underhanded Strike","Outmaneuver"],"picked":"SKIP","floor":14}],"player_experience":102563,"relics_obtained":[{"floor":8,"key":"Centennial Puzzle"},{"floor":9,"key":"Toy Ornithopter"}],"event_choices":[{"damage_healed":0,"gold_gain":0,"player_choice":"Leave","damage_taken":0,"max_hp_gain":0,"max_hp_loss":0,"event_name":"FaceTrader","floor":3,"gold_loss":0},{"damage_healed":0,"gold_gain":0,"player_choice":"Left Gold","damage_taken":0,"max_hp_gain":0,"max_hp_loss":0,"event_name":"World of Goop","floor":5,"gold_loss":21}],"is_beta":false,"boss_relics":[],"items_purged_floors":[7],"is_endless":false,"potions_floor_spawned":[1,2,10,13],"killed_by":"The Guardian","ascension_level":0}}