{"host":"x5w9zppki4gdwvc7","time":1613500539,"event":{"mods":["AchievementEnabler","BaseMod","Colored Powertips","DeckTracker","Minty Spire (QoL Compilation)","SuperFastMode"],"gold_per_floor":[112,112,112,130,143,143,171,171,171,196,196,271,281,297,297,400,400,389,389,404,418,5,31,31,31,31,31,67,86,113,134,134,244,271,286,305,314,342,626,626,653,676,676,336,55,88,88,101,101,101,101,101,13,48,48,48],"floor_reached":55,"language":"ENG","playtime":3627,"items_purged":["Strike_R","Defend_R","Defend_R"],"score":777,"play_id":"c8c045e6-b6a5-4244-8a30-b95d27267d6d","local_time":"20210216193539","is_ascension_mode":false,"campfire_choices":[{"data":"Rage","floor":6,"key":"SMITH"},{"data":"Anger","floor":8,"key":"SMITH"},{"data":"Shockwave","floor":11,"key":"SMITH"},{"data":"Shrug It Off","floor":15,"key":"SMITH"},{"data":"Warcry","floor":24,"key":"SMITH"},{"data":"Warcry","floor":27,"key":"SMITH"},{"data":"Heavy Blade","floor":32,"key":"SMITH"},{"data":"Bash","floor":40,"key":"SMITH"},{"floor":47,"key":"RECALL"},{"data":"Defend_R","floor":49,"key":"SMITH"},{"floor":52,"key":"REST"}],"circlet_count":0,"master_deck":["Defend_R+1","Bash+1","Rage+1","Anger+1","Warcry+1","Warcry+1","Shrug It Off+1","Shockwave+1","Demon Form+1","CurseOfTheBell","Carnage+1","Armaments+1","Cleave+1","True Grit+1","Seeing Red+1","Shame","Bloodletting+1","Sentinel+1","Heavy Blade+1","Intimidate+1","Impervious+1","Pummel+1","Clash+1","Pummel+1","Panacea+1","Heavy Blade+1","Regret","Sever Soul+1","Finesse+1","Ghostly Armor+1"],"relics":["Burning Blood","Centennial Puzzle","Frozen Egg 2","Regal Pillow","Lantern","Orichalcum","Calling Bell","Nunchaku","Toxic Egg 2","Incense Burner","Du-Vu Doll","Gremlin Horn","Self Forming Clay","CeramicFish","Bottled Flame","Astrolabe","Vajra","Bottled Lightning","PreservedInsect","Mango","Toy Ornithopter"],"acts_visited":["Exordium","TheCity","TheBeyond","TheEnding"],"potions_floor_usage":[10,16,28,31,50,55,55],"damage_taken":[{"damage":8,"enemies":"Jaw Worm","floor":1,"turns":4},{"damage":0,"enemies":"Small Slimes","floor":4,"turns":3},{"damage":1,"enemies":"Cultist","floor":5,"turns":3},{"damage":34,"enemies":"3 Sentries","floor":7,"turns":11},{"damage":17,"enemies":"Gremlin Nob","floor":10,"turns":4},{"damage":0,"enemies":"3 Louse","floor":13,"turns":3},{"damage":1,"enemies":"Exordium Wildlife","floor":14,"turns":4},{"damage":31,"enemies":"Slime Boss","floor":16,"turns":10},{"damage":8,"enemies":"2 Thieves","floor":18,"turns":4},{"damage":4,"enemies":"3 Byrds","floor":20,"turns":7},{"damage":9,"enemies":"Cultist and Chosen","floor":21,"turns":6},{"damage":14,"enemies":"Book of Stabbing","floor":23,"turns":7},{"damage":6,"enemies":"Gremlin Leader","floor":28,"turns":6},{"damage":13,"enemies":"Centurion and Healer","floor":29,"turns":6},{"damage":4,"enemies":"Snake Plant","floor":30,"turns":4},{"damage":19,"enemies":"Shelled Parasite and Fungi","floor":31,"turns":5},{"damage":29,"enemies":"Champ","floor":33,"turns":11},{"damage":13,"enemies":"3 Darklings","floor":35,"turns":5},{"damage":0,"enemies":"3 Shapes","floor":36,"turns":3},{"damage":18,"enemies":"Maw","floor":38,"turns":6},{"damage":37,"enemies":"Giant Head","floor":41,"turns":7},{"damage":6,"enemies":"Jaw Worm Horde","floor":42,"turns":3},{"damage":2,"enemies":"Nemesis","floor":46,"turns":5},{"damage":5,"enemies":"4 Shapes","floor":48,"turns":2},{"damage":30,"enemies":"Donu and Deca","floor":50,"turns":7},{"damage":61,"enemies":"Shield and Spear","floor":54,"turns":5},{"damage":36,"enemies":"The Heart","floor":55,"turns":6}],"seed_played":"-1599309353832310625","potions_obtained":[{"floor":5,"key":"LiquidMemories"},{"floor":10,"key":"Explosive Potion"},{"floor":16,"key":"SmokeBomb"},{"floor":20,"key":"Strength Potion"},{"floor":21,"key":"Ancient Potion"},{"floor":23,"key":"DuplicationPotion"},{"floor":30,"key":"Weak Potion"},{"floor":35,"key":"Fire Potion"}],"is_trial":false,"path_per_floor":["M","?","?","M","M","R","E","R","T","E","R","?","M","M","R","B",null,"M","?","M","M","$","E","R","?","T","R","E","M","M","M","R","B",null,"M","M","?","M","?","R","E","M","T","$","$","E","R","M","R","B",null,"R","$","E","B"],"character_chosen":"IRONCLAD","items_purchased":["Du-Vu Doll","True Grit+1","Bottled Lightning","PreservedInsect","Finesse+1"],"campfire_rested":1,"item_purchase_floors":[22,22,44,45,53],"current_hp_per_floor":[78,71,71,77,80,80,52,52,52,41,41,30,36,41,41,16,80,78,78,80,77,77,69,69,69,69,69,69,62,64,51,51,28,80,73,79,79,67,67,67,36,36,36,36,36,54,54,55,55,31,94,94,94,39,13,13],"gold":48,"neow_bonus":"RANDOM_COMMON_RELIC","is_daily":false,"chose_seed":false,"campfire_upgraded":9,"win_rate":0.0,"timestamp":1613500539,"path_taken":["M","?","?","M","M","R","E","R","T","E","R","?","M","M","R","BOSS","M","?","?","M","$","E","R","?","T","R","E","M","M","M","R","BOSS","M","M","?","M","?","R","E","?","T","?","$","E","R","M","R","BOSS","R","$","E","BOSS"],"items_purchased_type":["Relic","Card","Relic","Relic","Card"],"build_version":"2020-12-22","purchased_purges":3,"victory":false,"max_hp_per_floor":[80,80,80,80,80,80,80,80,80,80,80,80,80,80,80,80,80,80,80,80,80,80,80,80,80,80,80,80,80,80,80,80,80,80,80,80,80,80,80,80,80,80,80,80,80,94,94,94,94,94,94,94,94,94,94,94],"card_choices":[{"not_picked":["Cleave","Pummel"],"picked":"Rage","floor":1},{"not_picked":["Bloodletting","Havoc"],"picked":"Warcry","floor":4},{"not_picked":["Blood for Blood","Anger"],"picked":"Warcry","floor":5},{"not_picked":["Burning Pact","Blood for Blood"],"picked":"Shrug It Off","floor":7},{"not_picked":["Clothesline","Sword Boomerang"],"picked":"Shockwave","floor":10},{"not_picked":["Metallicize+1","Anger","Sword Boomerang"],"picked":"SKIP","floor":13},{"not_picked":["Headbutt","Rage","Flex"],"picked":"SKIP","floor":14},{"not_picked":["Impervious","Fiend Fire"],"picked":"Demon Form+1","floor":16},{"not_picked":["Body Slam+1","Armaments+1"],"picked":"Carnage+1","floor":18},{"not_picked":["Anger+1","Flex+1"],"picked":"Armaments+1","floor":20},{"not_picked":["Flex+1","Anger+1"],"picked":"Cleave+1","floor":21},{"not_picked":["Sword Boomerang+1","Warcry+1"],"picked":"Seeing Red+1","floor":23},{"not_picked":["Iron Wave+1","Shrug It Off+1"],"picked":"Bloodletting+1","floor":28},{"not_picked":["Iron Wave","Heavy Blade"],"picked":"Sentinel+1","floor":29},{"not_picked":["Perfected Strike","Burning Pact+1"],"picked":"Heavy Blade","floor":30},{"not_picked":["Headbutt+1","Hemokinesis"],"picked":"Intimidate+1","floor":31},{"not_picked":["Double Tap+1","Corruption+1"],"picked":"Impervious+1","floor":33},{"not_picked":["Perfected Strike+1","Shockwave+1","Clothesline"],"picked":"SKIP","floor":35},{"not_picked":["Headbutt","Perfected Strike+1","Entrench+1"],"picked":"SKIP","floor":36},{"not_picked":["Enlightenment+1","Blind+1"],"picked":"Panacea+1","floor":37},{"not_picked":["Entrench+1","Clash+1"],"picked":"Heavy Blade+1","floor":38},{"not_picked":["Iron Wave","Anger+1","Clash"],"picked":"SKIP","floor":41},{"not_picked":["Flex+1","Hemokinesis+1"],"picked":"Sever Soul+1","floor":42},{"not_picked":["Flex+1","Bludgeon","Rupture+1"],"picked":"SKIP","floor":46},{"not_picked":["Sword Boomerang+1","Reckless Charge","Evolve+1"],"picked":"SKIP","floor":48},{"not_picked":["Shrug It Off+1","Rage+1"],"picked":"Ghostly Armor+1","floor":54}],"player_experience":660995,"relics_obtained":[{"floor":7,"key":"Regal Pillow"},{"floor":9,"key":"Lantern"},{"floor":10,"key":"Orichalcum"},{"floor":17,"key":"Nunchaku"},{"floor":17,"key":"Toxic Egg 2"},{"floor":17,"key":"Incense Burner"},{"floor":23,"key":"Gremlin Horn"},{"floor":26,"key":"CeramicFish"},{"floor":28,"key":"Bottled Flame"},{"floor":41,"key":"Vajra"},{"floor":46,"key":"Mango"},{"floor":54,"key":"Toy Ornithopter"}],"event_choices":[{"damage_healed":0,"gold_gain":0,"player_choice":"Success","damage_taken":7,"relics_obtained":["Frozen Egg 2"],"max_hp_gain":0,"max_hp_loss":0,"event_name":"Scrap Ooze","floor":2,"gold_loss":0},{"damage_healed":0,"gold_gain":0,"cards_transformed":["Strike_R"],"player_choice":"Change","damage_taken":0,"max_hp_gain":0,"max_hp_loss":0,"event_name":"Living Wall","floor":3,"gold_loss":0,"cards_obtained":["Anger"]},{"damage_healed":0,"gold_gain":75,"player_choice":"Gather Gold","damage_taken":11,"max_hp_gain":0,"max_hp_loss":0,"event_name":"World of Goop","floor":12,"gold_loss":0},{"cards_removed":["Strike_R"],"damage_healed":0,"gold_gain":0,"player_choice":"Purged","damage_taken":0,"max_hp_gain":0,"max_hp_loss":0,"event_name":"Purifier","floor":19,"gold_loss":0},{"damage_healed":0,"gold_gain":0,"player_choice":"Stole Relic","damage_taken":0,"relics_obtained":["Self Forming Clay"],"max_hp_gain":0,"max_hp_loss":0,"event_name":"Addict","floor":25,"gold_loss":0,"cards_obtained":["Shame"]},{"damage_healed":0,"gold_gain":0,"player_choice":"Memory 1","damage_taken":0,"max_hp_gain":0,"max_hp_loss":0,"event_name":"SensoryStone","floor":37,"gold_loss":0},{"damage_healed":0,"gold_gain":275,"player_choice":"Desecrate","damage_taken":0,"max_hp_gain":0,"max_hp_loss":0,"event_name":"Golden Shrine","floor":39,"gold_loss":0,"cards_obtained":["Regret"]}],"is_beta":false,"boss_relics":[{"not_picked":["Fusion Hammer","Empty Cage"],"picked":"Calling Bell"},{"not_picked":["SlaversCollar","Tiny House"],"picked":"Astrolabe"}],"items_purged_floors":[22,44,45],"is_endless":false,"potions_floor_spawned":[5,10,16,20,21,23,30,35,36,46],"killed_by":"The Heart","ascension_level":0}}