{"host":"blnmo1e2jbqugfxh","time":1613485026,"event":{"mods":["2.2 Compatiblity","Astrologer","Bard","BaseMod","Beaked The Cultist","Colored Powertips","Conspire","Downfall","Friendly Minions","Googly Eyes","Hermit","Highlight Path","Hubris","Infinite Spire","Lobotomy","Marisa????????","Mimic Mod","Minty Spire (QoL Compilation)","Prisma Mod","Quick Restart","Rare Cards Sparkle","Replay The Spire","Shop Mod","StSLib","The Construct","The Cursed","The Disciple","The Exalted","The Hierophant","The Mystic","The Servant 0.9.4"],"gold_per_floor":[118,118,143,157,157,157,238,271,271,271,281,281,308,326,326,426,426,438,454,454,7,7,7,7,42,80,94,104,120,120,135,135,236,236,255,255,266,95,115,115,55,82,132,152,168,168,168,183,183,183],"floor_reached":51,"language":"ENG","playtime":2393,"items_purged":["Regret","hubris:Sniper"],"score":577,"play_id":"e43d1d69-30d0-4c13-94ff-2a05ad999cb0","local_time":"20210216091706","is_ascension_mode":false,"campfire_choices":[{"data":"ReplayTheSpireMod:From All Sides","floor":6,"key":"SMITH"},{"data":"Neutralize","floor":10,"key":"SMITH"},{"data":"Backflip","floor":15,"key":"SMITH"},{"data":"Cloak And Dagger","floor":23,"key":"SMITH"},{"floor":30,"key":"REST"},{"data":"Backflip","floor":32,"key":"SMITH"},{"floor":40,"key":"REST"},{"floor":46,"key":"REST"},{"floor":49,"key":"REST"}],"circlet_count":0,"master_deck":["Strike_G","Strike_G","Strike_G","Strike_G","Strike_G","Defend_G","Defend_G","Defend_G","Defend_G","Defend_G","Survivor","Neutralize+1","ReplayTheSpireMod:From All Sides+1","Flying Knee","Cloak And Dagger+1","Riddle With Holes+1","Backflip+1","Riddle With Holes+1","Sucker Punch+1","Poison Darts","Poisoned Stab+1","Flying Knee+1","Backstab+1","Infinite Blades+1","Flying Knee+1","Blade Dance","Backflip+1","Outmaneuver+1","Prepared","Dash+1","A Thousand Cuts","ReplayTheSpireMod:Speed Training+1","Backflip+1","ReplayTheSpireMod:Scrap Shanks","Dodge and Roll","ReplayTheSpireMod:Shiv Toss","ReplayTheSpireMod:Shiv Toss","Dagger Throw+1","Backstab+1","Endless Agony+1","infinitespire:Menacing","Dagger Throw+1"],"relics":["Ring of the Snake","Bromod:ArcaneTempo","Pen Nib","Molten Egg 2","Replay:Rubber Ducky","Nunchaku","Letter Opener","Boot","WristBlade","Shuriken","hubris:Towel","Durian","infinitespire:Broken Mirror","Quantum Egg","Ring of Chaos","conspire:Boomerang","infinitespire:PuzzleCube"],"acts_visited":["Exordium","TheCity","TheBeyond"],"potions_floor_usage":[13,16,25,39,50,50,50],"damage_taken":[{"damage":0,"enemies":"Jaw Worm","floor":1,"turns":3},{"damage":0,"enemies":"Small Slimes","floor":4,"turns":2},{"damage":7,"enemies":"3 Sentries","floor":8,"turns":9},{"damage":0,"enemies":"2 Louse","floor":11,"turns":2},{"damage":7,"enemies":"Gremlin Nob","floor":13,"turns":3},{"damage":0,"enemies":"2 Fungi Beasts","floor":14,"turns":2},{"damage":19,"enemies":"Hexaghost","floor":16,"turns":10},{"damage":3,"enemies":"3 Byrds","floor":18,"turns":3},{"damage":12,"enemies":"Chosen","floor":19,"turns":5},{"damage":0,"enemies":"Gremlin Leader","floor":25,"turns":4},{"damage":9,"enemies":"Centurion and Healer","floor":26,"turns":4},{"damage":10,"enemies":"Centurion and Healer","floor":27,"turns":3},{"damage":0,"enemies":"Snake Plant","floor":28,"turns":2},{"damage":0,"enemies":"Sentry and Sphere","floor":29,"turns":2},{"damage":0,"enemies":"Centurion and Healer","floor":31,"turns":3},{"damage":6,"enemies":"Collector","floor":33,"turns":4},{"damage":0,"enemies":"Orb Walker","floor":35,"turns":2},{"damage":10,"enemies":"3 Darklings","floor":37,"turns":3},{"damage":25,"enemies":"4 Shapes","floor":39,"turns":6},{"damage":27,"enemies":"conspire:MimicChest","floor":42,"turns":5},{"damage":0,"enemies":"Jaw Worm Horde","floor":44,"turns":3},{"damage":0,"enemies":"Maw","floor":45,"turns":6},{"damage":4,"enemies":"Sphere and 2 Shapes","floor":48,"turns":4},{"damage":19,"enemies":"Replay:Hell Engine","floor":50,"turns":7}],"seed_played":"-6797808044846670195","potions_obtained":[{"floor":1,"key":"ColorlessPotion"},{"floor":11,"key":"Poison Potion"},{"floor":13,"key":"AttackPotion"},{"floor":27,"key":"SteroidPotion"},{"floor":29,"key":"SkillPotion"},{"floor":33,"key":"Explosive Potion"},{"floor":42,"key":"SkillPotion"},{"floor":45,"key":"AttackPotion"}],"is_trial":false,"path_per_floor":["M","?","T","M","?","R","T","E","T","R","M","?","E","M","R","B",null,"M","M","?","$","?","R","?","E","MIM","M","M","M","R","M","R","B",null,"M","?","M","$","M","R","$","?","T","M","M","R","?","M","R","B",null],"character_chosen":"THE_SILENT","items_purchased":["Infinite Blades+1","Shuriken","hubris:Sniper","ReplayTheSpireMod:Scrap Shanks","ReplayTheSpireMod:Shiv Toss"],"campfire_rested":4,"item_purchase_floors":[21,21,21,38,41],"current_hp_per_floor":[63,63,63,63,45,45,45,38,38,38,38,38,31,31,31,12,63,60,48,48,48,48,48,48,53,44,34,34,34,54,54,54,48,68,68,68,58,58,33,53,53,26,26,26,26,46,29,25,45,26],"gold":183,"neow_bonus":"THREE_RARE_CARDS","is_daily":false,"chose_seed":false,"campfire_upgraded":5,"win_rate":0.0,"timestamp":1613485026,"path_taken":["M","?","?","M","?","R","?","E","T","R","M","?","E","M","R","BOSS","M","M","?","$","?","R","?","E","MIM","M","M","M","R","M","R","BOSS","M","?","M","?","?","R","$","?","T","M","M","R","?","M","R","BOSS"],"items_purchased_type":["Card","Relic","Card","Card","Card"],"build_version":"2020-12-22","purchased_purges":2,"victory":true,"max_hp_per_floor":[63,63,63,63,63,63,63,63,63,63,63,63,63,63,63,63,63,63,63,63,63,63,63,63,68,68,68,68,68,68,68,68,68,68,68,68,68,68,68,68,68,68,68,68,68,68,68,68,68,68],"card_choices":[{"not_picked":["Wraith Form v2","Atom Bomb"],"picked":"ReplayTheSpireMod:From All Sides","floor":0},{"not_picked":["ReplayTheSpireMod:Scrap Shanks","Flechettes"],"picked":"Flying Knee","floor":1},{"not_picked":["Underhanded Strike","Riddle With Holes"],"picked":"Cloak And Dagger","floor":4},{"not_picked":["hubris:TrickCloak","Deflect"],"picked":"Riddle With Holes+1","floor":8},{"not_picked":["Bouncing Flask","Acrobatics"],"picked":"Backflip","floor":11},{"not_picked":["Acrobatics","Bane+1"],"picked":"Riddle With Holes+1","floor":13},{"not_picked":["Fluid Movement","hubris:SlightOfHand"],"picked":"Sucker Punch+1","floor":14},{"not_picked":["Corpse Explosion","ReplayTheSpireMod:From All Sides+1"],"picked":"Poison Darts","floor":16},{"not_picked":["Sucker Punch+1","Bane+1"],"picked":"Poisoned Stab+1","floor":18},{"not_picked":["Sucker Punch+1","Tactician"],"picked":"Flying Knee+1","floor":19},{"not_picked":["Underhanded Strike+1","Bane+1"],"picked":"Flying Knee+1","floor":25},{"not_picked":["Dagger Spray+1","Deadly Poison"],"picked":"Blade Dance","floor":26},{"not_picked":["ReplayTheSpireMod:The Works","Corpse Explosion"],"picked":"Backflip","floor":27},{"not_picked":["Hidden Blade","Blur"],"picked":"Outmaneuver+1","floor":28},{"not_picked":["Choke+1","Dodge and Roll"],"picked":"Prepared","floor":29},{"not_picked":["A Thousand Cuts","Hidden Blade"],"picked":"Dash+1","floor":31},{"not_picked":["Atom Bomb+1","Wraith Form v2"],"picked":"A Thousand Cuts","floor":33},{"not_picked":["Slice+1","Deflect+1"],"picked":"ReplayTheSpireMod:Speed Training+1","floor":35},{"not_picked":["Deadly Poison","PiercingWail+1"],"picked":"Backflip+1","floor":37},{"not_picked":["Flying Knee+1","Hidden Blade+1"],"picked":"Dodge and Roll","floor":39},{"not_picked":["Slice+1","Riddle With Holes+1"],"picked":"Dagger Throw+1","floor":42},{"not_picked":["Poisoned Stab+1","Riddle With Holes+1"],"picked":"Backstab+1","floor":44},{"not_picked":["Catalyst+1","Hidden Blade"],"picked":"Endless Agony+1","floor":45},{"not_picked":["infinitespire:Punishment","ReplayTheSpireMod:Black Plague"],"picked":"infinitespire:Menacing","floor":47},{"not_picked":["Choke+1","Masterful Stab+1"],"picked":"Dagger Throw+1","floor":48}],"player_experience":45838,"relics_obtained":[{"floor":3,"key":"Bromod:ArcaneTempo"},{"floor":7,"key":"Molten Egg 2"},{"floor":8,"key":"Replay:Rubber Ducky"},{"floor":9,"key":"Nunchaku"},{"floor":13,"key":"Boot"},{"floor":25,"key":"Durian"},{"floor":26,"key":"infinitespire:Broken Mirror"},{"floor":26,"key":"Quantum Egg"},{"floor":42,"key":"conspire:Boomerang"},{"floor":43,"key":"infinitespire:PuzzleCube"}],"event_choices":[{"damage_healed":0,"gold_gain":0,"player_choice":"Leave","damage_taken":0,"max_hp_gain":0,"max_hp_loss":0,"event_name":"The Cleric","floor":2,"gold_loss":0},{"damage_healed":0,"gold_gain":0,"player_choice":"Success","damage_taken":18,"relics_obtained":["Pen Nib"],"max_hp_gain":0,"max_hp_loss":0,"event_name":"Scrap Ooze","floor":5,"gold_loss":0},{"damage_healed":0,"gold_gain":0,"player_choice":"Box","damage_taken":0,"relics_obtained":["Letter Opener"],"max_hp_gain":0,"max_hp_loss":0,"event_name":"Big Fish","floor":12,"gold_loss":0,"cards_obtained":["Regret"]},{"damage_healed":0,"gold_gain":0,"player_choice":"Ignored","damage_taken":0,"max_hp_gain":0,"max_hp_loss":0,"event_name":"SecretPortal","floor":36,"gold_loss":0}],"is_beta":false,"boss_relics":[{"not_picked":["Kintsugi","Fusion Hammer"],"picked":"WristBlade"},{"not_picked":["SlaversCollar","Snecko Eye"],"picked":"Ring of Chaos"}],"items_purged_floors":[21,38],"is_endless":false,"potions_floor_spawned":[1,11,13,27,29,33,42,45,48],"ascension_level":0}}