{"host":"n5x0e04y88v3omrc","time":1613485396,"event":{"mods":["Aspiration","BaseMod","Colored Powertips","Downfall","Minty Spire (QoL Compilation)","Reimu£®≤©¿ˆ¡È√Œ£©","Replay The Spire","Shop Mod","StSLib"],"gold_per_floor":[111,122,122,122,136,136,136,136,136,191,209,37,56,68,68,169,169,187,205,205,205,225,225,252,252,279,289,389,389,399,411,411,516,516,527,233,283,302,302,302,336,355,355,371,371,384,384,398,398,398],"floor_reached":51,"language":"ZHS","playtime":4123,"items_purged":["Defend_B"],"score":641,"play_id":"a4ba0b86-8794-4cb6-81a2-3b6139383bfa","local_time":"20210216222316","is_ascension_mode":false,"campfire_choices":[{"data":"Time Bomb","floor":6.0,"key":"SMITH"},{"data":"Dualcast","floor":8.0,"key":"SMITH"},{"data":"Chill","floor":15.0,"key":"SMITH"},{"data":"Seek","floor":23.0,"key":"SMITH"},{"data":"ReplayRNGCard","floor":25.0,"key":"SMITH"},{"data":"Barrage","floor":29.0,"key":"SMITH"},{"floor":32.0,"key":"REST"},{"data":"Zap","floor":40,"key":"SMITH"},{"floor":47,"key":"REST"},{"floor":49,"key":"REST"}],"circlet_count":0,"master_deck":["Strike_B","Strike_B","Defend_B","Defend_B","Defend_B","Zap+1","Dualcast+1","Sweeping Beam+1","Cold Snap","Time Bomb+1","Rip and Tear+1","Beam Cell","Defragment+1","Chill+1","Barrage+1","Seek+1","Gash+1","Sweeping Beam+1","Writhe","ReplayRNGCard+1","Lockon","BasicCrystalCard+1","Machine Learning+1","Panic Button+1","Self Repair+1","Stack+1","Creative AI+1","ReplayTheSpireMod:Omega Cannon","Beam Cell+1"],"relics":["Cracked Core","NeowsBlessing","Membership Card","expansioncontent:StudyCardRelic","PreservedInsect","Nloth\u0027s Gift","Frozen Egg 2","sneckomod:BlankCard","sneckomod:SneckoTalon","MerchantsRug","aspiration:SeaSaltIceCream","Magic Flower","Thread and Needle","Mirror","aspiration:HummingbirdHeart"],"acts_visited":["Exordium","TheCity","TheBeyond"],"potions_floor_usage":[41,41,44,50,50],"damage_taken":[{"damage":0.0,"enemies":"Cultist","floor":1.0,"turns":1.0},{"damage":0.0,"enemies":"Jaw Worm","floor":2.0,"turns":1.0},{"damage":0.0,"enemies":"2 Louse","floor":5.0,"turns":1.0},{"damage":12.0,"enemies":"Blue Slaver","floor":11.0,"turns":2.0},{"damage":6.0,"enemies":"3 Louse","floor":13.0,"turns":2.0},{"damage":8.0,"enemies":"Exordium Thugs","floor":14.0,"turns":3.0},{"damage":32.0,"enemies":"Fading Forest","floor":16.0,"turns":11.0},{"damage":0.0,"enemies":"Spheric Guardian","floor":18.0,"turns":2.0},{"damage":3.0,"enemies":"3 Byrds","floor":19.0,"turns":4.0},{"damage":2.0,"enemies":"Shelled Parasite and Fungi","floor":22.0,"turns":4.0},{"damage":17.0,"enemies":"Book of Stabbing","floor":24.0,"turns":4.0},{"damage":10.0,"enemies":"Cultist and Chosen","floor":27.0,"turns":5.0},{"damage":0.0,"enemies":"Centurion and Healer","floor":30.0,"turns":6.0},{"damage":13.0,"enemies":"Snecko","floor":31.0,"turns":3.0},{"damage":39.0,"enemies":"Automaton","floor":33.0,"turns":7.0},{"damage":26.0,"enemies":"3 Darklings","floor":35.0,"turns":4.0},{"damage":13.0,"enemies":"Mind Bloom Boss Battle","floor":37.0,"turns":4.0},{"damage":9,"enemies":"Orb Walker","floor":38,"turns":3},{"damage":10,"enemies":"Nemesis","floor":41,"turns":5},{"damage":29,"enemies":"Spire Growth","floor":42,"turns":4},{"damage":0,"enemies":"Maw","floor":44,"turns":6},{"damage":30,"enemies":"4 Shapes","floor":46,"turns":2},{"damage":7,"enemies":"Spire Growth","floor":48,"turns":3},{"damage":48,"enemies":"Time Eater","floor":50,"turns":9}],"seed_played":"2885804570762249861","potions_obtained":[{"floor":2.0,"key":"Regen Potion"},{"floor":4.0,"key":"LiquidMemories"},{"floor":4.0,"key":"DuplicationPotion"},{"floor":14.0,"key":"Languid Potion"},{"floor":18.0,"key":"ZuzhouPotion:ReiMu"},{"floor":19.0,"key":"SpeedPotion"},{"floor":24.0,"key":"Languid Potion"},{"floor":30.0,"key":"Fire Potion"},{"floor":35.0,"key":"BlessingOfTheForge"},{"floor":38,"key":"Guardian:BlockOnCardUsePotion"},{"floor":41,"key":"SpeedPotion"},{"floor":42,"key":"EssenceOfSteel"}],"is_trial":false,"path_per_floor":["M","M","?","?","M","R","?","R","T","T","M","$","M","M","R","B",null,"M","M","?","?","M","R","E","R","T","M","?","R","M","M","R","B",null,"M","$","?","M","?","R","E","M","T","M","?","M","R","M","R","B",null],"character_chosen":"DEFECT","items_purchased":["Membership Card","Defragment+1","MerchantsRug","Self Repair+1","aspiration:SeaSaltIceCream","EntropicBrew"],"campfire_rested":3,"item_purchase_floors":[12,12,36,36,36,36],"current_hp_per_floor":[75,75,75,75,75,75,75,75,75,75,63,63,57,49,49,42,75,75,72,72,72,70,70,53,53,53,43,43,43,43,30,52,13,75,49,49,36,42,42,42,47,33,33,48,48,18,40,33,55,7],"gold":398,"neow_bonus":"THREE_ENEMY_KILL","is_daily":false,"chose_seed":false,"campfire_upgraded":7,"win_rate":0.0,"timestamp":1613485396,"path_taken":["M","M","?","?","?","R","?","R","T","?","M","$","M","M","R","BOSS","M","M","?","?","?","R","E","R","T","M","?","R","?","M","R","BOSS","M","$","?","M","?","R","E","M","T","?","?","M","R","M","R","BOSS"],"items_purchased_type":["Relic","Card","Relic","Card","Relic","Potion"],"build_version":"2020-12-22","purchased_purges":1,"victory":true,"max_hp_per_floor":[75,75,75,75,75,75,75,75,75,75,75,75,75,75,75,75,75,75,75,75,75,75,75,75,75,75,75,75,75,75,75,75,75,75,75,75,75,75,75,75,75,75,75,75,75,75,75,75,75,75],"card_choices":[{"not_picked":["BasicCrystalCard","Gash"],"picked":"Sweeping Beam","floor":1.0},{"not_picked":["Leap","Genetic Algorithm"],"picked":"Cold Snap","floor":2.0},{"not_picked":["ReplayTheSpireMod:Calculation Training","Ball Lightning"],"picked":"Time Bomb","floor":5.0},{"not_picked":["Stack","Streamline"],"picked":"Beam Cell","floor":11.0},{"not_picked":["Undo","Coolheaded"],"picked":"Chill","floor":13.0},{"not_picked":["Rebound","Stack"],"picked":"Barrage","floor":14.0},{"not_picked":["Amplify","Thunder Strike"],"picked":"Seek","floor":16.0},{"not_picked":["Cold Snap","Ball Lightning"],"picked":"Gash+1","floor":18.0},{"not_picked":["ReplayGash","Aggregate"],"picked":"Sweeping Beam+1","floor":19.0},{"not_picked":["Glacier","Compile Driver","Hello World"],"picked":"SKIP","floor":22.0},{"not_picked":["Barrage","Blizzard"],"picked":"ReplayRNGCard","floor":24.0},{"not_picked":["Conserve Battery","Hologram"],"picked":"Lockon","floor":27.0},{"not_picked":["Leap","Storm+1","Cold Snap"],"picked":"SKIP","floor":30.0},{"not_picked":["Streamline","Chill"],"picked":"BasicCrystalCard+1","floor":31.0},{"not_picked":["Creative AI+1","Biased Cognition+1"],"picked":"Machine Learning+1","floor":33.0},{"not_picked":["Compile Driver","Stack+1"],"picked":"Panic Button+1","floor":35.0},{"not_picked":["Cold Snap","Sweeping Beam"],"picked":"Stack+1","floor":37},{"not_picked":["Compile Driver+1","Blizzard"],"picked":"Creative AI+1","floor":38},{"not_picked":["Glacier","Creative AI+1"],"picked":"ReplayTheSpireMod:Omega Cannon","floor":41},{"not_picked":["Hello World+1","Reprogram","Blizzard"],"picked":"SKIP","floor":42},{"not_picked":["Hologram","BasicCrystalCard","FTL+1"],"picked":"SKIP","floor":44},{"not_picked":["Force Field","Redo"],"picked":"Beam Cell+1","floor":46},{"not_picked":["Go for the Eyes","Hologram","Ball Lightning"],"picked":"SKIP","floor":48}],"player_experience":70263,"relics_obtained":[{"floor":10.0,"key":"aspiration:HiddenCompartment"},{"floor":24.0,"key":"Frozen Egg 2"},{"floor":26.0,"key":"sneckomod:BlankCard"},{"floor":37,"key":"Thread and Needle"},{"floor":41,"key":"Mirror"},{"floor":43,"key":"aspiration:HummingbirdHeart"}],"event_choices":[{"damage_healed":0.0,"max_hp_gain":0.0,"max_hp_loss":0.0,"gold_gain":0.0,"event_name":"Lab","player_choice":"Got Potions","floor":4.0,"gold_loss":0.0,"damage_taken":0.0},{"damage_healed":0.0,"max_hp_gain":0.0,"max_hp_loss":0.0,"gold_gain":0.0,"event_name":"The Mausoleum","player_choice":"Opened","floor":20.0,"gold_loss":0.0,"damage_taken":0.0,"relics_obtained":["PreservedInsect"],"cards_obtained":["Writhe"]},{"damage_healed":0.0,"max_hp_gain":0.0,"max_hp_loss":0.0,"gold_gain":0.0,"event_name":"N\u0027loth","player_choice":"Traded Relic","floor":21.0,"relics_lost":["aspiration:HiddenCompartment"],"gold_loss":0.0,"damage_taken":0.0,"relics_obtained":["Nloth\u0027s Gift"]},{"damage_healed":0.0,"max_hp_gain":0.0,"max_hp_loss":0.0,"gold_gain":100.0,"event_name":"Golden Shrine","player_choice":"Pray","floor":28.0,"gold_loss":0.0,"damage_taken":0.0},{"damage_healed":0.0,"max_hp_gain":0.0,"max_hp_loss":0.0,"gold_gain":0.0,"event_name":"MindBloom","player_choice":"Fight","floor":37.0,"gold_loss":0.0,"damage_taken":0.0},{"damage_healed":0,"gold_gain":0,"player_choice":"Upgraded","damage_taken":0,"max_hp_gain":0,"max_hp_loss":0,"event_name":"Upgrade Shrine","floor":39,"gold_loss":0,"cards_upgraded":["Sweeping Beam"]},{"damage_healed":0,"gold_gain":0,"player_choice":"Ignored","damage_taken":0,"max_hp_gain":0,"max_hp_loss":0,"event_name":"Tomb of Lord Red Mask","floor":45,"gold_loss":0}],"is_beta":false,"boss_relics":[{"not_picked":["Fusion Hammer","Ectoplasm"],"picked":"expansioncontent:StudyCardRelic"},{"not_picked":["aspiration:WatcherSkillbook","aspiration:FutureDiary"],"picked":"sneckomod:SneckoTalon"}],"items_purged_floors":[36],"is_endless":false,"potions_floor_spawned":[2,5,14,18,19,24,30,35,38,41,42],"ascension_level":0}}