{"host":"nb3r5a3er9rrnn3n","time":1613473442,"event":{"mods":["Always Whale","BaseMod","Colored Map","Minty Spire (QoL Compilation)","Relic Stats","StSLib","everything is the same but u backflip on backflip"],"gold_per_floor":[113,27,27,39,58,392,392,392,392],"floor_reached":8,"language":"ENG","playtime":329,"items_purged":[],"score":112,"play_id":"9c780573-8191-4aac-9546-abd288412dc9","local_time":"20210216220402","is_ascension_mode":true,"campfire_choices":[{"data":"Eviscerate","floor":7,"key":"SMITH"}],"circlet_count":0,"master_deck":["AscendersBane","Strike_G","Strike_G","Strike_G","Strike_G","Strike_G","Defend_G","Defend_G","Defend_G","Defend_G","Defend_G","Survivor","Neutralize","Unload","Footwork","Eviscerate+1","Cloak And Dagger","Reflex","Escape Plan"],"relics":["Ring of the Snake","Old Coin"],"acts_visited":["Exordium"],"potions_floor_usage":[6],"damage_taken":[{"damage":0,"enemies":"2 Louse","floor":1,"turns":4},{"damage":0,"enemies":"Jaw Worm","floor":4,"turns":5},{"damage":3,"enemies":"Small Slimes","floor":5,"turns":3},{"damage":26,"enemies":"Lagavulin","floor":6,"turns":9},{"damage":57,"enemies":"Gremlin Nob","floor":8,"turns":4}],"seed_played":"5515701990438993964","potions_obtained":[{"floor":4,"key":"LiquidMemories"}],"is_trial":false,"path_per_floor":["M","$","?","M","M","E","R","E"],"character_chosen":"THE_SILENT","items_purchased":["Eviscerate"],"campfire_rested":0,"item_purchase_floors":[2],"current_hp_per_floor":[59,59,59,59,56,30,30,0,0],"gold":392,"neow_bonus":"THREE_RARE_CARDS","is_daily":false,"chose_seed":false,"campfire_upgraded":1,"win_rate":0.0,"timestamp":1613473442,"path_taken":["M","$","?","M","M","E","R","E"],"items_purchased_type":["Card"],"build_version":"2020-12-22","purchased_purges":0,"victory":false,"max_hp_per_floor":[60,60,60,60,60,60,60,60,60],"relic_stats":{"counters":[5,25],"obtain_stats":[{"Ring of the Snake":0,"Old Coin":6},{"Ring of the Snake":0,"Old Coin":4},{"Ring of the Snake":0,"Old Coin":21}],"Ring of the Snake":[10]},"card_choices":[{"not_picked":["Venomology","Die Die Die"],"picked":"Unload","floor":0},{"not_picked":["Deadly Poison","Bane"],"picked":"Footwork","floor":1},{"not_picked":["Flechettes","Quick Slash"],"picked":"Cloak And Dagger","floor":4},{"not_picked":["Slice","Riddle With Holes"],"picked":"Reflex","floor":5},{"not_picked":["Slice","Distraction"],"picked":"Escape Plan","floor":6}],"player_experience":1655124,"relics_obtained":[{"floor":6,"key":"Old Coin"}],"event_choices":[{"damage_healed":0,"gold_gain":0,"player_choice":"Ignored","damage_taken":0,"max_hp_gain":0,"max_hp_loss":0,"event_name":"Liars Game","floor":3,"gold_loss":0}],"is_beta":false,"boss_relics":[],"items_purged_floors":[],"is_endless":false,"potions_floor_spawned":[4],"killed_by":"Gremlin Nob","ascension_level":20}}