{"host":"am0cr9xwekqmrere","time":1613439381,"event":{"mods":["AchievementEnabler","Act Like it!","BaseMod","Better Altar","Better Match","Better Note","Better Sensory Stone","Better Skull","Better Third Choice","BetterRewards","Conspire","Downfall","Hubris","Infinite Spire","Minty Spire (QoL Compilation)","Rare Cards Sparkle","Spicy Shops","StSLib","Unceasing Turn Reminder"],"gold_per_floor":[99,110,120,139,239,239,266,266,299,312,212,73,84,103,117,212,212,212,226,226,226,226,226],"floor_reached":21,"language":"ENG","playtime":877,"items_purged":[],"score":181,"play_id":"f7ae6e96-699f-4a52-838e-add132df18fe","local_time":"20210215193621","is_ascension_mode":false,"campfire_choices":[{"data":"hexamod:Float","floor":1,"key":"SMITH"},{"data":"hexamod:Firestarter","floor":6,"key":"SMITH"},{"data":"hexamod:Firestarter","floor":8,"key":"SMITH"},{"floor":11,"key":"REST"},{"floor":18,"key":"RECALL"}],"circlet_count":0,"master_deck":["hexamod:Strike+1","hexamod:Strike+1","hexamod:Strike","hexamod:Strike","hexamod:Defend","hexamod:Defend","hexamod:Defend","hexamod:Defend","hexamod:Sear","hexamod:Float+1","hexamod:FlamesFromBeyond","hexamod:Firestarter+1","hexamod:Firestarter+1","hexamod:RainOfEmbers","hexamod:AdvancingGuard","hexamod:Hexaguard","hexamod:ExtraCrispy","hexamod:FourthSeal","hexamod:ThermalTransfer","hexamod:BurningTouch","hexamod:SuperheatedStrike","hexamod:VolcanoVisage","hexamod:WildfireWeapon","hexamod:RadiantFlame","infinitespire:SevenWalls"],"relics":["hexamod:SpiritBrand","Dream Catcher","conspire:TopHat","Whetstone","downfall:HeartBlessingGreen","Black Star","hubris:FruitBowl","hubris:KleinBottle"],"acts_visited":["Exordium","TheCity"],"potions_floor_usage":[10,14,15,16,19,21],"damage_taken":[{"damage":2,"enemies":"Small Slimes","floor":2,"turns":5},{"damage":0,"enemies":"Cultist","floor":3,"turns":3},{"damage":0,"enemies":"2 Louse","floor":4,"turns":3},{"damage":8,"enemies":"Gremlin Nob","floor":9,"turns":3},{"damage":3,"enemies":"2 Fungi Beasts","floor":10,"turns":3},{"damage":0,"enemies":"downfall:FleeingMerchant","floor":12,"turns":4},{"damage":22,"enemies":"Gremlin Gang","floor":13,"turns":4},{"damage":10,"enemies":"downfall:LooterAlt","floor":14,"turns":3},{"damage":5,"enemies":"Exordium Thugs","floor":15,"turns":3},{"damage":34,"enemies":"IC_STATUS_ARCHETYPE","floor":16,"turns":9},{"damage":25,"enemies":"3 Byrds","floor":19,"turns":6},{"damage":7,"enemies":"Shell Parasite","floor":21,"turns":4}],"seed_played":"-5626733010945800852","potions_obtained":[{"floor":9,"key":"SkillPotion"},{"floor":13,"key":"AttackPotion"},{"floor":13,"key":"Ancient Potion"},{"floor":14,"key":"conspire:TimeTravelPotion"},{"floor":14,"key":"SkillPotion"},{"floor":15,"key":"Swift Potion"},{"floor":16,"key":"PowerPotion"},{"floor":19,"key":"SteroidPotion"}],"is_trial":false,"path_per_floor":["R","M","M","M","?","R","T","R","E","M","R","$","M","M","M","B",null,"R","M","$","M"],"character_chosen":"THE_SPIRIT","items_purchased":["hexamod:FourthSeal","hexamod:ThermalTransfer","hubris:FruitBowl","hubris:KleinBottle"],"campfire_rested":1,"item_purchase_floors":[12,12,20,20],"current_hp_per_floor":[70,68,68,68,68,68,68,68,60,57,70,70,48,38,33,14,70,70,45,7,0,0,0],"gold":226,"neow_bonus":"RANDOM_COMMON_RELIC","is_daily":false,"chose_seed":false,"campfire_upgraded":3,"win_rate":0.0,"timestamp":1613439381,"path_taken":["R","M","M","M","?","R","T","R","E","?","R","$","M","M","M","BOSS","R","M","?","M"],"items_purchased_type":["Card","Card","Relic","Relic"],"build_version":"2020-12-22","purchased_purges":0,"victory":false,"max_hp_per_floor":[70,70,70,70,70,70,70,70,70,70,70,70,70,70,70,70,70,70,70,70,70,70,70],"card_choices":[{"not_picked":["hexamod:Hexaguard","hexamod:GhostShield"],"picked":"hexamod:FlamesFromBeyond","floor":2},{"not_picked":["hexamod:FastForward","hexamod:ShieldOfDarkness"],"picked":"hexamod:Firestarter","floor":3},{"not_picked":["hexamod:SwordOfDarkness","hexamod:NecessarySacrifice"],"picked":"hexamod:Firestarter","floor":4},{"not_picked":["hexamod:GhostLash","hexamod:HeatCrush"],"picked":"hexamod:RainOfEmbers","floor":9},{"not_picked":["hexamod:NightmareStrike","hexamod:Haunt"],"picked":"hexamod:AdvancingGuard","floor":10},{"not_picked":["hexamod:GhostLash","hexamod:GhostOfSpirePast"],"picked":"hexamod:Hexaguard","floor":11},{"not_picked":["hexamod:TimeWarp","hexamod:GhostLash"],"picked":"hexamod:ExtraCrispy","floor":12},{"not_picked":["hexamod:HeatMetal","hexamod:InspiringFlames"],"picked":"hexamod:BurningTouch","floor":13},{"not_picked":["hexamod:AdvancingGuard","hexamod:HauntingEcho"],"picked":"hexamod:SuperheatedStrike","floor":14},{"not_picked":["hexamod:NightmareGuise","hexamod:ThermalTransfer"],"picked":"hexamod:VolcanoVisage","floor":15},{"not_picked":["hexamod:GhostOfSpirePresent","hexamod:ForkedFlame"],"picked":"hexamod:WildfireWeapon","floor":16},{"not_picked":["hexamod:GhostShield+1","hexamod:NightmareGuise"],"picked":"hexamod:RadiantFlame","floor":19},{"not_picked":["hubris:Fate","infinitespire:Execution"],"picked":"infinitespire:SevenWalls","floor":20}],"player_experience":2801777,"relics_obtained":[{"floor":7,"key":"conspire:TopHat"},{"floor":9,"key":"Whetstone"}],"event_choices":[{"damage_healed":0,"gold_gain":100,"player_choice":"Gold","damage_taken":0,"max_hp_gain":0,"max_hp_loss":0,"event_name":"Wheel of Change","floor":5,"gold_loss":0}],"is_beta":false,"boss_relics":[{"not_picked":["hubris:HollowSoul","Empty Cage"],"picked":"Black Star"}],"items_purged_floors":[],"is_endless":false,"potions_floor_spawned":[9,13,14,16],"killed_by":"Shell Parasite","ascension_level":0}}