{"host":"v3uiz0f6o9fje2a8","time":1613516724,"event":{"mods":["AchievementEnabler","Act Like it!","BaseMod","Block Reminder","Colored Map","Colored Powertips","Downfall","Infinite Spire","Jorbs\u0027s Wanderer Trilogy","Minty Spire (QoL Compilation)","Rare Cards Sparkle","Robot Space Explorer","StSLib","The Hierophant","The Marked","The Runesmith"],"gold_per_floor":[113,113,113,128,102,102,102,102,129,145,145,145,159,17,17,117,117,127,142,417,434,449,449,484,484,484],"floor_reached":25,"language":"ENG","playtime":1122,"items_purged":[],"score":211,"play_id":"b1a1ab75-c816-4d8d-bf6f-0f6cd308c08b","local_time":"20210216230524","is_ascension_mode":false,"campfire_choices":[{"data":"Self Repair","floor":6,"key":"SMITH"},{"data":"Zap","floor":8,"key":"SMITH"},{"data":"Static Discharge","floor":15,"key":"SMITH"},{"floor":23,"key":"REST"}],"circlet_count":0,"master_deck":["Strike_B","Strike_B","Strike_B","Strike_B","Defend_B","Defend_B","Defend_B","Defend_B","Zap+1","Dualcast","Self Repair+1","Conserve Battery","Hologram","Redo+1","Steam","Static Discharge+1","Tempest","Amplify","Static Discharge","Chaos","Regret","Hello World","Turbo","Self Repair+1"],"relics":["Cracked Core","Toy Ornithopter","Inserter","Pantograph"],"acts_visited":["Exordium","TheCity"],"potions_floor_usage":[16,21,21,24,25,25],"damage_taken":[{"damage":0,"enemies":"Jaw Worm","floor":1,"turns":3},{"damage":2,"enemies":"2 Louse","floor":4,"turns":3},{"damage":10,"enemies":"Cultist","floor":10,"turns":4},{"damage":27,"enemies":"Lots of Slimes","floor":13,"turns":5},{"damage":31,"enemies":"Slime Boss","floor":16,"turns":9},{"damage":7,"enemies":"Spheric Guardian","floor":18,"turns":3},{"damage":28,"enemies":"2 Thieves","floor":19,"turns":4},{"damage":32,"enemies":"Centurion and Healer","floor":21,"turns":7},{"damage":31,"enemies":"Shelled Parasite and Fungi","floor":22,"turns":4},{"damage":49,"enemies":"Slavers","floor":24,"turns":3},{"damage":17,"enemies":"Snake Plant","floor":25,"turns":3}],"seed_played":"-8163334628462187110","potions_obtained":[{"floor":1,"key":"Swift Potion"},{"floor":4,"key":"FocusPotion"},{"floor":16,"key":"hexamod:SoulburnPotion"},{"floor":19,"key":"Fire Potion"},{"floor":21,"key":"DistilledChaos"},{"floor":22,"key":"Block Potion"}],"is_trial":false,"path_per_floor":["M","?","?","M","$","R","$","R","T","M","$","?","M","$","R","B",null,"M","M","?","M","M","R","E","M"],"character_chosen":"DEFECT","items_purchased":["Hologram","Static Discharge","Tempest"],"campfire_rested":1,"item_purchase_floors":[5,14,14],"current_hp_per_floor":[82,82,82,82,82,82,82,82,82,82,82,82,65,65,65,49,82,75,57,57,45,24,48,4,0,0],"gold":484,"neow_bonus":"TEN_PERCENT_HP_BONUS","is_daily":false,"chose_seed":false,"campfire_upgraded":3,"win_rate":0.0,"timestamp":1613516724,"path_taken":["M","?","?","?","$","R","?","R","T","M","$","?","?","$","R","BOSS","M","?","?","?","M","R","E","M"],"items_purchased_type":["Card","Card","Card"],"build_version":"2020-12-22","purchased_purges":0,"victory":false,"max_hp_per_floor":[82,82,82,82,82,82,82,82,82,82,82,82,82,82,82,82,82,82,82,82,82,82,82,82,82,82],"card_choices":[{"not_picked":["Auto Shields","Tempest"],"picked":"Self Repair","floor":1},{"not_picked":["Gash","Rip and Tear"],"picked":"Conserve Battery","floor":4},{"not_picked":["Gash","Cold Snap"],"picked":"Redo","floor":10},{"not_picked":["Fusion","Aggregate"],"picked":"Steam","floor":13},{"not_picked":["Reboot","Rainbow"],"picked":"Amplify","floor":16},{"not_picked":["Streamline","Ball Lightning+1"],"picked":"Static Discharge","floor":18},{"not_picked":["Streamline","Gash"],"picked":"Chaos","floor":19},{"not_picked":["Compile Driver","Gash"],"picked":"Hello World","floor":21},{"not_picked":["Compile Driver+1","Gash"],"picked":"Turbo","floor":22},{"not_picked":["Scrape","Amplify"],"picked":"Self Repair+1","floor":24}],"player_experience":71582,"relics_obtained":[{"floor":9,"key":"Toy Ornithopter"},{"floor":24,"key":"Pantograph"}],"event_choices":[{"damage_healed":0,"gold_gain":0,"player_choice":"Ignored","damage_taken":0,"max_hp_gain":0,"max_hp_loss":0,"event_name":"NoteForYourself","floor":3,"gold_loss":0},{"damage_healed":0,"gold_gain":0,"player_choice":"Upgraded","damage_taken":0,"max_hp_gain":0,"max_hp_loss":0,"event_name":"Upgrade Shrine","floor":12,"gold_loss":0,"cards_upgraded":["Redo"]},{"damage_healed":0,"gold_gain":275,"player_choice":"Desecrate","damage_taken":0,"max_hp_gain":0,"max_hp_loss":0,"event_name":"Golden Shrine","floor":20,"gold_loss":0,"cards_obtained":["Regret"]}],"is_beta":false,"boss_relics":[{"not_picked":["Philosopher\u0027s Stone","SlaversCollar"],"picked":"Inserter"}],"items_purged_floors":[],"is_endless":false,"potions_floor_spawned":[1,4,16,19,21,22],"killed_by":"Snake Plant","ascension_level":0}}