{"host":"e1dlxrn9xf91lno8","time":1613492242,"event":{"mods":["AchievementEnabler","Aspiration","Bard","BaseMod","Beaked The Cultist","Bestiary","Better Altar","Better Sensory Stone","Better Third Choice","BetterRewards","Bossed Relics","Colored Map","Colored Powertips","Energized Spire","Filter the Spire","GungeonMod","Hermit","Highlight Path","Hubris","Infinite Spire","Mimic Mod","Minty Spire (QoL Compilation)","Morshu Shopkeeper","Morshu Shopkeeper - ENHANCED","Quick Restart","Rare Cards Sparkle","Reliquary","Replay The Spire","Shop Mod","Smile Girya","Somnambulant","StSLib","The Blue Laboratory","The Cursed","The Disciple","The Runesmith","Together in Spire","Uncapped","everything is the same but u backflip on backflip","slay the spire mod where everything is the same but ironclad has a cowboy hat"],"gold_per_floor":[114,79,79,89,89,89,89,99,168,185,36,36,36,55,55,159,159,176,176,176,176,196,207,207,207,50,50,50,79,79,79,79],"floor_reached":31,"language":"ENG","playtime":1022,"items_purged":["Burn"],"score":241,"play_id":"9a0e9349-157d-47e4-baf7-f2d8789a2953","local_time":"20210216111722","is_ascension_mode":false,"campfire_choices":[{"data":"beaked:Ceremony","floor":6,"key":"SMITH"},{"data":"beaked:Ceremony","floor":12,"key":"SMITH"},{"floor":15,"key":"REST"},{"floor":25,"key":"REST"},{"data":"beaked:KnowThyFoe","floor":27,"key":"SMITH"}],"circlet_count":0,"master_deck":["beaked:Strike_Y","beaked:Strike_Y","beaked:Strike_Y","beaked:Strike_Y","beaked:Strike_Y","beaked:Strike_Y","beaked:Defend_Y","beaked:Defend_Y","beaked:Defend_Y","beaked:Defend_Y","beaked:Ceremony","beaked:Ceremony+1","beaked:Ceremony+1","beaked:DigDeep","beaked:Overpower","beaked:Evade","Spreading Infection","beaked:Roost","beaked:Overpower","beaked:MimicHuntress","beaked:KnowThyFoe+1","beaked:Overpower+1","beaked:Windmill+1","beaked:WindBringer+1","beaked:Insight"],"relics":["beaked:MendingPlumage","aspiration:Nostalgia","bard:PitchPipe","ReplayTheSpireMod:Ring of Exchange","Ring of Panic","ReplayTheSpireMod:Ninjato","Garlic","beaked:RitualPlumage","beaked:ThroatLozenge","Replay:Kaleidoscope","DemoMod:Metronome"],"acts_visited":["Exordium","TheCity"],"potions_floor_usage":[16],"damage_taken":[{"damage":14,"enemies":"Small Slimes","floor":1,"turns":4},{"damage":5,"enemies":"2 Louse","floor":4,"turns":3},{"damage":18,"enemies":"Cultist","floor":8,"turns":5},{"damage":21,"enemies":"Exordium Thugs","floor":10,"turns":5},{"damage":3,"enemies":"Blue Slaver","floor":14,"turns":4},{"damage":30,"enemies":"The Guardian","floor":16,"turns":12},{"damage":32,"enemies":"2 Thieves","floor":18,"turns":5},{"damage":3,"enemies":"Spheric Guardian","floor":22,"turns":4},{"damage":16,"enemies":"3 Cultists","floor":23,"turns":5},{"damage":45,"enemies":"Slavers","floor":29,"turns":5},{"damage":41,"enemies":"Snecko","floor":31,"turns":5}],"seed_played":"-1497705206519566384","potions_obtained":[{"floor":4,"key":"Languid Potion"},{"floor":10,"key":"blueLaboratory:EnragingPotion"},{"floor":14,"key":"BlessingOfTheForge"},{"floor":23,"key":"blueLaboratory:PhilterOfMotion"}],"is_trial":false,"path_per_floor":["M","$","?","M","?","R","?","M","T","M","$","R","T","M","R","B",null,"M","AVR","PTL","PTL","M","M","?","R","$","R","T","E","?","M"],"character_chosen":"BEAKED_THE_CULTIST","items_purchased":["beaked:Overpower","beaked:Overpower","beaked:ThroatLozenge"],"campfire_rested":2,"item_purchase_floors":[2,11,26],"current_hp_per_floor":[45,45,45,47,47,47,47,38,38,29,29,29,29,39,50,47,50,27,27,27,27,39,41,38,50,50,50,50,20,15,0,0],"gold":79,"neow_bonus":"NOSTALGIA","is_daily":false,"chose_seed":false,"campfire_upgraded":3,"win_rate":0.0,"timestamp":1613492242,"path_taken":["M","$","?","M","?","R","?","M","T","M","$","R","?","M","R","BOSS","M","AVR","PTL","PTL","M","M","?","R","?","R","T","E","?","M"],"items_purchased_type":["Card","Card","Relic"],"build_version":"2020-12-22","purchased_purges":1,"victory":false,"max_hp_per_floor":[50,50,50,50,50,50,50,50,50,50,50,50,50,50,50,50,50,50,50,50,50,50,50,50,50,50,50,50,50,50,50,50],"card_choices":[{"not_picked":["beaked:Resilience","beaked:Tweet"],"picked":"beaked:DigDeep","floor":1},{"not_picked":["beaked:Poke","beaked:Windmill"],"picked":"beaked:Evade","floor":4},{"not_picked":["beaked:BarbedWire","beaked:DigDeeper","beaked:Resilience"],"picked":"SKIP","floor":8},{"not_picked":["beaked:RuinSticks","beaked:Flinch"],"picked":"beaked:Roost","floor":10},{"not_picked":["beaked:SurvivalInstinct","beaked:CursingBlood"],"picked":"beaked:MimicHuntress","floor":14},{"not_picked":["beaked:Sacrifice","beaked:FullHouse"],"picked":"beaked:KnowThyFoe","floor":16},{"not_picked":["beaked:VigorBurst","beaked:Resilience"],"picked":"beaked:Overpower+1","floor":18},{"not_picked":["beaked:CrazyRituals","beaked:CursingBlood+1"],"picked":"beaked:Windmill+1","floor":22},{"not_picked":["beaked:Evade+1","beaked:Foresight+1"],"picked":"beaked:WindBringer+1","floor":23},{"not_picked":["beaked:Foresight","beaked:WindBringer"],"picked":"beaked:Insight","floor":29}],"player_experience":20340,"relics_obtained":[{"floor":7,"key":"ReplayTheSpireMod:Ring of Exchange"},{"floor":7,"key":"Ring of Panic"},{"floor":9,"key":"ReplayTheSpireMod:Ninjato"},{"floor":13,"key":"Garlic"},{"floor":28,"key":"Replay:Kaleidoscope"},{"floor":29,"key":"DemoMod:Metronome"}],"event_choices":[{"damage_healed":47,"gold_gain":0,"player_choice":"Embrace Burn","damage_taken":0,"max_hp_gain":0,"max_hp_loss":50,"event_name":"betterThird:BetterShining","floor":5,"gold_loss":0},{"damage_healed":0,"gold_gain":0,"player_choice":"Punched","damage_taken":3,"max_hp_gain":0,"max_hp_loss":0,"event_name":"Designer","floor":24,"gold_loss":0},{"damage_healed":0,"gold_gain":0,"player_choice":"Damaged","damage_taken":5,"max_hp_gain":0,"max_hp_loss":0,"event_name":"Wheel of Change","floor":30,"gold_loss":0}],"is_beta":false,"boss_relics":[{"not_picked":["reliquary:CitrusReamer","Busted Crown"],"picked":"beaked:RitualPlumage"}],"items_purged_floors":[11],"is_endless":false,"potions_floor_spawned":[4,10,14,23,29],"killed_by":"Snecko","ascension_level":0}}