{"host":"cnjdghfb9ohep0ah","time":1613446933,"event":{"mods":["Act Like it!","BaseMod","Downfall","Minty Spire (QoL Compilation)","Replay The Spire","StSLib","The Cursed","The Servant 0.9.4"],"gold_per_floor":[114,114,127,143,162,190,214,214,240,255,267,267,267,284,284,386,386,402,388,89,89,89,117,136,136,136,149,169,169,196,196,196,291,291,307,307,327,341,355,355,385,385,409,426,444,14,26,51,51,150,150,169,179,179,179],"floor_reached":53,"language":"ZHS","playtime":41642,"items_purged":["Guardian:Defend_Guardian"],"score":1217,"play_id":"dd7db7f2-dc53-4ac8-864e-2c7fd7991d2d","local_time":"20210216114213","daily_mods":["Heirloom"],"is_ascension_mode":false,"campfire_choices":[{"data":"Guardian:SpikerProtocol","floor":8,"key":"SMITH"},{"data":"Guardian:EvasiveProtocol","floor":12,"key":"SMITH"},{"data":"Guardian:Orbwalk","floor":15,"key":"SMITH"},{"data":"Guardian:SpikerProtocol","floor":25,"key":"SMITH"},{"data":"ReplayTheSpireMod:Faulty Equipment","floor":25,"key":"SMITH"},{"data":"Guardian:SpikerProtocol","floor":29,"key":"SMITH"},{"data":"Guardian:MultiBeam","floor":29,"key":"SMITH"},{"data":"Guardian:BodySlam","floor":32,"key":"SMITH"},{"data":"Guardian:Clone","floor":32,"key":"SMITH"},{"data":"Guardian:TwinSlam","floor":40,"key":"SMITH"},{"data":"Guardian:ShieldSpikes","floor":40,"key":"SMITH"},{"data":"Guardian:DecasProtection","floor":42,"key":"SMITH"},{"data":"Guardian:SentryBeam","floor":42,"key":"SMITH"},{"data":"Guardian:RevengeProtocol","floor":49,"key":"SMITH"},{"data":"Guardian:DecasProtection","floor":49,"key":"SMITH"}],"circlet_count":0,"master_deck":["Guardian:Defend_Guardian+1","Guardian:Defend_Guardian","Guardian:Defend_Guardian","Guardian:CurlUp+1","Guardian:TwinSlam+1","Guardian:ArmoredProtocol+1","Guardian:SpikerProtocol+1","Guardian:RollAttack","Guardian:SentryBeam+1","Guardian:SentryBeam","Guardian:EvasiveProtocol+1","Guardian:SpikerProtocol+1","Guardian:Orbwalk+1","Guardian:StasisField","Guardian:SpikerProtocol+1","Guardian:Harden+1","Guardian:SpikerProtocol+1","Guardian:Harden","Guardian:BodySlam+1","Guardian:MultiBeam+1","Guardian:Recover","Slimebound:Tackle+1","Slimebound:Tackle+1","Slimebound:Tackle+1","Guardian:ShieldSpikes+1","Guardian:DecasProtection+1","Guardian:EvasiveProtocol+1","Guardian:PrimingBeam+1","Guardian:DecasProtection+1","Guardian:DecasProtection","Guardian:RevengeProtocol+1","Guardian:RefractedBeam","Guardian:RevengeProtocol","Finesse+1","Guardian:Gem_Lightblue","Guardian:Gem_Crimson","Guardian:Orbwalk"],"relics":["Guardian:ModeShifter","Bird Faced Urn","Slimebound:StickyStick","Odd Mushroom","hexamod:BolsterEngine","Sozu","Anchor","War Paint","Replay:Arrowhead","Mummified Hand","Pen Nib","sneckomod:SneckoTalon","Replay:Wax Seal","Smiling Mask","HandDrill","Replay:PocketPolymizer","Potion Belt","Astrolabe"],"acts_visited":["Exordium","TheCity","TheBeyond","Exordium"],"potions_floor_usage":[10,16,16,16],"damage_taken":[{"damage":2,"enemies":"Small Slimes","floor":1,"turns":4},{"damage":0,"enemies":"Cultist","floor":3,"turns":4},{"damage":18,"enemies":"Jaw Worm","floor":4,"turns":8},{"damage":5,"enemies":"Looter","floor":5,"turns":4},{"damage":29,"enemies":"Gremlin Nob","floor":6,"turns":6},{"damage":10,"enemies":"The Mushroom Lair","floor":7,"turns":6},{"damage":0,"enemies":"Red Slaver","floor":10,"turns":3},{"damage":6,"enemies":"Large Slime","floor":11,"turns":6},{"damage":9,"enemies":"2 Fungi Beasts","floor":14,"turns":5},{"damage":6,"enemies":"Hexaghost","floor":16,"turns":6},{"damage":17,"enemies":"Spheric Guardian","floor":18,"turns":5},{"damage":4,"enemies":"2 Thieves","floor":19,"turns":4},{"damage":19,"enemies":"Gremlin Leader","floor":23,"turns":7},{"damage":7,"enemies":"Sentry and Sphere","floor":24,"turns":6},{"damage":0,"enemies":"Snake Plant","floor":27,"turns":3},{"damage":0,"enemies":"Snecko","floor":28,"turns":6},{"damage":14,"enemies":"Slavers","floor":30,"turns":5},{"damage":23,"enemies":"Pondfish","floor":33,"turns":10},{"damage":2,"enemies":"Orb Walker","floor":35,"turns":3},{"damage":0,"enemies":"3 Darklings","floor":37,"turns":4},{"damage":0,"enemies":"Sphere and 2 Shapes","floor":38,"turns":4},{"damage":20,"enemies":"Transient","floor":39,"turns":5},{"damage":18,"enemies":"Giant Head","floor":41,"turns":7},{"damage":0,"enemies":"Spire Growth","floor":44,"turns":3},{"damage":0,"enemies":"4 Shapes","floor":45,"turns":3},{"damage":0,"enemies":"Writhing Mass","floor":47,"turns":4},{"damage":49,"enemies":"Reptomancer","floor":48,"turns":5},{"damage":12,"enemies":"Donu and Deca","floor":50,"turns":10},{"damage":0,"enemies":"2 Louse","floor":52,"turns":1},{"damage":0,"enemies":"Small Slimes","floor":53,"turns":3}],"seed_played":"-3793105021254700077","potions_obtained":[{"floor":1,"key":"Strength Potion"},{"floor":3,"key":"Strength Potion"},{"floor":6,"key":"Regen Potion"},{"floor":10,"key":"Guardian:BlockOnCardUsePotion"}],"is_trial":true,"path_per_floor":["M","?","M","M","M","E","?","R","T","M","M","R","?","M","R","B",null,"M","M","$","?","?","E","M","R","T","M","M","R","E","?","R","B",null,"M","?","M","M","M","R","E","R","T","M","M","$","M","E","R","B",null,"M","M"],"character_chosen":"GUARDIAN","items_purchased":["Anchor","Guardian:TimeCapacitor","HandDrill","Replay:PocketPolymizer"],"campfire_rested":0,"item_purchase_floors":[20,20,46,46],"current_hp_per_floor":[78,78,80,63,62,37,31,31,31,44,44,44,44,43,43,47,80,67,73,73,73,73,68,77,77,77,80,80,80,80,80,80,57,80,80,80,80,80,68,68,62,62,62,74,80,80,80,41,41,53,80,80,80,80,80],"gold":179,"neow_bonus":"","is_daily":false,"chose_seed":false,"campfire_upgraded":15,"win_rate":0.0,"timestamp":1613446933,"path_taken":["M","?","M","?","M","E","?","R","T","M","M","R","?","M","R","BOSS","M","M","$","?","?","E","M","R","T","M","M","R","E","?","R","BOSS","M","?","M","M","M","R","E","R","T","M","M","$","M","E","R","BOSS","M","M"],"items_purchased_type":["Relic","Card","Relic","Relic"],"build_version":"2020-12-22","purchased_purges":1,"victory":false,"max_hp_per_floor":[80,80,80,80,80,80,80,80,80,80,80,80,80,80,80,80,80,80,80,80,80,80,80,80,80,80,80,80,80,80,80,80,80,80,80,80,80,80,80,80,80,80,80,80,80,80,80,80,80,80,80,80,80,80,80],"card_choices":[{"not_picked":["Guardian:ChargeCore","Guardian:RefractedBeam"],"picked":"Guardian:ArmoredProtocol","floor":1},{"not_picked":["Guardian:PrismaticBarrier","Guardian:PiercingHide"],"picked":"Guardian:SpikerProtocol","floor":3},{"not_picked":["Guardian:FloatingOrbs","Guardian:Gem_Lightblue"],"picked":"Guardian:RollAttack","floor":4},{"not_picked":["Guardian:ChargeCore","Guardian:ShieldSpikes"],"picked":"Guardian:SentryBeam","floor":5},{"not_picked":["Guardian:Reroute","Guardian:BronzeOrb"],"picked":"Guardian:Clone","floor":6},{"not_picked":["Guardian:WalkerClaw","Guardian:Reroute"],"picked":"Guardian:SentryBeam","floor":7},{"not_picked":["Guardian:ShieldSpikes","Guardian:ChargeCore"],"picked":"Guardian:EvasiveProtocol","floor":10},{"not_picked":["Guardian:StasisStrike","Guardian:VentSteam"],"picked":"Guardian:SpikerProtocol","floor":11},{"not_picked":["Guardian:CrystalBeam","Guardian:TemporalShield"],"picked":"Guardian:Orbwalk","floor":14},{"not_picked":["Guardian:ExploitGems","Guardian:FierceBash"],"picked":"Guardian:StasisField","floor":16},{"not_picked":["Guardian:ChargeCore","Guardian:Suspension+1"],"picked":"Guardian:SpikerProtocol","floor":18},{"not_picked":["Guardian:Gem_Blue","Guardian:CrystalBeam"],"picked":"Guardian:Harden+1","floor":19},{"not_picked":["Guardian:PiercingHide","Guardian:RollAttack"],"picked":"Guardian:SpikerProtocol+1","floor":23},{"not_picked":["Guardian:Gem_Purple","Guardian:Gem_Fragmented"],"picked":"Guardian:Harden","floor":24},{"not_picked":["Guardian:Gem_Red","Guardian:Planning"],"picked":"Guardian:BodySlam","floor":27},{"not_picked":["Guardian:Suspension","Guardian:RollAttack"],"picked":"Guardian:MultiBeam","floor":28},{"not_picked":["Guardian:Gem_Crimson","Guardian:FloatingOrbs+1"],"picked":"Guardian:Recover","floor":30},{"not_picked":["Guardian:Gem_Synthetic","Guardian:HyperBeam_Guardian"],"picked":"Guardian:Gem_Orange","floor":33},{"not_picked":["Guardian:Recover+1","Guardian:GuardianWhirl"],"picked":"Guardian:ShieldSpikes","floor":35},{"not_picked":["Guardian:RollAttack+1","Guardian:Reroute"],"picked":"Guardian:DecasProtection","floor":37},{"not_picked":["Guardian:MultiBeam+1","Guardian:Planning+1"],"picked":"Guardian:EvasiveProtocol+1","floor":38},{"not_picked":["Guardian:TemporalShield","Guardian:RollAttack+1"],"picked":"Guardian:PrimingBeam+1","floor":39},{"not_picked":["Guardian:Gem_Cyan","Guardian:PiercingHide"],"picked":"Guardian:PrismaticBeam","floor":41},{"not_picked":["Guardian:PolyBeam","Guardian:Planning","Guardian:BronzeOrb"],"picked":"SKIP","floor":44},{"not_picked":["Guardian:TemporalShield","Guardian:PiercingHide+1"],"picked":"Guardian:DecasProtection","floor":45},{"not_picked":["Guardian:GuardianWhirl+1","Guardian:Planning+1"],"picked":"Guardian:DecasProtection","floor":47},{"not_picked":["Guardian:Gem_Blue","Guardian:Repulse"],"picked":"Guardian:RevengeProtocol","floor":48},{"not_picked":["Guardian:Gem_Orange","Guardian:FierceBash"],"picked":"Guardian:RevengeProtocol","floor":50},{"not_picked":["Guardian:ShieldCharger","Guardian:BronzeArmor"],"picked":"Guardian:Orbwalk","floor":52},{"not_picked":["Guardian:Gem_Fragmented","Guardian:Incinerate","Guardian:ChargeCore"],"picked":"SKIP","floor":53}],"player_experience":196384,"relics_obtained":[{"floor":6,"key":"Slimebound:StickyStick"},{"floor":7,"key":"Odd Mushroom"},{"floor":9,"key":"hexamod:BolsterEngine"},{"floor":23,"key":"Replay:Arrowhead"},{"floor":26,"key":"Mummified Hand"},{"floor":30,"key":"Pen Nib"},{"floor":41,"key":"Replay:Wax Seal"},{"floor":43,"key":"Smiling Mask"},{"floor":48,"key":"Potion Belt"}],"event_choices":[{"damage_healed":0,"gold_gain":0,"player_choice":"Upgraded","damage_taken":0,"max_hp_gain":0,"max_hp_loss":0,"event_name":"Upgrade Shrine","floor":2,"gold_loss":0,"cards_upgraded":["Guardian:ArmoredProtocol"]},{"damage_healed":0,"gold_gain":0,"player_choice":"Fought Mushrooms","damage_taken":0,"max_hp_gain":0,"max_hp_loss":0,"event_name":"Mushrooms","floor":7,"gold_loss":0},{"damage_healed":0,"gold_gain":0,"player_choice":"2 cards matched","damage_taken":0,"max_hp_gain":0,"max_hp_loss":0,"event_name":"Match and Keep!","floor":13,"gold_loss":0,"cards_obtained":["Replay:Parry","Guardian:Gem_Red"]},{"damage_healed":0,"gold_gain":0,"player_choice":"Memory 1","damage_taken":0,"max_hp_gain":0,"max_hp_loss":0,"event_name":"SensoryStone","floor":36,"gold_loss":0}],"is_beta":false,"boss_relics":[{"not_picked":["Guardian:StasisSlotReductionRelic","Snecko Eye"],"picked":"Sozu"},{"not_picked":["Replay:Grab Bag","Empty Cage"],"picked":"sneckomod:SneckoTalon"},{"not_picked":["SacredBark","expansioncontent:StudyCardRelic"],"picked":"Astrolabe"}],"items_purged_floors":[20],"is_endless":true,"potions_floor_spawned":[1,3,6,10,14,18,23,30,33,37,41,44,48,50],"killed_by":"Small Slimes","ascension_level":0}}