{"host":"mwb0clku6crgv6yl","time":1613480643,"event":{"mods":["AchievementEnabler","BaseMod","Highlight Path","Minty Spire (QoL Compilation)","StSLib","The Cursed"],"gold_per_floor":[110,260,271,271,17,17,70,70,94,123,123,143,184,248,248,357,357,403,328,55,106,106,106,164,164,164,164,164,200,226,278,287,287,287],"floor_reached":33,"language":"ZHS","playtime":968,"items_purged":["Doubt","Strike_R"],"score":612,"play_id":"060aeec7-9b70-4b55-9c41-f1d9d2adc68f","local_time":"20210216210403","is_ascension_mode":true,"campfire_choices":[{"data":"Flex","floor":6.0,"key":"SMITH"},{"data":"Whirlwind","floor":8.0,"key":"SMITH"},{"data":"HandOfGreed","floor":11.0,"key":"SMITH"},{"floor":15.0,"key":"REST"},{"floor":23.0,"key":"REST"},{"floor":25.0,"key":"REST"},{"data":"Armaments","floor":27.0,"key":"SMITH"},{"floor":32,"key":"REST"}],"circlet_count":0,"master_deck":["AscendersBane","Strike_R","Strike_R","Strike_R","Strike_R","Defend_R","Defend_R","Defend_R","Bash","Flex+1","Cleave","Ghostly Armor","HandOfGreed+1","Whirlwind+1","Shrug It Off","Evolve","Pummel","Offering","Armaments+1","Shrug It Off+1","Inflame","Flex+1"],"relics":["Burning Blood","NeowsBlessing","Torii","Blood Vial","Nunchaku","CeramicFish","Philosopher\u0027s Stone","Tiny Chest","Peace Pipe","Toxic Egg 2","Smiling Mask","Dream Catcher"],"acts_visited":["Exordium","TheCity"],"potions_floor_usage":[33],"damage_taken":[{"damage":0.0,"enemies":"Small Slimes","floor":1.0,"turns":1.0},{"damage":0.0,"enemies":"Cultist","floor":3.0,"turns":1.0},{"damage":0.0,"enemies":"Gremlin Nob","floor":7.0,"turns":2.0},{"damage":30.0,"enemies":"3 Sentries","floor":10.0,"turns":4.0},{"damage":0.0,"enemies":"2 Louse","floor":12.0,"turns":1.0},{"damage":9.0,"enemies":"Blue Slaver","floor":13.0,"turns":3.0},{"damage":28.0,"enemies":"Gremlin Nob","floor":14.0,"turns":4.0},{"damage":15.0,"enemies":"The Guardian","floor":16.0,"turns":6.0},{"damage":20.0,"enemies":"Shell Parasite","floor":18.0,"turns":4.0},{"damage":34.0,"enemies":"2 Thieves","floor":21.0,"turns":4.0},{"damage":27.0,"enemies":"Gremlin Leader","floor":24.0,"turns":7.0},{"damage":31.0,"enemies":"Chosen and Byrds","floor":29.0,"turns":5.0},{"damage":18,"enemies":"Centurion and Healer","floor":31,"turns":6},{"damage":37,"enemies":"Automaton","floor":33,"turns":6}],"seed_played":"-4053693225372987190","potions_obtained":[{"floor":3.0,"key":"Ancient Potion"},{"floor":7.0,"key":"Energy Potion"},{"floor":14.0,"key":"EntropicBrew"},{"floor":16.0,"key":"Block Potion"},{"floor":18.0,"key":"LiquidMemories"},{"floor":31,"key":"HeartOfIron"}],"is_trial":false,"path_per_floor":["M","?","M","?","$","R","E","R","T","E","R","M","M","E","R","B",null,"M","?","$","M","?","R","E","R","T","R","T","M","T","M","R","B"],"character_chosen":"IRONCLAD","items_purchased":["HandOfGreed","Tiny Chest"],"campfire_rested":4,"item_purchase_floors":[5,20],"current_hp_per_floor":[74,74,75,75,75,75,75,75,75,51,51,59,58,38,60,53,70,58,58,58,32,11,35,16,40,40,40,40,17,17,7,31,0,0],"gold":287,"neow_bonus":"THREE_ENEMY_KILL","is_daily":false,"chose_seed":false,"campfire_upgraded":4,"win_rate":0.0,"timestamp":1613480643,"path_taken":["M","?","M","?","$","R","E","R","T","E","R","?","M","E","R","BOSS","M","?","$","M","?","R","E","R","T","R","?","?","?","M","R","BOSS"],"items_purchased_type":["Card","Relic"],"build_version":"2020-12-22","purchased_purges":2,"victory":false,"max_hp_per_floor":[75,75,75,75,75,75,75,75,75,75,75,75,75,75,75,75,75,75,75,75,75,80,80,80,80,80,80,80,80,80,80,80,80,80],"card_choices":[{"not_picked":["Clash","Iron Wave"],"picked":"Flex","floor":1.0},{"not_picked":["Thunderclap","Dropkick"],"picked":"Cleave","floor":3.0},{"not_picked":["Flame Barrier","Body Slam"],"picked":"Whirlwind","floor":7.0},{"not_picked":["Anger","Juggernaut","Disarm"],"picked":"SKIP","floor":10.0},{"not_picked":["Cleave","Hemokinesis"],"picked":"Shrug It Off","floor":12.0},{"not_picked":["Dual Wield","Wild Strike"],"picked":"Evolve","floor":13.0},{"not_picked":["Flex","Dropkick"],"picked":"Pummel","floor":14.0},{"not_picked":["Juggernaut","Fiend Fire"],"picked":"Offering","floor":16.0},{"not_picked":["Twin Strike","Cleave"],"picked":"Armaments","floor":18.0},{"not_picked":["Feel No Pain","Body Slam"],"picked":"Shrug It Off+1","floor":21.0},{"not_picked":["Impervious","Body Slam","Iron Wave"],"picked":"SKIP","floor":24.0},{"not_picked":["Iron Wave","Sword Boomerang","Clothesline"],"picked":"SKIP","floor":29.0},{"not_picked":["Bloodletting+1","Feel No Pain"],"picked":"Inflame","floor":31},{"not_picked":["Anger","Flame Barrier+1"],"picked":"Flex+1","floor":32}],"player_experience":339210,"relics_obtained":[{"floor":7.0,"key":"Torii"},{"floor":9.0,"key":"Blood Vial"},{"floor":10.0,"key":"Nunchaku"},{"floor":14.0,"key":"CeramicFish"},{"floor":24.0,"key":"Peace Pipe"},{"floor":26.0,"key":"Toxic Egg 2"},{"floor":28.0,"key":"Smiling Mask"},{"floor":30.0,"key":"Dream Catcher"}],"event_choices":[{"damage_healed":0.0,"max_hp_gain":0.0,"max_hp_loss":0.0,"gold_gain":150.0,"event_name":"Liars Game","player_choice":"AGREE","floor":2.0,"gold_loss":0.0,"damage_taken":0.0,"cards_obtained":["Doubt"]},{"damage_healed":0.0,"max_hp_gain":0.0,"max_hp_loss":0.0,"gold_gain":0.0,"event_name":"Match and Keep!","player_choice":"1 cards matched","floor":4.0,"gold_loss":0.0,"damage_taken":0.0,"cards_obtained":["Ghostly Armor"]},{"cards_removed":["Defend_R"],"damage_healed":0.0,"max_hp_gain":0.0,"max_hp_loss":0.0,"gold_gain":0.0,"event_name":"Beggar","player_choice":"Gave Gold","floor":19.0,"gold_loss":75.0,"damage_taken":0.0},{"damage_healed":0.0,"max_hp_gain":5.0,"max_hp_loss":0.0,"gold_gain":0.0,"event_name":"Forgotten Altar","player_choice":"Shed Blood","floor":22.0,"gold_loss":0.0,"damage_taken":26.0}],"is_beta":false,"boss_relics":[{"not_picked":["Tiny House","Black Blood"],"picked":"Philosopher\u0027s Stone"}],"items_purged_floors":[5,20],"is_endless":false,"potions_floor_spawned":[3,7,12,14,16,18,21,31],"killed_by":"Automaton","ascension_level":20}}