{"host":"w7pthw6r6331n954","time":1613437993,"event":{"mods":["AchievementEnabler","Act Like it!","BaseMod","BetterRewards","Colored Map","Colored Powertips","Custom Start","Downfall","Hallownest","Hermit","Jorbs\u0027s Wanderer Trilogy","Minty Spire (QoL Compilation)","Replay The Spire","Shop Mod","StSLib","SuperFastMode"],"gold_per_floor":[99,114,114,131,77,89,116,144,160,188,188,188,188,206,206,48,60,156,156,156,173,185,17,17,17,17,29,45,45,59,91,91,76,93,188,288,288,299,319,338,338,476,476,489,489,505,505,505,505,521,532,532],"floor_reached":53,"language":"ENG","playtime":5789,"items_purged":[],"score":743,"play_id":"4bafe5da-bed0-4e2e-a7c0-fb2828d665fc","local_time":"20210215201313","is_ascension_mode":false,"campfire_choices":[{"floor":1,"key":"RECALL"},{"floor":11,"key":"REST"},{"floor":15,"key":"REST"},{"data":"Slimebound:Overexert","floor":20,"key":"SMITH"},{"data":"Slimebound:SlimeSlap","floor":29,"key":"SMITH"},{"floor":32,"key":"REST"},{"data":"Slimebound:MassRepurpose","floor":37,"key":"SMITH"},{"floor":49,"key":"REST"}],"circlet_count":0,"master_deck":["Slimebound:Strike_Slimebound","Slimebound:Strike_Slimebound","Slimebound:Strike_Slimebound","Slimebound:Tackle","Slimebound:Defend_Slimebound","Slimebound:Defend_Slimebound","Slimebound:Defend_Slimebound","Slimebound:Defend_Slimebound","Slimebound:Split","Slimebound:CorrosiveSpit","Slimebound:Dissolve","Slimebound:SplitAcid","Slimebound:DisruptingSlam","Slimebound:GoopSpray+1","Slimebound:LeechEnergy","Slimebound:SlimeTap","Slimebound:Gluttony","Slimebound:Gluttony","Slimebound:Nibble","Slimebound:SplitLeeching","Slimebound:Overexert","Slimebound:SlimeBarrage","Slimebound:GrowthPunch","Slimebound:GrowthPunch","Slimebound:Prepare","Slimebound:SlimeSlap+1","Slimebound:SplitBruiser","Slimebound:SpikyOuterGoop+1","Pot Of Greed","Pot Of Greed","Pot Of Greed","Slimebound:MinionMaster","Slimebound:ItLooksTasty+1","Slimebound:MassRepurpose+1","Slimebound:SamplingLick","Slimebound:SamplingLick+1","Slimebound:SplitLeeching+1","Slimebound:FormOfPuddle+1","Pot Of Greed","Slimebound:Repurpose","Slimebound:Schlurp+1","Slimebound:Darklings","Slimebound:Replication","expansioncontent:AwakenDeath","expansioncontent:HyperBeam","expansioncontent:Hexaburn","Slimebound:MassRepurpose+1","Slimebound:FormOfPuddle+1","Regret","Slimebound:LeechEnergy+1","Slimebound:GoopSpray+1"],"relics":["Slimebound:AbsorbEndCombat","Replay:WaspNest","Slimebound:MaxSlimesRelic","MerchantsRug","ChewingGum","SlaversCollar","Mummified Hand","Bag of Marbles","Mirror","Replay:Kaleidoscope","Replay:Bottled Flurry"],"acts_visited":["Exordium","TheCity","TheBeyond"],"potions_floor_usage":[8,8,18,33,35,35,35,39,50,52,52],"damage_taken":[{"damage":0,"enemies":"2 Louse","floor":2,"turns":4},{"damage":0,"enemies":"Cultist","floor":4,"turns":4},{"damage":5,"enemies":"downfall:FleeingMerchant","floor":5,"turns":4},{"damage":15,"enemies":"Jaw Worm","floor":6,"turns":4},{"damage":40,"enemies":"Gremlin Nob","floor":8,"turns":5},{"damage":1,"enemies":"2 Fungi Beasts","floor":9,"turns":2},{"damage":14,"enemies":"Lagavulin","floor":10,"turns":6},{"damage":3,"enemies":"Blue Slaver","floor":14,"turns":4},{"damage":2,"enemies":"downfall:FleeingMerchant","floor":16,"turns":4},{"damage":7,"enemies":"3 Louse","floor":17,"turns":3},{"damage":41,"enemies":"WA_ARCHETYPE_RETAIN","floor":18,"turns":7},{"damage":2,"enemies":"downfall:LooterAlt2","floor":21,"turns":3},{"damage":2,"enemies":"Spheric Guardian","floor":22,"turns":4},{"damage":11,"enemies":"downfall:FleeingMerchant","floor":23,"turns":4},{"damage":2,"enemies":"Shelled Parasite and Fungi","floor":27,"turns":3},{"damage":0,"enemies":"Chosen and Byrds","floor":28,"turns":4},{"damage":12,"enemies":"Snake Plant","floor":30,"turns":3},{"damage":17,"enemies":"Slavers","floor":31,"turns":4},{"damage":0,"enemies":"downfall:FleeingMerchant","floor":33,"turns":4},{"damage":3,"enemies":"Centurion and Healer","floor":34,"turns":4},{"damage":16,"enemies":"SI_MIRROR_ARCHETYPE","floor":35,"turns":8},{"damage":13,"enemies":"Orb Walker","floor":38,"turns":3},{"damage":0,"enemies":"3 Darklings","floor":39,"turns":3},{"damage":12,"enemies":"4 Shapes","floor":40,"turns":6},{"damage":0,"enemies":"downfall:FleeingMerchant","floor":42,"turns":2},{"damage":0,"enemies":"Transient","floor":44,"turns":5},{"damage":0,"enemies":"Sphere and 2 Shapes","floor":46,"turns":4},{"damage":17,"enemies":"Jaw Worm Horde","floor":50,"turns":3},{"damage":6,"enemies":"Writhing Mass","floor":51,"turns":5},{"damage":84,"enemies":"IC_BLOCK_ARCHETYPE","floor":52,"turns":9}],"seed_played":"-8703597463019395926","potions_obtained":[{"floor":2,"key":"FearPotion"},{"floor":4,"key":"AttackPotion"},{"floor":9,"key":"LiquidMemories"},{"floor":17,"key":"Block Potion"},{"floor":18,"key":"Block Potion"},{"floor":21,"key":"EntropicBrew"},{"floor":24,"key":"CultistPotion"},{"floor":34,"key":"Dexterity Potion"},{"floor":35,"key":"Fire Potion"},{"floor":46,"key":"LiquidBronze"},{"floor":50,"key":"FairyPotion"},{"floor":51,"key":"PowerPotion"}],"is_trial":false,"path_per_floor":["R","M","?","M","$","M","T","E","M","E","R","PTL","PTL","M","R","$","M","B",null,"R","M","M","$","?","?","T","M","M","R","M","E","R","$","M","B",null,"R","M","M","M","?","$","T","M","?","M","?","?","R","M","M","B",null],"character_chosen":"SLIMEBOUND","items_purchased":["Slimebound:GoopSpray+1","MerchantsRug","Mummified Hand","Bag of Marbles","Replay:Kaleidoscope","Slimebound:Repurpose"],"campfire_rested":4,"item_purchase_floors":[5,16,23,23,42,42],"current_hp_per_floor":[71,71,71,71,70,60,60,28,31,23,44,44,44,43,64,66,61,28,71,71,71,69,60,60,60,60,66,71,71,61,46,67,71,71,61,71,71,61,69,59,59,65,65,71,71,71,61,61,71,58,58,13],"gold":532,"neow_bonus":"TEN_PERCENT_HP_BONUS","is_daily":false,"chose_seed":false,"campfire_upgraded":3,"win_rate":0.0,"timestamp":1613437993,"path_taken":["R","M","?","M","?","M","T","E","?","E","R","PTL","PTL","M","R","$","M","BOSS","R","M","M","$","?","?","T","M","M","R","M","E","R","$","M","BOSS","R","M","M","M","?","$","T","M","?","M","?","?","R","M","M","BOSS"],"items_purchased_type":["Card","Relic","Relic","Relic","Relic","Card"],"build_version":"2020-12-22","purchased_purges":0,"victory":true,"max_hp_per_floor":[71,71,71,71,71,71,71,71,71,71,71,71,71,71,71,71,71,71,71,71,71,71,71,71,71,71,71,71,71,71,71,71,71,71,71,71,71,71,71,71,71,71,71,71,71,71,71,71,71,71,71,71],"card_choices":[{"not_picked":["Slimebound:LivingWall","Slimebound:FormOfPuddle"],"picked":"Slimebound:Dissolve","floor":2},{"not_picked":["Slimebound:LevelUp","Slimebound:SplitLeeching"],"picked":"Slimebound:SplitAcid","floor":4},{"not_picked":["Slimebound:SplitBruiser","Slimebound:SplitLeeching"],"picked":"Slimebound:DisruptingSlam","floor":5},{"not_picked":["Slimebound:LivingWall","Slimebound:ItLooksTasty"],"picked":"Slimebound:LeechEnergy","floor":6},{"not_picked":["Slimebound:Dissolve","Slimebound:FormOfPuddle"],"picked":"Slimebound:SlimeTap","floor":8},{"not_picked":["Slimebound:Chomp","Slimebound:RejuvenatingLick"],"picked":"Slimebound:Overexert","floor":9},{"not_picked":["Slimebound:LivingWall","Slimebound:GoopTackle"],"picked":"Slimebound:Gluttony","floor":10},{"not_picked":["Slimebound:SlimeBrawl","Slimebound:BestDefense"],"picked":"Slimebound:Gluttony","floor":14},{"not_picked":["Slimebound:SplitMire","Slimebound:RainOfGoop"],"picked":"Slimebound:Nibble","floor":16},{"not_picked":["Slimebound:Nibble","Slimebound:Gluttony"],"picked":"Slimebound:SplitLeeching","floor":17},{"not_picked":["Slimebound:MinionMaster","Slimebound:SlimeSlap"],"picked":"Slimebound:Overexert","floor":18},{"not_picked":["Slimebound:Prepare","Slimebound:SlimeBrawl"],"picked":"Slimebound:SlimeBarrage","floor":21},{"not_picked":["Slimebound:Grow","Slimebound:Dissolve"],"picked":"Slimebound:GrowthPunch","floor":22},{"not_picked":["Slimebound:SlimeBarrage+1","Slimebound:SplitLeeching"],"picked":"Slimebound:GrowthPunch","floor":23},{"not_picked":["Slimebound:RollThrough","Slimebound:SplitBruiser+1"],"picked":"Slimebound:Prepare","floor":27},{"not_picked":["Slimebound:SplitAcid","Slimebound:HauntingLick"],"picked":"Slimebound:SlimeSlap","floor":28},{"not_picked":["Slimebound:GoopSpray","Slimebound:HauntingLick"],"picked":"Slimebound:SplitBruiser","floor":30},{"not_picked":["Slimebound:MegaLick","Slimebound:RainOfGoop+1"],"picked":"Slimebound:SpikyOuterGoop+1","floor":31},{"not_picked":["Slimebound:Nibble","Slimebound:SlimeSlap"],"picked":"Slimebound:MinionMaster","floor":33},{"not_picked":["Slimebound:Grow","Slimebound:GoopTackle"],"picked":"Slimebound:ItLooksTasty+1","floor":34},{"not_picked":["Slimebound:LeechLife","Slimebound:Overexert"],"picked":"Slimebound:MassRepurpose","floor":35},{"not_picked":["Slimebound:LeechingTouch+1","Slimebound:GoopSpray"],"picked":"Slimebound:SamplingLick","floor":38},{"not_picked":["Slimebound:SplitAcid+1","Slimebound:ComboTackle"],"picked":"Slimebound:SamplingLick+1","floor":39},{"not_picked":["Slimebound:WasteNot","Slimebound:RollThrough"],"picked":"Slimebound:SplitLeeching+1","floor":40},{"not_picked":["Slimebound:ViciousTackle+1","Slimebound:SamplingLick+1"],"picked":"Slimebound:FormOfPuddle+1","floor":42},{"not_picked":["Slimebound:SamplingLick+1","Slimebound:GoopTackle+1"],"picked":"Slimebound:Schlurp+1","floor":44},{"not_picked":["Slimebound:SamplingLick","Slimebound:SplitAcid+1"],"picked":"Slimebound:Replication","floor":46},{"not_picked":["expansioncontent:PolyBeam","Replay:SS_forest_2"],"picked":"expansioncontent:AwakenDeath","floor":47},{"not_picked":["expansioncontent:LastStand","Replay:SS_fish_1"],"picked":"expansioncontent:HyperBeam","floor":47},{"not_picked":["Replay:SS_hec_1","Replay:SS_forest_2"],"picked":"expansioncontent:Hexaburn","floor":47},{"not_picked":["Slimebound:SplitAcid","Slimebound:SplitLeeching+1"],"picked":"Slimebound:LeechEnergy+1","floor":50},{"not_picked":["Slimebound:ProtectTheBoss","Slimebound:Gluttony"],"picked":"Slimebound:GoopSpray+1","floor":51}],"player_experience":1282536,"relics_obtained":[{"floor":8,"key":"Replay:WaspNest"},{"floor":10,"key":"Slimebound:MaxSlimesRelic"},{"floor":26,"key":"Mirror"},{"floor":31,"key":"Grinning Jar"},{"floor":43,"key":"Replay:Bottled Flurry"}],"event_choices":[{"damage_healed":0,"gold_gain":0,"player_choice":"Ignored","damage_taken":0,"max_hp_gain":0,"max_hp_loss":0,"event_name":"NoteForYourself","floor":3,"gold_loss":0}],"is_beta":false,"boss_relics":[{"not_picked":["Tiny House","Replay:Bronze Core"],"picked":"Replay:Grab Bag"},{"not_picked":["Velvet Choker","bronze:MakeshiftBattery"],"picked":"Slimebound:TarBlob"},{"not_picked":["Sozu","Fusion Hammer"],"picked":"ChewingGum"},{"not_picked":["Runic Pyramid","Pandora\u0027s Box"],"picked":"SlaversCollar"},{"not_picked":["Empty Cage","Snecko Eye"],"picked":"Replay:Wanted Poster"}],"items_purged_floors":[],"is_endless":false,"potions_floor_spawned":[2,4,9,17,18,21,27,31,34,35,38,46,50,51],"ascension_level":0}}