{"host":"pazl5877qhghhrip","time":1613481368,"event":{"mods":["Act Like it!","Aspiration","BaseMod","Minty Spire (QoL Compilation)","Reliquary","Replay The Spire","RumiaBox-露米娅的神秘盒子","Spicy Shops","StSLib","【功能Mod】混沌之环修复补丁"],"gold_per_floor":[119,69,85,260,4,29,29,29,29,48,48,48,109,122,122,122,122],"floor_reached":16,"language":"ZHS","playtime":848,"items_purged":[],"score":98,"play_id":"2854ed55-a030-45ae-8bad-32e5d0a7744d","local_time":"20210216211608","is_ascension_mode":false,"campfire_choices":[{"data":"Scrawl","floor":7.0,"key":"SMITH"},{"data":"Eruption","floor":12.0,"key":"SMITH"},{"data":"Vigilance","floor":15.0,"key":"SMITH"}],"circlet_count":0,"master_deck":["Strike_P","Strike_P","Strike_P","Strike_P","Defend_P","Defend_P","Defend_P","Eruption+1","Vigilance+1","Prostrate","Sanctity","Doubt","Scrawl+1","Replay:Vibes","FlurryOfBlows"],"relics":["PureWater","aspiration:Nostalgia","Burning Blood","TeardropLocket","SSSystem","aspiration:BabyByrd","Omamori","reliquary:IridiumChain","aspiration:FrozenJewel"],"acts_visited":["Exordium"],"potions_floor_usage":[16],"damage_taken":[{"damage":0.0,"enemies":"2 Louse","floor":1.0,"turns":3.0},{"damage":0.0,"enemies":"Small Slimes","floor":3.0,"turns":3.0},{"damage":49.0,"enemies":"Gremlin Nob","floor":6.0,"turns":5.0},{"damage":0.0,"enemies":"Jaw Worm","floor":10.0,"turns":1.0},{"damage":16.0,"enemies":"3 Sentries","floor":13.0,"turns":8.0},{"damage":0.0,"enemies":"3 Louse","floor":14.0,"turns":2.0},{"damage":32,"enemies":"Hexaghost","floor":16,"turns":9}],"seed_played":"-9151182558394653632","potions_obtained":[{"floor":3.0,"key":"FearPotion"},{"floor":6.0,"key":"LifebloodPotion"},{"floor":13.0,"key":"AttackPotion"}],"is_trial":false,"path_per_floor":["M","?","M","?","$","E","R","?","T","M","?","R","?","M","R","B"],"character_chosen":"WATCHER","items_purchased":["TeardropLocket"],"campfire_rested":0,"item_purchase_floors":[5],"current_hp_per_floor":[72,72,72,72,72,29,29,29,29,35,35,35,25,31,31,0,0],"gold":122,"neow_bonus":"NOSTALGIA","is_daily":false,"chose_seed":false,"campfire_upgraded":3,"win_rate":0.0,"timestamp":1613481368,"path_taken":["M","?","M","?","?","E","R","?","T","?","?","R","?","M","R","BOSS"],"items_purchased_type":["Relic"],"build_version":"2020-12-22","purchased_purges":0,"victory":false,"max_hp_per_floor":[72,72,72,72,72,72,72,72,72,72,72,72,72,72,72,72,72],"card_choices":[{"not_picked":["Replay:AtTheReady","Worship"],"picked":"Prostrate","floor":1.0},{"not_picked":["Halt","EmptyFist"],"picked":"Sanctity","floor":3.0},{"not_picked":["Tantrum","FlyingSleeves"],"picked":"Scrawl","floor":6.0},{"not_picked":["Consecrate","EmptyBody"],"picked":"Replay:Vibes","floor":10.0},{"not_picked":["Replay:ManipulateFuture","Replay:AtTheReady"],"picked":"FlurryOfBlows","floor":13.0},{"not_picked":["Crescendo","Replay:ManipulateFuture","Replay:AtTheReady"],"picked":"SKIP","floor":14.0}],"player_experience":238831,"relics_obtained":[{"floor":6.0,"key":"SSSystem"},{"floor":9.0,"key":"Omamori"}],"event_choices":[{"cards_removed":["Defend_P"],"damage_healed":0.0,"max_hp_gain":0.0,"max_hp_loss":0.0,"gold_gain":0.0,"event_name":"The Cleric","player_choice":"Card Removal","floor":2.0,"gold_loss":50.0,"damage_taken":0.0},{"damage_healed":0.0,"max_hp_gain":0.0,"max_hp_loss":0.0,"gold_gain":175.0,"event_name":"Liars Game","player_choice":"AGREE","floor":4.0,"gold_loss":0.0,"damage_taken":0.0,"cards_obtained":["Doubt"]},{"damage_healed":0.0,"max_hp_gain":0.0,"max_hp_loss":0.0,"gold_gain":0.0,"event_name":"Big Fish","player_choice":"Box","floor":11.0,"gold_loss":0.0,"damage_taken":0.0,"relics_obtained":["reliquary:IridiumChain"],"cards_obtained":["Regret"]},{"damage_healed":0.0,"max_hp_gain":0.0,"max_hp_loss":0.0,"gold_gain":0.0,"event_name":"Dead Adventurer","player_choice":"Searched \u00272\u0027 times","floor":13.0,"gold_loss":0.0,"damage_taken":0.0,"relics_obtained":["aspiration:FrozenJewel"]}],"is_beta":false,"boss_relics":[],"items_purged_floors":[],"is_endless":false,"potions_floor_spawned":[3,6,13],"killed_by":"Hexaghost","ascension_level":0}}