{"host":"me7pax5d7uwssv6n","time":1613464647,"event":{"mods":["BaseMod","Minty Spire (QoL Compilation)","Replay The Spire","StSLib"],"gold_per_floor":[119,119,119,232,255,255,304,304,327,366,366,395,320,372,372,497,497,525,565,565,565,565,611,648,735,790,790,313,340,340,340,340,455,455,483,550,574,35,75,137,137,178,225,289,289,289,337,381,206,253,253,285,285,285,110,153,187],"floor_reached":58,"language":"ENG","playtime":6673,"items_purged":["Defend_R","Strike_R+1","Parasite"],"score":1340,"play_id":"c8f71c27-11e3-47ca-9ed4-391cbf30b964","local_time":"20210216163727","is_ascension_mode":false,"campfire_choices":[{"floor":6,"key":"RECALL"},{"data":"Warcry","floor":8,"key":"SMITH"},{"data":"Flex","floor":11,"key":"SMITH"},{"data":"Juggernaut","floor":15,"key":"SMITH"},{"data":"Dark Embrace","floor":30,"key":"SMITH"},{"data":"ReplayReversal","floor":32,"key":"SMITH"},{"data":"Double Tap","floor":41,"key":"SMITH"},{"data":"Bloodletting","floor":51,"key":"SMITH"},{"data":"Demon Form","floor":54,"key":"SMITH"}],"circlet_count":0,"master_deck":["Strike_R+1","Strike_R+1","Strike_R+1","Defend_R+1","Defend_R+1","Defend_R+1","Bash","Shockwave","Shrug It Off","Battle Trance","Warcry+1","Flex+1","Juggernaut+1","Fiend Fire","Bloodletting+1","Berserk","Body Slam","Double Tap+1","Dark Embrace+1","Pummel","ReplayReversal+1","Corruption","Replay:Undeath\u0027s Touch","Pommel Strike+1","Warcry+1","Hemokinesis+1","Demon Form+1","Rage+1","Warcry+1","Armaments+1","Warcry+1"],"relics":["Burning Blood","NeowsBlessing","Bloody Idol","Replay:Bandana","Snack Pack","Pear","Coffee Dripper","Centennial Puzzle","Dream Catcher","Vajra","Another Sword","Sozu","TungstenRod","Gambling Chip","Toxic Egg 2","Molten Egg 2","ReplayTheSpireMod:TigerMarble","Pen Nib","Nunchaku","Sundial"],"acts_visited":["Exordium","TheCity","TheBeyond","TheEnding"],"potions_floor_usage":[25,57,57],"damage_taken":[{"damage":0,"enemies":"Jaw Worm","floor":1,"turns":1},{"damage":0,"enemies":"2 Louse","floor":5,"turns":1},{"damage":0,"enemies":"3 Sentries","floor":7,"turns":2},{"damage":1,"enemies":"Cultist","floor":10,"turns":3},{"damage":0,"enemies":"Exordium Wildlife","floor":12,"turns":4},{"damage":19,"enemies":"Gremlin Nob","floor":14,"turns":4},{"damage":39,"enemies":"The Guardian","floor":16,"turns":13},{"damage":11,"enemies":"Chosen","floor":18,"turns":6},{"damage":0,"enemies":"3 Byrds","floor":19,"turns":5},{"damage":9,"enemies":"Replay:Snechameleon","floor":23,"turns":5},{"damage":6,"enemies":"Cultist and Chosen","floor":24,"turns":3},{"damage":12,"enemies":"Slavers","floor":25,"turns":5},{"damage":9,"enemies":"3 Cultists","floor":29,"turns":4},{"damage":35,"enemies":"Collector","floor":33,"turns":10},{"damage":15,"enemies":"3 Darklings","floor":35,"turns":4},{"damage":27,"enemies":"2 Orb Walkers","floor":36,"turns":5},{"damage":0,"enemies":"3 Shapes","floor":37,"turns":5},{"damage":0,"enemies":"Jaw Worm Horde","floor":39,"turns":3},{"damage":35,"enemies":"Nemesis","floor":40,"turns":5},{"damage":0,"enemies":"Writhing Mass","floor":42,"turns":3},{"damage":0,"enemies":"Giant Head","floor":44,"turns":3},{"damage":3,"enemies":"Transient","floor":47,"turns":5},{"damage":0,"enemies":"3 Darklings","floor":48,"turns":3},{"damage":0,"enemies":"Sphere and 2 Shapes","floor":50,"turns":4},{"damage":13,"enemies":"Donu and Deca","floor":52,"turns":5},{"damage":2,"enemies":"Shield and Spear","floor":56,"turns":4},{"damage":45,"enemies":"The Heart","floor":57,"turns":5}],"seed_played":"-4079048064903866555","potions_obtained":[{"floor":1,"key":"ColorlessPotion"},{"floor":5,"key":"Energy Potion"},{"floor":14,"key":"CultistPotion"},{"floor":25,"key":"ColorlessPotion"}],"is_trial":false,"path_per_floor":["M","?","?","?","M","R","E","R","T","M","R","M","$","E","R","B",null,"M","M","?","?","?","E","M","E","T","?","$","M","R","?","R","B",null,"M","?","M","$","M","E","R","M","T","E","PTL","PTL","M","M","$","M","R","B",null,"R","$","E","B",null],"character_chosen":"IRONCLAD","items_purchased":["Another Sword","Dark Embrace","Gambling Chip","Toxic Egg 2","Warcry+1","Nunchaku","Armaments+1"],"campfire_rested":0,"item_purchase_floors":[28,28,38,38,49,55,55],"current_hp_per_floor":[80,60,60,40,46,46,52,52,52,61,61,67,67,66,66,37,90,87,90,90,90,90,87,89,84,84,84,84,88,88,88,88,70,90,88,74,89,89,90,72,72,90,90,90,90,90,90,90,87,87,87,86,87,87,87,87,83],"gold":187,"neow_bonus":"THREE_ENEMY_KILL","is_daily":false,"chose_seed":false,"campfire_upgraded":8,"win_rate":0.0,"timestamp":1613464647,"path_taken":["M","?","?","?","M","R","E","R","T","M","R","?","?","E","R","BOSS","M","M","?","?","?","E","M","E","T","?","$","M","R","?","R","BOSS","M","?","M","$","M","E","R","M","T","E","PTL","PTL","M","M","$","M","R","BOSS","R","$","E","BOSS"],"items_purchased_type":["Relic","Card","Relic","Relic","Card","Relic","Card"],"build_version":"2020-12-22","purchased_purges":3,"victory":true,"max_hp_per_floor":[80,80,80,80,80,80,80,80,80,80,80,80,80,90,90,90,90,90,90,90,90,90,90,90,90,90,90,90,90,90,90,90,90,90,90,90,90,90,90,90,90,90,90,90,90,90,90,90,87,87,87,87,87,87,87,87,87],"card_choices":[{"not_picked":["ReplayTheSpireMod:Limb From Limb","Infernal Blade"],"picked":"Shockwave","floor":1},{"not_picked":["Clash","Dark Embrace"],"picked":"Shrug It Off","floor":4},{"not_picked":["Flex","True Grit"],"picked":"Battle Trance","floor":5},{"not_picked":["ReplayTheSpireMod:Corrosion Curse","Iron Wave"],"picked":"Warcry","floor":7},{"not_picked":["Iron Wave","Shrug It Off"],"picked":"Flex","floor":10},{"not_picked":["Warcry","Sword Boomerang"],"picked":"Juggernaut","floor":12},{"not_picked":["Clothesline","Flex","Thunderclap"],"picked":"SKIP","floor":14},{"not_picked":["Hemogenesis","Demonic Infusion"],"picked":"Fiend Fire","floor":16},{"not_picked":["Combust","Life Link"],"picked":"Bloodletting","floor":18},{"not_picked":["Fire Breathing","Thunderclap","Flame Barrier"],"picked":"SKIP","floor":19},{"not_picked":["Replay:Undeath\u0027s Touch","Headbutt+1"],"picked":"Berserk","floor":23},{"not_picked":["Clothesline","Armaments"],"picked":"Body Slam","floor":24},{"not_picked":["Run Through","Clothesline"],"picked":"Double Tap","floor":25},{"not_picked":["Headbutt","Body Slam+1"],"picked":"Pummel","floor":29},{"not_picked":["Replay:Many Hands","Bludgeon"],"picked":"Corruption","floor":33},{"not_picked":["Iron Wave","Dark Embrace+1"],"picked":"Replay:Undeath\u0027s Touch","floor":35},{"not_picked":["ReplayTheSpireMod:LeadingStrike+1","Demonic Infusion"],"picked":"Pommel Strike+1","floor":36},{"not_picked":["ReplayTheSpireMod:Strike From Hell","Flame Barrier","Replay:Undeath\u0027s Touch"],"picked":"SKIP","floor":37},{"not_picked":["Replay:Undeath\u0027s Touch+1","Sever Soul+1","Headbutt"],"picked":"SKIP","floor":39},{"not_picked":["True Grit+1","Headbutt+1"],"picked":"Warcry+1","floor":40},{"not_picked":["Clothesline+1","Body Slam+1","Headbutt+1"],"picked":"SKIP","floor":42},{"not_picked":["Shockwave+1","Life Link"],"picked":"Hemokinesis+1","floor":44},{"not_picked":["Twin Strike+1","Uppercut+1"],"picked":"Demon Form","floor":47},{"not_picked":["Replay:Undeath\u0027s Touch+1","Searing Blow+1"],"picked":"Rage+1","floor":48},{"not_picked":["Iron Wave+1","Burning Pact+1","Run Through+1"],"picked":"SKIP","floor":50},{"not_picked":["Perfected Strike+1","ReplayTheSpireMod:Stacked+1"],"picked":"Warcry+1","floor":56}],"player_experience":5494,"relics_obtained":[{"floor":4,"key":"Replay:Bandana"},{"floor":7,"key":"Snack Pack"},{"floor":14,"key":"Pear"},{"floor":23,"key":"Centennial Puzzle"},{"floor":25,"key":"Dream Catcher"},{"floor":26,"key":"Vajra"},{"floor":36,"key":"TungstenRod"},{"floor":40,"key":"Molten Egg 2"},{"floor":43,"key":"ReplayTheSpireMod:TigerMarble"},{"floor":44,"key":"Pen Nib"},{"floor":56,"key":"Sundial"}],"event_choices":[{"damage_healed":0,"gold_gain":0,"player_choice":"Take Damage","damage_taken":20,"relics_obtained":["Golden Idol"],"max_hp_gain":0,"max_hp_loss":0,"event_name":"Golden Idol","floor":2,"gold_loss":0},{"cards_removed":["Strike_R"],"damage_healed":0,"gold_gain":0,"player_choice":"Forget","damage_taken":0,"max_hp_gain":0,"max_hp_loss":0,"event_name":"Living Wall","floor":3,"gold_loss":0},{"damage_healed":0,"gold_gain":0,"player_choice":"Ignored","damage_taken":0,"max_hp_gain":0,"max_hp_loss":0,"event_name":"Ghosts","floor":21,"gold_loss":0},{"damage_healed":0,"gold_gain":0,"player_choice":"Simplicity","damage_taken":0,"max_hp_gain":0,"max_hp_loss":0,"event_name":"Back to Basics","floor":22,"gold_loss":0,"cards_upgraded":["Strike_R","Strike_R","Strike_R","Strike_R","Defend_R","Defend_R","Defend_R"]},{"damage_healed":0,"gold_gain":0,"player_choice":"Gave Idol","damage_taken":0,"relics_obtained":["Bloody Idol"],"max_hp_gain":0,"max_hp_loss":0,"event_name":"Forgotten Altar","floor":27,"relics_lost":["Golden Idol"],"gold_loss":0},{"damage_healed":0,"gold_gain":0,"player_choice":"Read","damage_taken":0,"max_hp_gain":0,"max_hp_loss":0,"event_name":"The Library","floor":31,"gold_loss":0,"cards_obtained":["ReplayReversal"]},{"damage_healed":0,"gold_gain":0,"player_choice":"Fight","damage_taken":0,"max_hp_gain":0,"max_hp_loss":0,"event_name":"Mysterious Sphere","floor":36,"gold_loss":0}],"is_beta":false,"boss_relics":[{"not_picked":["Mark of Pain","Velvet Choker"],"picked":"Coffee Dripper"},{"not_picked":["Ring of Chaos","Cursed Key"],"picked":"Sozu"}],"items_purged_floors":[13,28,49],"is_endless":false,"potions_floor_spawned":[1,5,14,16,25,29,33,35,37,39,40,48],"ascension_level":0}}