{"host":"pj7egx7jkoz18hom","time":1613436779,"event":{"mods":["AchievementEnabler","BaseMod","Keyboard Shortcuts","Minty Spire (QoL Compilation)","SuperFastMode"],"gold_per_floor":[114,114,133,153,153,191,191,63,88,88,113,113,148,162,162,281,281,296,93,114,29,52,52,52,52,52],"floor_reached":25,"language":"KOR","playtime":771,"items_purged":["Strike_R","Brutality+1"],"score":251,"play_id":"6ccaf893-0061-46e4-8a59-ea48d99ff282","local_time":"20210216095259","is_ascension_mode":true,"campfire_choices":[{"data":"Searing Blow","floor":7,"key":"SMITH"},{"data":"Searing Blow+1","floor":10,"key":"SMITH"},{"data":"Searing Blow+2","floor":12,"key":"SMITH"},{"data":"Searing Blow+3","floor":15,"key":"SMITH"},{"data":"True Grit","floor":23,"key":"SMITH"}],"circlet_count":0,"master_deck":["Strike_R","Defend_R","Defend_R","Defend_R","Bash","Rage","Searing Blow+4","Flame Barrier","Anger","Rage","True Grit+1","Double Tap","Warcry+1","Dual Wield+1","Anger","Sentinel"],"relics":["Burning Blood","NeowsBlessing","Golden Idol","Smiling Mask","Bag of Marbles","Odd Mushroom","Paper Frog","Astrolabe","ClockworkSouvenir","Potion Belt","Omamori"],"acts_visited":["Exordium","TheCity"],"potions_floor_usage":[6,11,13,16],"damage_taken":[{"damage":0,"enemies":"Small Slimes","floor":1,"turns":1},{"damage":0,"enemies":"Jaw Worm","floor":3,"turns":1},{"damage":0,"enemies":"Cultist","floor":4,"turns":1},{"damage":46,"enemies":"Lagavulin","floor":6,"turns":12},{"damage":1,"enemies":"The Mushroom Lair","floor":11,"turns":3},{"damage":8,"enemies":"Gremlin Nob","floor":13,"turns":4},{"damage":5,"enemies":"Blue Slaver","floor":14,"turns":3},{"damage":15,"enemies":"Slime Boss","floor":16,"turns":8},{"damage":6,"enemies":"Spheric Guardian","floor":18,"turns":4},{"damage":7,"enemies":"3 Byrds","floor":20,"turns":4},{"damage":0,"enemies":"Shelled Parasite and Fungi","floor":22,"turns":2},{"damage":86,"enemies":"Book of Stabbing","floor":25,"turns":6}],"seed_played":"-216170885040785353","potions_obtained":[{"floor":1,"key":"DistilledChaos"},{"floor":3,"key":"BlessingOfTheForge"},{"floor":11,"key":"Energy Potion"},{"floor":13,"key":"DuplicationPotion"},{"floor":18,"key":"Strength Potion"}],"is_trial":false,"path_per_floor":["M","?","M","M","?","E","R","$","T","R","?","R","E","M","R","B",null,"M","$","M","?","M","R","?","E"],"character_chosen":"IRONCLAD","items_purchased":["Rage","ClockworkSouvenir"],"campfire_rested":0,"item_purchase_floors":[8,19],"current_hp_per_floor":[80,74,74,74,67,27,27,27,27,27,32,32,30,31,31,22,74,74,74,73,73,74,74,74,0,0],"gold":52,"neow_bonus":"THREE_ENEMY_KILL","is_daily":false,"chose_seed":false,"campfire_upgraded":5,"win_rate":0.0,"timestamp":1613436779,"path_taken":["M","?","M","M","?","E","R","$","T","R","?","R","E","M","R","BOSS","M","$","M","?","M","R","?","E"],"items_purchased_type":["Card","Relic"],"build_version":"2020-12-22","purchased_purges":2,"victory":false,"max_hp_per_floor":[80,74,74,74,74,74,74,74,74,74,74,74,74,74,74,74,74,74,74,74,74,74,74,74,74,74],"card_choices":[{"not_picked":["Shockwave","Wild Strike"],"picked":"Rage","floor":1},{"not_picked":["Dark Embrace","Havoc"],"picked":"Searing Blow","floor":3},{"not_picked":["Body Slam","Whirlwind"],"picked":"Flame Barrier","floor":4},{"not_picked":["Iron Wave","Feel No Pain"],"picked":"Anger","floor":6},{"not_picked":["Sever Soul","Sentinel","Exhume"],"picked":"SKIP","floor":13},{"not_picked":["Inflame","Thunderclap"],"picked":"True Grit","floor":14},{"not_picked":["Juggernaut","Impervious"],"picked":"Double Tap","floor":16},{"not_picked":["Rampage+1","Iron Wave+1"],"picked":"Anger","floor":18},{"not_picked":["Metallicize","Flex","Intimidate"],"picked":"SKIP","floor":20},{"not_picked":["Havoc","Flex"],"picked":"Sentinel","floor":22}],"player_experience":85610,"relics_obtained":[{"floor":6,"key":"Smiling Mask"},{"floor":9,"key":"Bag of Marbles"},{"floor":11,"key":"Odd Mushroom"},{"floor":13,"key":"Paper Frog"},{"floor":24,"key":"Omamori"}],"event_choices":[{"damage_healed":0,"gold_gain":0,"player_choice":"Lose Max HP","damage_taken":0,"relics_obtained":["Golden Idol"],"max_hp_gain":0,"max_hp_loss":6,"event_name":"Golden Idol","floor":2,"gold_loss":0},{"cards_removed":["Strike_R"],"damage_healed":0,"gold_gain":0,"player_choice":"Card Removal","damage_taken":7,"max_hp_gain":0,"max_hp_loss":0,"event_name":"Golden Wing","floor":5,"gold_loss":0},{"damage_healed":0,"gold_gain":0,"player_choice":"Fought Mushrooms","damage_taken":0,"max_hp_gain":0,"max_hp_loss":0,"event_name":"Mushrooms","floor":11,"gold_loss":0},{"damage_healed":0,"gold_gain":0,"player_choice":"Obtained Relic","damage_taken":0,"relics_obtained":["Potion Belt"],"max_hp_gain":0,"max_hp_loss":0,"event_name":"Addict","floor":21,"gold_loss":85},{"damage_healed":0,"gold_gain":0,"player_choice":"Relic","damage_taken":0,"max_hp_gain":0,"max_hp_loss":0,"event_name":"Wheel of Change","floor":24,"gold_loss":0}],"is_beta":false,"boss_relics":[{"not_picked":["Fusion Hammer","Black Star"],"picked":"Astrolabe"}],"items_purged_floors":[8,19],"is_endless":false,"potions_floor_spawned":[1,3,11,13,18],"killed_by":"Book of Stabbing","ascension_level":4}}