{"host":"mo324zvkdr1xwprd","time":1613434146,"event":{"mods":["A Penny For Your Troubles","BaseMod","Better Note","Better Third Choice","BetterRewards","Hermit","Highlight Path","Hubris","Minty Spire (QoL Compilation)","Quick Restart","Rare Cards Sparkle","Shop Mod","StSLib","The Cursed","The Hierophant","The Servant 0.9.4","Transform Curses"],"gold_per_floor":[115,135,145,163,183,210,234,18,42,70,90,118,130,141,141,244,244,262,281,281,36,36,63,63,93,93,107,135,135,163,178,178,279,279,297,310,325,345,362,388,388,417,417,429,429,429,429,455,455,456,456,456,25,50,50],"floor_reached":56,"language":"ENG","playtime":5803,"items_purged":[],"score":1829,"play_id":"546cd39a-da1c-4a0c-841d-2384d4a9071e","local_time":"20210216000905","is_ascension_mode":true,"campfire_choices":[{"data":"Feed","floor":15.0,"key":"SMITH"},{"floor":24.0,"key":"RECALL"},{"data":"Inflame","floor":32.0,"key":"SMITH"},{"data":"Thunderclap","floor":41.0,"key":"SMITH"},{"data":"Carnage","floor":46.0,"key":"SMITH"},{"data":"Dark Embrace","floor":49.0,"key":"SMITH"},{"data":"Bash","floor":52.0,"key":"SMITH"}],"circlet_count":0,"master_deck":["Bash+1","Clash","Dropkick","Clothesline","Dark Embrace+1","hubris:SharpeningStone","Clothesline","True Grit","Perfected Strike","Power Through","Carnage+1","Warcry+1","Seeing Red+1","Headbutt","Ghostly Armor+1","Entrench+1","Clothesline","Warcry+1","Armaments+1","Rage+1","Sword Boomerang","True Grit+1","Ghostly Armor+1","Armaments+1","Thunderclap+1","Feed+1","Shockwave+1","Impervious+1","Seeing Red+1","Pommel Strike+1","Armaments+1","Wild Strike","Flex+1","Shrug It Off+1","Carnage+1","Inflame+1","Bloodletting+1","hubris:StunningStrike","Shrug It Off+1","Fiend Fire","Pommel Strike+1","Rage+1","Warcry+1","Intimidate+1","Shrug It Off+1","Anger","Dual Wield+1","Shockwave+1","Carnage+1","Metallicize+1","Magnetism","Bludgeon"],"relics":["Burning Blood","Mark of Pain","Pandora\u0027s Box","FossilizedHelix","Toxic Egg 2","Art of War","Odd Mushroom","Sling","Bag of Preparation","Thread and Needle","Question Card","SlaversCollar","hubris:Towel","hubris:SlimyHat","Anchor","Bronze Scales","Paper Frog","hubris:Metronome","hubris:CrystalStatue","hubris:Backtick","Ice Cream","hubris:ChampionShield","Eternal Feather","Pen Nib","Bottled Flame","Magic Flower"],"acts_visited":["Exordium","TheCity","TheBeyond","TheEnding"],"potions_floor_usage":[54,54,55,55],"damage_taken":[{"damage":0.0,"enemies":"Cultist","floor":1.0,"turns":3.0},{"damage":0.0,"enemies":"Jaw Worm","floor":2.0,"turns":4.0},{"damage":0.0,"enemies":"Small Slimes","floor":3.0,"turns":2.0},{"damage":0.0,"enemies":"Red Slaver","floor":4.0,"turns":2.0},{"damage":0.0,"enemies":"Large Slime","floor":5.0,"turns":4.0},{"damage":0.0,"enemies":"Gremlin Nob","floor":6.0,"turns":4.0},{"damage":15.0,"enemies":"The Mushroom Lair","floor":7.0,"turns":5.0},{"damage":0.0,"enemies":"Lagavulin","floor":10.0,"turns":5.0},{"damage":0.0,"enemies":"Exordium Thugs","floor":11.0,"turns":3.0},{"damage":0.0,"enemies":"3 Sentries","floor":12.0,"turns":5.0},{"damage":0.0,"enemies":"3 Louse","floor":13.0,"turns":2.0},{"damage":4.0,"enemies":"Blue Slaver","floor":14.0,"turns":9.0},{"damage":3.0,"enemies":"The Guardian","floor":16.0,"turns":13.0},{"damage":5.0,"enemies":"Shell Parasite","floor":18.0,"turns":7.0},{"damage":0.0,"enemies":"Chosen","floor":19.0,"turns":5.0},{"damage":0.0,"enemies":"Slavers","floor":23.0,"turns":5.0},{"damage":0.0,"enemies":"Gremlin Leader","floor":25.0,"turns":7.0},{"damage":0.0,"enemies":"Centurion and Healer","floor":27.0,"turns":9.0},{"damage":6.0,"enemies":"Slavers","floor":28.0,"turns":3.0},{"damage":14.0,"enemies":"Gremlin Leader","floor":30.0,"turns":3.0},{"damage":0.0,"enemies":"Cultist and Chosen","floor":31.0,"turns":3.0},{"damage":30.0,"enemies":"Champ","floor":33.0,"turns":8.0},{"damage":0.0,"enemies":"3 Shapes","floor":35.0,"turns":6.0},{"damage":10.0,"enemies":"3 Darklings","floor":36.0,"turns":5.0},{"damage":0.0,"enemies":"Transient","floor":37.0,"turns":5.0},{"damage":0.0,"enemies":"4 Shapes","floor":38.0,"turns":4.0},{"damage":3.0,"enemies":"Maw","floor":39.0,"turns":8.0},{"damage":16.0,"enemies":"Reptomancer","floor":40.0,"turns":6.0},{"damage":0.0,"enemies":"Nemesis","floor":42.0,"turns":5.0},{"damage":17.0,"enemies":"Jaw Worm Horde","floor":44.0,"turns":7.0},{"damage":19.0,"enemies":"Giant Head","floor":48.0,"turns":8.0},{"damage":33.0,"enemies":"hubris:GrandSnecko","floor":50.0,"turns":11.0},{"damage":70,"enemies":"Shield and Spear","floor":54,"turns":6},{"damage":75,"enemies":"The Heart","floor":55,"turns":8}],"seed_played":"2556712071416220695","potions_obtained":[{"floor":2.0,"key":"Swift Potion"},{"floor":3.0,"key":"BlessingOfTheForge"},{"floor":4.0,"key":"Block Potion"},{"floor":7.0,"key":"EssenceOfSteel"},{"floor":10.0,"key":"GamblersBrew"},{"floor":13.0,"key":"BloodPotion"},{"floor":19.0,"key":"Regen Potion"},{"floor":23.0,"key":"BloodPotion"},{"floor":27.0,"key":"LiquidBronze"},{"floor":54,"key":"ColorlessPotion"}],"is_trial":false,"path_per_floor":["M","M","M","M","M","E","?","$","T","E","M","E","M","M","R","B",null,"M","M","?","$","?","E","R","E","T","M","E","?","E","M","R","B",null,"M","M","M","M","M","E","R","E","T","M","?","R","?","E","R","B",null,"R","$","E","B",null],"character_chosen":"IRONCLAD","items_purchased":["Toxic Egg 2","Carnage","Warcry+1","Seeing Red+1","Headbutt","Sling","Sword Boomerang","True Grit+1","Armaments+1","hubris:SlimyHat","Wild Strike","Magnetism","Bottled Flame"],"campfire_rested":0,"item_purchase_floors":[0,0,0,0,0,8,8,8,21,21,21,53,53],"current_hp_per_floor":[50,56,62,68,74,80,71,71,71,77,80,80,80,84,84,88,88,92,92,92,92,74,96,96,101,101,105,109,109,101,107,107,83,109,109,105,109,113,117,107,107,113,113,102,102,117,117,108,121,116,121,121,121,105,45],"gold":50,"neow_bonus":"","is_daily":false,"chose_seed":false,"campfire_upgraded":6,"win_rate":0.0,"timestamp":1613434145,"path_taken":["M","M","M","M","M","E","?","$","T","E","M","E","M","M","R","BOSS","M","M","?","$","?","E","R","E","T","M","E","?","E","M","R","BOSS","M","M","M","M","M","E","R","E","T","M","?","R","?","E","R","BOSS","R","$","E","BOSS"],"items_purchased_type":["Relic","Card","Card","Card","Card","Relic","Card","Card","Card","Relic","Card","Card","Relic"],"build_version":"2020-12-22","purchased_purges":0,"victory":true,"max_hp_per_floor":[80,80,80,80,80,80,80,80,80,80,80,80,80,84,84,88,88,92,92,92,92,97,101,101,101,101,105,109,109,109,109,109,109,109,109,109,109,113,117,117,117,117,117,117,117,117,117,121,121,121,121,121,121,121,125],"card_choices":[{"not_picked":["Bloodletting+1","Headbutt"],"picked":"Ghostly Armor+1","floor":1.0},{"not_picked":["Dark Embrace","Havoc+1"],"picked":"Entrench+1","floor":2.0},{"not_picked":["Havoc+1","Perfected Strike"],"picked":"Clothesline","floor":3.0},{"not_picked":["Hemokinesis","Fiend Fire"],"picked":"Warcry+1","floor":4.0},{"not_picked":["Dark Embrace","Perfected Strike","Blood for Blood"],"picked":"SKIP","floor":5.0},{"not_picked":["hubris:ReadiedAction+1","Iron Wave"],"picked":"Armaments+1","floor":6.0},{"not_picked":["Clash","Body Slam"],"picked":"Rage+1","floor":7.0},{"not_picked":["Sever Soul","Warcry+1"],"picked":"Ghostly Armor+1","floor":10.0},{"not_picked":["Shockwave+1","Dual Wield+1"],"picked":"Armaments+1","floor":11.0},{"not_picked":["Heavy Blade","Anger"],"picked":"Thunderclap","floor":12.0},{"not_picked":["Headbutt","Warcry+1","Fire Breathing"],"picked":"Feed","floor":13.0},{"not_picked":["Entrench+1","Reckless Charge","Cleave"],"picked":"Shockwave+1","floor":14.0},{"not_picked":["Fiend Fire","Feed","Double Tap+1"],"picked":"Impervious+1","floor":16.0},{"not_picked":["Warcry+1","Evolve","Havoc+1"],"picked":"Seeing Red+1","floor":18.0},{"not_picked":["True Grit+1","Flex+1","Burning Pact+1"],"picked":"Pommel Strike+1","floor":19.0},{"not_picked":["Metallicize","True Grit+1","Headbutt"],"picked":"Flex+1","floor":23.0},{"not_picked":["Twin Strike+1","Sword Boomerang","Burning Pact+1"],"picked":"Shrug It Off+1","floor":25.0},{"not_picked":["Whirlwind+1","Warcry+1","Body Slam+1"],"picked":"Carnage+1","floor":27.0},{"not_picked":["hubris:CleavingFinish","Shockwave+1","Blood for Blood"],"picked":"Inflame","floor":28.0},{"not_picked":["Searing Blow","Feel No Pain","Dropkick+1"],"picked":"hubris:StunningStrike","floor":30.0},{"not_picked":["Havoc+1","Body Slam","Pummel"],"picked":"Shrug It Off+1","floor":31.0},{"not_picked":["Berserk","Offering+1","Brutality"],"picked":"Fiend Fire","floor":33.0},{"not_picked":["hubris:ReadiedAction+1","Clothesline","Cleave"],"picked":"Pommel Strike+1","floor":35.0},{"not_picked":["Dropkick+1","Metallicize+1","Intimidate+1"],"picked":"Rage+1","floor":36.0},{"not_picked":["Twin Strike+1","Burning Pact+1","hubris:ReadiedAction+1"],"picked":"Warcry+1","floor":37.0},{"not_picked":["Heavy Blade","Warcry+1","Second Wind+1"],"picked":"Intimidate+1","floor":38.0},{"not_picked":["Armaments+1","hubris:ReadiedAction+1","Heavy Blade"],"picked":"Shrug It Off+1","floor":39.0},{"not_picked":["Sentinel+1","Dual Wield+1","hubris:ReadiedAction+1"],"picked":"Anger","floor":40.0},{"not_picked":["Iron Wave","Armaments+1","Body Slam"],"picked":"Dual Wield+1","floor":42.0},{"not_picked":["Cleave","Infernal Blade+1","Warcry+1"],"picked":"Shockwave+1","floor":44.0},{"not_picked":["Carnage+1","Sentinel+1","Armaments+1"],"picked":"Metallicize+1","floor":48.0},{"not_picked":["Clothesline","Second Wind+1","Armaments+1"],"picked":"Bludgeon","floor":54}],"player_experience":686890,"relics_obtained":[{"floor":6.0,"key":"Art of War"},{"floor":7.0,"key":"Odd Mushroom"},{"floor":9.0,"key":"Bag of Preparation"},{"floor":10.0,"key":"Thread and Needle"},{"floor":12.0,"key":"Question Card"},{"floor":23.0,"key":"Anchor"},{"floor":25.0,"key":"Bronze Scales"},{"floor":26.0,"key":"Paper Frog"},{"floor":28.0,"key":"hubris:Metronome"},{"floor":30.0,"key":"hubris:CrystalStatue"},{"floor":40.0,"key":"hubris:ChampionShield"},{"floor":42.0,"key":"Eternal Feather"},{"floor":48.0,"key":"Pen Nib"},{"floor":54,"key":"Magic Flower"}],"event_choices":[{"damage_healed":0.0,"max_hp_gain":0.0,"max_hp_loss":0.0,"gold_gain":0.0,"event_name":"Mushrooms","player_choice":"Fought Mushrooms","floor":7.0,"gold_loss":0.0,"damage_taken":0.0},{"damage_healed":0.0,"max_hp_gain":5.0,"max_hp_loss":0.0,"gold_gain":0.0,"event_name":"Forgotten Altar","player_choice":"Shed Blood","floor":22.0,"gold_loss":0.0,"damage_taken":23.0},{"damage_healed":0.0,"max_hp_gain":0.0,"max_hp_loss":0.0,"gold_gain":0.0,"event_name":"Match and Keep!","player_choice":"1 cards matched","floor":29.0,"gold_loss":0.0,"damage_taken":0.0,"cards_obtained":["Bloodletting"]},{"cards_removed":["Brutality"],"damage_healed":0.0,"max_hp_gain":0.0,"max_hp_loss":0.0,"gold_gain":0.0,"event_name":"Falling","player_choice":"Removed Power","floor":45.0,"gold_loss":0.0,"damage_taken":0.0},{"damage_healed":0.0,"max_hp_gain":0.0,"max_hp_loss":0.0,"gold_gain":0.0,"event_name":"Duplicator","player_choice":"Copied","floor":47.0,"gold_loss":0.0,"damage_taken":0.0,"cards_obtained":["Carnage"]}],"is_beta":false,"boss_relics":[{"not_picked":["Snecko Eye","hubris:GrandSneckoEye"],"picked":"SlaversCollar"},{"not_picked":["Calling Bell","Astrolabe"],"picked":"hubris:Backtick"}],"items_purged_floors":[],"is_endless":false,"potions_floor_spawned":[2,3,4,7,10,13,14,19,23,27,28,35,36,39,42,54],"ascension_level":4}}