{"host":"47ceihhszt3bzrh1","time":1613450916,"event":{"mods":["BaseMod","Colored Map","Downfall","Minty Spire (QoL Compilation)","Permanent Neow","Quick Restart","StSLib"],"gold_per_floor":[110,60,60,72,20,46,46,46,46,60,93,110,143,159,159,256,256,272,272,76,96,96,125,47,65,112,124,152,152,185,35,35,132,132,146,160,180,35,45,45,72,72,144,144,163,163,183,213,213,213,213,213,56,82,82],"floor_reached":56,"language":"ENG","playtime":3083,"items_purged":["Writhe","Strike_R"],"score":1361,"play_id":"566d481c-ed1b-4428-b5f8-7992fb8c74c2","local_time":"20210215234836","is_ascension_mode":true,"campfire_choices":[{"data":"Pommel Strike","floor":7.0,"key":"SMITH"},{"data":"Flame Barrier","floor":15.0,"key":"SMITH"},{"data":"Limit Break","floor":29.0,"key":"SMITH"},{"data":"Offering","floor":32.0,"key":"SMITH"},{"data":"Limit Break","floor":40,"key":"SMITH"},{"floor":44,"key":"RECALL"},{"data":"Seeing Red","floor":46,"key":"SMITH"},{"floor":49,"key":"REST"},{"data":"Inflame","floor":52,"key":"SMITH"}],"circlet_count":0,"master_deck":["Strike_R","Strike_R","Defend_R","Defend_R","Defend_R","Defend_R","Bash+1","Iron Wave","Offering+1","Armaments","Pommel Strike+1","Headbutt","Flame Barrier+1","Reaper","Cleave","Shrug It Off","Limit Break+1","Seeing Red+1","Flash of Steel","Inflame+1","Inflame+1","True Grit+1","Shrug It Off+1","Heavy Blade+1","Berserk","Thunderclap+1","Infernal Blade+1","Feel No Pain+1","Sword Boomerang+1","Limit Break+1","Whirlwind+1","Headbutt+1","Dropkick+1","Twin Strike+1","Pummel+1","Heavy Blade+1"],"relics":["Burning Blood","Red Skull","Prayer Wheel","Unceasing Top","Dream Catcher","Black Star","Champion Belt","MutagenicStrength","Ancient Tea Set","Blood Vial","Bag of Marbles","Molten Egg 2","Bag of Preparation","Paper Frog","Bottled Lightning","Philosopher\u0027s Stone","Omamori","Centennial Puzzle","Question Card","Lantern","InkBottle","Anchor","Vajra","Pear"],"acts_visited":["Exordium","TheCity","TheBeyond","TheEnding"],"potions_floor_usage":[48,55,55],"damage_taken":[{"damage":1.0,"enemies":"Jaw Worm","floor":1.0,"turns":3.0},{"damage":6.0,"enemies":"2 Louse","floor":4.0,"turns":2.0},{"damage":24.0,"enemies":"Lagavulin","floor":6.0,"turns":6.0},{"damage":6.0,"enemies":"Cultist","floor":10.0,"turns":2.0},{"damage":19.0,"enemies":"Gremlin Nob","floor":11.0,"turns":4.0},{"damage":10.0,"enemies":"Lots of Slimes","floor":12.0,"turns":2.0},{"damage":17.0,"enemies":"Lagavulin","floor":13.0,"turns":8.0},{"damage":9.0,"enemies":"Red Slaver","floor":14.0,"turns":4.0},{"damage":45.0,"enemies":"The Guardian","floor":16.0,"turns":16.0},{"damage":18.0,"enemies":"Spheric Guardian","floor":18.0,"turns":6.0},{"damage":37.0,"enemies":"2 Thieves","floor":21.0,"turns":5.0},{"damage":24.0,"enemies":"Book of Stabbing","floor":23.0,"turns":4.0},{"damage":5.0,"enemies":"Snecko","floor":25.0,"turns":5.0},{"damage":15.0,"enemies":"Sentry and Sphere","floor":27.0,"turns":5.0},{"damage":12.0,"enemies":"Slavers","floor":28.0,"turns":5.0},{"damage":12.0,"enemies":"Book of Stabbing","floor":30.0,"turns":4.0},{"damage":7.0,"enemies":"Champ","floor":33.0,"turns":7.0},{"damage":1,"enemies":"Orb Walker","floor":35,"turns":3},{"damage":5,"enemies":"3 Shapes","floor":36,"turns":2},{"damage":6,"enemies":"Jaw Worm Horde","floor":37,"turns":1},{"damage":6,"enemies":"Maw","floor":39,"turns":2},{"damage":24,"enemies":"Giant Head","floor":41,"turns":7},{"damage":0,"enemies":"4 Shapes","floor":45,"turns":2},{"damage":0,"enemies":"Jaw Worm Horde","floor":47,"turns":1},{"damage":35,"enemies":"Nemesis","floor":48,"turns":7},{"damage":54,"enemies":"Time Eater","floor":50,"turns":5},{"damage":6,"enemies":"Shield and Spear","floor":54,"turns":1},{"damage":90,"enemies":"The Heart","floor":55,"turns":5}],"seed_played":"7436538762264756604","potions_obtained":[{"floor":12.0,"key":"ColorlessPotion"},{"floor":13.0,"key":"LiquidBronze"},{"floor":14.0,"key":"Regen Potion"},{"floor":16.0,"key":"Fire Potion"},{"floor":25.0,"key":"Explosive Potion"},{"floor":27.0,"key":"Ancient Potion"},{"floor":28.0,"key":"hexamod:SoulburnPotion"},{"floor":37,"key":"SteroidPotion"},{"floor":41,"key":"Swift Potion"}],"is_trial":false,"path_per_floor":["M","?","?","M","$","E","R","$","T","M","E","M","E","M","R","B",null,"M","?","$","M","?","E","$","M","T","M","E","R","E","$","R","B",null,"M","M","M","$","M","R","E","T","T","R","M","R","M","E","R","B",null,"R","$","E","B",null],"character_chosen":"IRONCLAD","items_purchased":["Pommel Strike","Seeing Red","Flash of Steel","Inflame","Heavy Blade+1","Limit Break","Anchor"],"campfire_rested":1,"item_purchase_floors":[5,20,20,24,31,38,53],"current_hp_per_floor":[80,80,80,80,80,62,62,62,62,62,55,71,64,67,67,38,80,68,68,68,45,45,27,27,40,40,33,37,37,33,33,33,62,80,80,80,80,80,80,80,80,80,80,80,80,80,80,51,75,29,80,80,80,90,58],"gold":82,"neow_bonus":"UPGRADE_CARD","is_daily":false,"chose_seed":false,"campfire_upgraded":7,"win_rate":0.0,"timestamp":1613450916,"path_taken":["M","?","?","M","$","E","R","$","T","M","E","M","E","M","R","BOSS","M","?","$","M","?","E","$","M","T","?","E","R","E","$","R","BOSS","M","?","M","?","?","R","E","?","T","R","?","R","M","E","R","BOSS","R","$","E","BOSS"],"items_purchased_type":["Card","Card","Card","Card","Card","Card","Relic"],"build_version":"2020-12-22","purchased_purges":2,"victory":true,"max_hp_per_floor":[80,80,80,80,80,80,80,80,80,80,80,80,80,80,80,80,80,80,80,80,80,80,80,80,80,80,80,80,80,80,80,80,80,80,80,80,80,80,80,80,80,80,80,80,80,80,80,80,80,80,80,80,80,90,90],"card_choices":[{"not_picked":["Perfected Strike","Body Slam"],"picked":"Iron Wave","floor":1.0},{"not_picked":["Entrench","Thunderclap"],"picked":"Armaments","floor":4.0},{"not_picked":["Perfected Strike","Disarm"],"picked":"Headbutt","floor":6.0},{"not_picked":["Power Through","Sword Boomerang"],"picked":"Flame Barrier","floor":10.0},{"not_picked":["Power Through","Body Slam"],"picked":"Reaper","floor":10.0},{"not_picked":["Twin Strike","Hemokinesis"],"picked":"Cleave","floor":11.0},{"not_picked":["Headbutt","Fiend Fire"],"picked":"Shrug It Off","floor":12.0},{"not_picked":["Clash","Cleave","Iron Wave"],"picked":"SKIP","floor":12.0},{"not_picked":["Searing Blow","Perfected Strike","Pummel"],"picked":"SKIP","floor":13.0},{"not_picked":["Cleave","Rage","Dual Wield"],"picked":"SKIP","floor":14.0},{"not_picked":["Armaments","Pommel Strike","Clash"],"picked":"SKIP","floor":14.0},{"not_picked":["Reaper","Corruption"],"picked":"Limit Break","floor":16.0},{"not_picked":["Perfected Strike","True Grit","Pommel Strike"],"picked":"SKIP","floor":18.0},{"not_picked":["Heavy Blade","Cleave","Armaments"],"picked":"SKIP","floor":18.0},{"not_picked":["Anger","Pommel Strike"],"picked":"Inflame+1","floor":21.0},{"not_picked":["Cleave","Sever Soul","Seeing Red"],"picked":"SKIP","floor":21.0},{"not_picked":["Intimidate","Double Tap","Body Slam"],"picked":"SKIP","floor":23.0},{"not_picked":["Flex","Heavy Blade"],"picked":"True Grit+1","floor":25.0},{"not_picked":["Sword Boomerang","Flex","Rupture+1"],"picked":"SKIP","floor":25.0},{"not_picked":["Feed","Inflame","Fire Breathing"],"picked":"SKIP","floor":27.0},{"not_picked":["Clothesline","Blood for Blood","Thunderclap"],"picked":"SKIP","floor":27.0},{"not_picked":["Clothesline+1","Battle Trance+1"],"picked":"Shrug It Off+1","floor":28.0},{"not_picked":["Body Slam+1","Combust+1","Feel No Pain+1"],"picked":"SKIP","floor":30.0},{"not_picked":["Double Tap","Juggernaut"],"picked":"Berserk","floor":33.0},{"not_picked":["Clash+1","Warcry+1"],"picked":"Thunderclap+1","floor":35},{"not_picked":["True Grit+1","Bludgeon+1","Seeing Red"],"picked":"SKIP","floor":35},{"not_picked":["Searing Blow+1","Warcry"],"picked":"Infernal Blade+1","floor":36},{"not_picked":["Warcry+1","Flex+1"],"picked":"Feel No Pain+1","floor":36},{"not_picked":["Body Slam+1","Hemokinesis+1"],"picked":"Sword Boomerang+1","floor":37},{"not_picked":["Uppercut+1","Armaments","Metallicize"],"picked":"SKIP","floor":37},{"not_picked":["Dual Wield+1","Twin Strike+1"],"picked":"Whirlwind+1","floor":39},{"not_picked":["Combust+1","Perfected Strike+1","Second Wind+1"],"picked":"SKIP","floor":39},{"not_picked":["Perfected Strike+1","Uppercut+1"],"picked":"Headbutt+1","floor":41},{"not_picked":["Spot Weakness+1","Power Through+1","Armaments"],"picked":"Dropkick+1","floor":45},{"not_picked":["Flame Barrier","Dual Wield","Iron Wave+1"],"picked":"Twin Strike+1","floor":45},{"not_picked":["Sever Soul+1","Second Wind","Armaments","Double Tap"],"picked":"SKIP","floor":47},{"not_picked":["Clash+1","Iron Wave+1","True Grit","Thunderclap+1"],"picked":"SKIP","floor":47},{"not_picked":["Sever Soul+1","Infernal Blade+1","Body Slam+1"],"picked":"Pummel+1","floor":48},{"not_picked":["Whirlwind+1","Warcry+1","Perfected Strike+1"],"picked":"Heavy Blade+1","floor":49},{"not_picked":["Uppercut+1","Headbutt+1","Perfected Strike+1","Hemokinesis+1"],"picked":"SKIP","floor":54}],"player_experience":10541,"relics_obtained":[{"floor":6.0,"key":"Red Skull"},{"floor":9.0,"key":"Prayer Wheel"},{"floor":11.0,"key":"Unceasing Top"},{"floor":13.0,"key":"Dream Catcher"},{"floor":23.0,"key":"Ancient Tea Set"},{"floor":23.0,"key":"Blood Vial"},{"floor":26.0,"key":"Bag of Marbles"},{"floor":28.0,"key":"Molten Egg 2"},{"floor":28.0,"key":"Bag of Preparation"},{"floor":30.0,"key":"Paper Frog"},{"floor":30.0,"key":"Bottled Lightning"},{"floor":41,"key":"Omamori"},{"floor":41,"key":"Centennial Puzzle"},{"floor":43,"key":"Question Card"},{"floor":48,"key":"Lantern"},{"floor":48,"key":"InkBottle"},{"floor":54,"key":"Vajra"},{"floor":54,"key":"Pear"}],"event_choices":[{"cards_removed":["Strike_R"],"damage_healed":0.0,"max_hp_gain":0.0,"max_hp_loss":0.0,"gold_gain":0.0,"event_name":"The Cleric","player_choice":"Card Removal","floor":2.0,"gold_loss":50.0,"damage_taken":0.0},{"damage_healed":0.0,"max_hp_gain":0.0,"max_hp_loss":0.0,"gold_gain":0.0,"cards_transformed":["Strike_R"],"event_name":"Living Wall","player_choice":"Change","floor":3.0,"gold_loss":0.0,"damage_taken":0.0,"cards_obtained":["Offering"]},{"damage_healed":0.0,"max_hp_gain":0.0,"max_hp_loss":0.0,"gold_gain":0.0,"event_name":"The Mausoleum","player_choice":"Opened","floor":19.0,"gold_loss":0.0,"damage_taken":0.0,"relics_obtained":["Champion Belt"],"cards_obtained":["Writhe"]},{"damage_healed":0.0,"max_hp_gain":0.0,"max_hp_loss":0.0,"gold_gain":0.0,"event_name":"Drug Dealer","player_choice":"Inject Mutagens","floor":22.0,"gold_loss":0.0,"damage_taken":0.0,"relics_obtained":["MutagenicStrength"]}],"is_beta":false,"boss_relics":[{"not_picked":["Sozu","Empty Cage"],"picked":"Black Star"},{"not_picked":["Calling Bell","Snecko Eye"],"picked":"Philosopher\u0027s Stone"}],"items_purged_floors":[20,31],"is_endless":false,"potions_floor_spawned":[12,13,14,16,25,27,28,33,37,41,45],"ascension_level":1}}