{"host":"Kubo","time":1613499100,"event":{"mods":["BaseMod","Downfall","Minty Spire (QoL Compilation)","Replay The Spire","StSLib"],"gold_per_floor":[115,190,190,190,202,236,236,266,266,296,296,296,296,311,311,411,411,422,422,337,356,368,368,368],"floor_reached":23,"language":"ENG","playtime":767,"items_purged":[],"score":217,"play_id":"a9ae66ce-c35e-42f7-bc67-5795fb83ff7d","local_time":"20210216191140","is_ascension_mode":true,"campfire_choices":[{"floor":7,"key":"REST"},{"data":"Envenom","floor":11,"key":"SMITH"},{"data":"Blur","floor":13,"key":"SMITH"},{"data":"Dodge and Roll","floor":15,"key":"SMITH"}],"circlet_count":0,"master_deck":["Strike_G","Strike_G","Strike_G","Strike_G","Strike_G","Defend_G","Defend_G","Defend_G+1","Defend_G","Defend_G","Blur+1","Leap","Beam Cell+1","Quick Slash","Dodge and Roll+1","Envenom+1","Infinite Blades","Corpse Explosion","Deflect+1","downfall:Bewildered","Dagger Spray","Cloak And Dagger"],"relics":["Ring of the Snake","Lantern","Eternal Feather","Ancient Tea Set","Art of War","PreservedInsect","ReplayTheSpireMod:Ring of Addiction","Chameleon Ring","SacredBark","Ring of Chaos","sneckomod:BabySnecko","StoneCalendar"],"acts_visited":["Exordium","TheCity"],"potions_floor_usage":[14,16,16,18,21],"damage_taken":[{"damage":0,"enemies":"2 Louse","floor":1,"turns":2},{"damage":0,"enemies":"Jaw Worm","floor":5,"turns":4},{"damage":29,"enemies":"Lagavulin","floor":6,"turns":11},{"damage":13,"enemies":"3 Sentries","floor":8,"turns":14},{"damage":20,"enemies":"Lagavulin","floor":10,"turns":8},{"damage":0,"enemies":"Cultist","floor":14,"turns":2},{"damage":16,"enemies":"Hexaghost","floor":16,"turns":4},{"damage":27,"enemies":"Spheric Guardian","floor":18,"turns":8},{"damage":0,"enemies":"Shell Parasite","floor":21,"turns":1},{"damage":13,"enemies":"Chosen and Byrds","floor":22,"turns":6},{"damage":30,"enemies":"Slavers","floor":23,"turns":2}],"seed_played":"4715719035158330886","potions_obtained":[{"floor":6,"key":"SteroidPotion"},{"floor":10,"key":"Energy Potion"},{"floor":12,"key":"DistilledChaos"},{"floor":12,"key":"Ancient Potion"},{"floor":14,"key":"SpeedPotion"},{"floor":16,"key":"champ:CounterPotion"},{"floor":18,"key":"Swift Potion"}],"is_trial":false,"path_per_floor":["M","?","?","?","M","E","R","E","T","E","R","?","R","M","R","B",null,"M","?","?","M","M","E"],"character_chosen":"THE_SILENT","items_purchased":[],"campfire_rested":1,"item_purchase_floors":[],"current_hp_per_floor":[70,59,59,45,45,16,46,33,33,13,22,22,31,31,40,24,70,43,43,43,43,30,0,0],"gold":368,"neow_bonus":"RANDOM_COMMON_RELIC","is_daily":false,"chose_seed":false,"campfire_upgraded":3,"win_rate":0.0,"timestamp":1613499100,"path_taken":["M","?","?","?","M","E","R","E","T","E","R","?","R","M","R","BOSS","M","?","?","M","M","E"],"items_purchased_type":[],"build_version":"2020-12-18","purchased_purges":0,"victory":false,"max_hp_per_floor":[70,70,70,70,70,70,70,70,70,70,70,70,70,70,70,70,70,70,70,70,70,70,70,70],"card_choices":[{"not_picked":["Bane","ReplayTheSpireMod:Tripwire"],"picked":"Blur","floor":1},{"not_picked":["Slice","Well Laid Plans"],"picked":"Quick Slash","floor":5},{"not_picked":["Well Laid Plans","Sucker Punch"],"picked":"Dodge and Roll","floor":6},{"not_picked":["Quick Slash","Heel Hook"],"picked":"Envenom","floor":8},{"not_picked":["Acrobatics","PiercingWail"],"picked":"Infinite Blades","floor":10},{"not_picked":["Masterful Stab","Distraction","ReplayTheSpireMod:Exploit Weakness"],"picked":"SKIP","floor":14},{"not_picked":["After Image","Grand Finale"],"picked":"Corpse Explosion","floor":16},{"not_picked":["Bane","Prepared"],"picked":"Deflect+1","floor":18},{"not_picked":["Outmaneuver","Expertise+1"],"picked":"Dagger Spray","floor":21},{"not_picked":["Flechettes","Acrobatics"],"picked":"Cloak And Dagger","floor":22}],"player_experience":529289,"relics_obtained":[{"floor":6,"key":"Eternal Feather"},{"floor":8,"key":"Ancient Tea Set"},{"floor":9,"key":"Art of War"},{"floor":10,"key":"PreservedInsect"},{"floor":12,"key":"ReplayTheSpireMod:Ring of Addiction"},{"floor":12,"key":"Chameleon Ring"},{"floor":12,"key":"SacredBark"}],"event_choices":[{"damage_healed":0,"gold_gain":75,"player_choice":"Gather Gold","damage_taken":11,"max_hp_gain":0,"max_hp_loss":0,"event_name":"World of Goop","floor":2,"gold_loss":0},{"damage_healed":0,"gold_gain":0,"player_choice":"Entered Light","damage_taken":14,"max_hp_gain":0,"max_hp_loss":0,"event_name":"Shining Light","floor":4,"gold_loss":0,"cards_upgraded":["Beam Cell","Defend_G"]},{"damage_healed":0,"gold_gain":0,"player_choice":"Obtained Relic","damage_taken":0,"relics_obtained":["StoneCalendar"],"max_hp_gain":0,"max_hp_loss":0,"event_name":"Addict","floor":20,"gold_loss":85}],"is_beta":true,"boss_relics":[{"not_picked":["bronze:MakeshiftBattery","Runic Pyramid"],"picked":"Ring of Chaos"}],"items_purged_floors":[],"is_endless":false,"potions_floor_spawned":[6,10,14,16,18],"killed_by":"Slavers","ascension_level":1}}