{"host":"o88u0awh8mkwl1l8","time":1613472018,"event":{"mods":["BaseMod","Colored Map","Highlight Path","Minty Spire (QoL Compilation)","Relic Sorter"],"gold_per_floor":[19,37,187,187,187,212,9,44,44,44,24,49,49,62,62,137,137,147,147,159,159,172,172,198,198,251,159,209,243,243,255,255,329,329,345,370,415,189,189,220,220,249,249,276,292,292,305,315,315,315,315,315,315,5,39,39],"floor_reached":57,"language":"JPN","playtime":8144,"items_purged":["Defend_P","Strike_P","Strike_P","BattleHymn+1"],"score":2884,"play_id":"7c76b75c-6be5-47dd-84f0-e294ae2814c1","local_time":"20210216194018","is_ascension_mode":true,"campfire_choices":[{"data":"Protect","floor":10.0,"key":"SMITH"},{"data":"EmptyFist","floor":13.0,"key":"SMITH"},{"data":"BattleHymn","floor":15.0,"key":"SMITH"},{"data":"Wallop","floor":23.0,"key":"SMITH"},{"floor":25,"key":"REST"},{"data":"SpiritShield","floor":30,"key":"SMITH"},{"data":"InnerPeace","floor":32,"key":"SMITH"},{"floor":41,"key":"REST"},{"floor":46,"key":"RECALL"},{"floor":49,"key":"REST"},{"floor":53,"key":"REST"}],"circlet_count":0,"master_deck":["AscendersBane","Strike_P","Defend_P","Defend_P","Defend_P+1","Eruption+1","Vigilance","Protect+1","CutThroughFate","DeceiveReality","EmptyFist+1","SpiritShield+1","Wallop+1","Necronomicurse","Worship","Swivel","DevaForm","InnerPeace+1","WheelKick+1","Brilliance+1","WheelKick+1","Adaptation","Wireheading+1","Vault","Study","Worship","Adaptation"],"relics":["PureWater","Happy Flower","Nunchaku","Letter Opener","Membership Card","Turnip","Snecko Eye","Necronomicon","Molten Egg 2","MealTicket","Bottled Tornado","Fusion Hammer","Calipers","Unceasing Top","PreservedInsect","DollysMirror","Lizard Tail","Yang","Meat on the Bone","Centennial Puzzle","Bronze Scales"],"acts_visited":["TheCity","TheBeyond","TheEnding"],"potions_floor_usage":[24,44,51,56,56],"damage_taken":[{"damage":3.0,"enemies":"2 Louse","floor":1.0,"turns":4.0},{"damage":0.0,"enemies":"Jaw Worm","floor":2.0,"turns":3.0},{"damage":12.0,"enemies":"Lagavulin","floor":6.0,"turns":8.0},{"damage":3.0,"enemies":"Gremlin Nob","floor":8.0,"turns":3.0},{"damage":4.0,"enemies":"3 Sentries","floor":12.0,"turns":5.0},{"damage":0.0,"enemies":"Cultist","floor":14.0,"turns":2.0},{"damage":12.0,"enemies":"The Guardian","floor":16.0,"turns":12.0},{"damage":0.0,"enemies":"Spheric Guardian","floor":18.0,"turns":3.0},{"damage":0.0,"enemies":"Chosen","floor":20.0,"turns":4.0},{"damage":0.0,"enemies":"Snake Plant","floor":22.0,"turns":2.0},{"damage":9,"enemies":"Gremlin Leader","floor":24,"turns":4},{"damage":0,"enemies":"Book of Stabbing","floor":29,"turns":4},{"damage":0,"enemies":"Centurion and Healer","floor":31,"turns":4},{"damage":6,"enemies":"Automaton","floor":33,"turns":7},{"damage":0,"enemies":"3 Shapes","floor":35,"turns":3},{"damage":0,"enemies":"Mind Bloom Boss Battle","floor":36,"turns":4},{"damage":0,"enemies":"2 Orb Walkers","floor":37,"turns":4},{"damage":28,"enemies":"Nemesis","floor":40,"turns":7},{"damage":0,"enemies":"Giant Head","floor":42,"turns":4},{"damage":0,"enemies":"Reptomancer","floor":44,"turns":2},{"damage":0,"enemies":"3 Darklings","floor":45,"turns":4},{"damage":0,"enemies":"Maw","floor":47,"turns":4},{"damage":0,"enemies":"Transient","floor":48,"turns":6},{"damage":30,"enemies":"Awakened One","floor":50,"turns":7},{"damage":10,"enemies":"Donu and Deca","floor":51,"turns":8},{"damage":0,"enemies":"Shield and Spear","floor":55,"turns":6},{"damage":62,"enemies":"The Heart","floor":56,"turns":8}],"seed_played":"282804626412794113","potions_obtained":[{"floor":1.0,"key":"FearPotion"},{"floor":6.0,"key":"BottledMiracle"},{"floor":14.0,"key":"Block Potion"},{"floor":18.0,"key":"PowerPotion"},{"floor":29,"key":"FearPotion"},{"floor":35,"key":"Dexterity Potion"},{"floor":44,"key":"Block Potion"},{"floor":47,"key":"StancePotion"}],"is_trial":false,"path_per_floor":["M","M","?","?","?","E","$","E","T","R","$","E","R","M","R","B",null,"M","?","M","?","M","R","E","R","T","$","?","E","R","M","R","B",null,"M","?","?","$","?","E","R","E","T","E","M","R","M","M","R","B","B",null,"R","$","E","B",null],"character_chosen":"WATCHER","items_purchased":["Membership Card","DeceiveReality","DevaForm","PreservedInsect","DollysMirror","Vault","Swift Potion","Study","Worship","Centennial Puzzle"],"campfire_rested":4,"item_purchase_floors":[7,11,27,38,38,54,54,54,54,54],"current_hp_per_floor":[70,70,70,46,39,27,27,24,24,24,24,20,20,20,20,8,62,62,62,62,41,41,41,32,56,56,71,63,63,63,63,63,57,74,74,74,74,80,80,52,76,76,76,76,76,76,76,76,80,50,52,73,80,80,80,30],"gold":39,"neow_bonus":"TWENTY_PERCENT_HP_BONUS","is_daily":false,"chose_seed":false,"campfire_upgraded":6,"win_rate":0.0,"timestamp":1613472018,"path_taken":["M","M","?","?","?","E","?","E","T","R","$","E","R","M","R","BOSS","M","?","M","?","M","R","E","R","T","$","?","E","R","?","R","BOSS","M","?","?","$","?","E","R","E","T","E","M","R","M","M","R","BOSS","BOSS","R","$","E","BOSS"],"items_purchased_type":["Relic","Card","Card","Relic","Relic","Card","Potion","Card","Card","Relic"],"build_version":"2020-12-22","purchased_purges":4,"victory":true,"max_hp_per_floor":[80,80,80,80,80,80,80,80,80,80,80,80,80,80,80,80,80,80,80,80,80,80,80,80,80,80,80,80,80,80,80,80,80,80,80,80,80,80,80,80,80,80,80,80,80,80,80,80,80,80,80,80,80,80,80,80],"card_choices":[{"not_picked":["Wallop","JustLucky"],"picked":"BattleHymn","floor":1.0},{"not_picked":["Crescendo","Weave"],"picked":"Protect","floor":2.0},{"not_picked":["Crescendo","FollowUp"],"picked":"CutThroughFate","floor":6.0},{"not_picked":["EmptyBody","ThirdEye","WaveOfTheHand"],"picked":"SKIP","floor":8.0},{"not_picked":["Alpha","Meditate"],"picked":"EmptyFist","floor":12.0},{"not_picked":["Vengeance","WindmillStrike","Swivel"],"picked":"SKIP","floor":14.0},{"not_picked":["Devotion","DevaForm"],"picked":"SpiritShield","floor":16.0},{"not_picked":["FollowUp","Weave+1","EmptyFist"],"picked":"SKIP","floor":18.0},{"not_picked":["Weave","EmptyBody+1"],"picked":"Wallop","floor":20.0},{"not_picked":["InnerPeace","FlurryOfBlows"],"picked":"Worship","floor":22.0},{"not_picked":["JustLucky+1","Study"],"picked":"Swivel","floor":24},{"not_picked":["Collect","JustLucky+1"],"picked":"InnerPeace","floor":29},{"not_picked":["Tantrum+1","Conclude+1"],"picked":"WheelKick+1","floor":31},{"not_picked":["DeusExMachina","Blasphemy"],"picked":"Brilliance+1","floor":33},{"not_picked":["FlurryOfBlows+1","ForeignInfluence","CarveReality+1"],"picked":"SKIP","floor":35},{"not_picked":["Crescendo+1","Protect","Blasphemy"],"picked":"SKIP","floor":40},{"not_picked":["Prostrate","FollowUp+1"],"picked":"Adaptation","floor":42},{"not_picked":["Crescendo","FlurryOfBlows+1"],"picked":"Wireheading+1","floor":44},{"not_picked":["SashWhip+1","WaveOfTheHand+1","FlurryOfBlows+1"],"picked":"SKIP","floor":45},{"not_picked":["Prostrate+1","EmptyFist+1","SashWhip+1"],"picked":"SKIP","floor":47},{"not_picked":["ThirdEye+1","ReachHeaven+1","FlyingSleeves+1"],"picked":"SKIP","floor":48},{"not_picked":["Indignation","SashWhip+1"],"picked":"Adaptation","floor":55}],"player_experience":1280838,"relics_obtained":[{"floor":6.0,"key":"Letter Opener"},{"floor":8.0,"key":"Turnip"},{"floor":9.0,"key":"Happy Flower"},{"floor":12.0,"key":"Nunchaku"},{"floor":21.0,"key":"Necronomicon"},{"floor":24,"key":"Molten Egg 2"},{"floor":26,"key":"MealTicket"},{"floor":29,"key":"Bottled Tornado"},{"floor":36,"key":"Calipers"},{"floor":37,"key":"Unceasing Top"},{"floor":40,"key":"Lizard Tail"},{"floor":42,"key":"Yang"},{"floor":44,"key":"Meat on the Bone"},{"floor":55,"key":"Bronze Scales"}],"event_choices":[{"damage_healed":0.0,"max_hp_gain":0.0,"max_hp_loss":0.0,"gold_gain":150.0,"event_name":"Liars Game","player_choice":"AGREE","floor":3.0,"gold_loss":0.0,"damage_taken":0.0,"cards_obtained":["Doubt"]},{"damage_healed":0.0,"max_hp_gain":0.0,"max_hp_loss":0.0,"gold_gain":0.0,"event_name":"Shining Light","player_choice":"Entered Light","floor":4.0,"gold_loss":0.0,"damage_taken":24.0,"cards_upgraded":["Defend_P","Eruption"]},{"cards_removed":["Doubt"],"damage_healed":0.0,"max_hp_gain":0.0,"max_hp_loss":0.0,"gold_gain":0.0,"event_name":"Golden Wing","player_choice":"Card Removal","floor":5.0,"gold_loss":0.0,"damage_taken":7.0},{"damage_healed":0.0,"max_hp_gain":0.0,"max_hp_loss":0.0,"gold_gain":0.0,"event_name":"Ghosts","player_choice":"Ignored","floor":19.0,"gold_loss":0.0,"damage_taken":0.0},{"damage_healed":0.0,"max_hp_gain":0.0,"max_hp_loss":0.0,"gold_gain":0.0,"event_name":"Cursed Tome","player_choice":"Obtained Book","floor":21.0,"gold_loss":0.0,"damage_taken":21.0},{"damage_healed":0,"gold_gain":50,"player_choice":"Touch","damage_taken":8,"max_hp_gain":0,"max_hp_loss":0,"event_name":"FaceTrader","floor":28,"gold_loss":0},{"damage_healed":0,"gold_gain":0,"player_choice":"Fight","damage_taken":0,"max_hp_gain":0,"max_hp_loss":0,"event_name":"MindBloom","floor":36,"gold_loss":0},{"damage_healed":0,"gold_gain":0,"player_choice":"Fight","damage_taken":0,"max_hp_gain":0,"max_hp_loss":0,"event_name":"Mysterious Sphere","floor":37,"gold_loss":0},{"cards_removed":["Strike_P"],"damage_healed":0,"gold_gain":0,"player_choice":"Removed Attack","damage_taken":0,"max_hp_gain":0,"max_hp_loss":0,"event_name":"Falling","floor":39,"gold_loss":0}],"is_beta":false,"boss_relics":[{"not_picked":["Philosopher\u0027s Stone","Tiny House"],"picked":"Snecko Eye"},{"not_picked":["Empty Cage","SlaversCollar"],"picked":"Fusion Hammer"}],"items_purged_floors":[7,27,38,54],"is_endless":false,"potions_floor_spawned":[1,6,14,18,22,29,31,35,37,42,44,47,48,55],"ascension_level":20}}