{"host":"p7cjtxxrilhp4dw7","time":1613442218,"event":{"mods":["BaseMod","Block Reminder","Colored Map","Curses Come First","Highlight Path","Minty Spire (QoL Compilation)","Replay The Spire","StSLib"],"gold_per_floor":[117,38,38,56,66,66,95,95,95,95,110,62,62,94,94,168,168,183,183,183,183,33,59,59,79,104,117,117,134,134,149,149],"floor_reached":31,"language":"ENG","playtime":2535,"items_purged":[],"score":529,"play_id":"5c4ee8f5-713f-4001-9389-e7833f75ffb3","local_time":"20210215192338","is_ascension_mode":true,"campfire_choices":[{"floor":6,"key":"REST"},{"data":"Replay:Poison Smokescreen","floor":8,"key":"SMITH"},{"data":"ReplayTheSpireMod:From All Sides","floor":13,"key":"SMITH"},{"floor":15,"key":"REST"},{"floor":24,"key":"REST"},{"floor":28,"key":"REST"}],"circlet_count":0,"master_deck":["AscendersBane","Strike_G","Strike_G","Strike_G","Strike_G","Strike_G","Defend_G","Defend_G","Defend_G","Defend_G","Defend_G+1","Survivor","Neutralize","Draining Mist","ReplayTheSpireMod:From All Sides+1","Neutralize","ReplayTheSpireMod:Speed Training","Heel Hook","Backstab","Replay:Poison Smokescreen+1","Dodge and Roll","Deflect+1","ReplayTheSpireMod:Exploit Weakness","Deflect+1","Glass Knife","Deadly Poison","Dagger Spray","PiercingWail","Fluid Movement+1"],"relics":["Ring of the Snake","Dream Catcher","Replay:Kaleidoscope","Replay:WaspNest","ReplayTheSpireMod:Lightbulb","SacredBark","ReplayTheSpireMod:Ring of Challenge","Strange Spoon","Replay:Bottled Eggs","Bag of Marbles"],"acts_visited":["Exordium","TheCity"],"potions_floor_usage":[7,11,14],"damage_taken":[{"damage":0,"enemies":"2 Louse","floor":1,"turns":3},{"damage":1,"enemies":"Cultist","floor":4,"turns":4},{"damage":9,"enemies":"Small Slimes","floor":5,"turns":3},{"damage":15,"enemies":"Lagavulin","floor":7,"turns":5},{"damage":0,"enemies":"Exordium Wildlife","floor":11,"turns":3},{"damage":9,"enemies":"Gremlin Nob","floor":14,"turns":3},{"damage":0,"enemies":"The Guardian","floor":16,"turns":12},{"damage":2,"enemies":"Spheric Guardian","floor":18,"turns":3},{"damage":27,"enemies":"Book of Stabbing","floor":23,"turns":5},{"damage":0,"enemies":"3 Byrds","floor":25,"turns":6},{"damage":16,"enemies":"Snake Plant","floor":27,"turns":4},{"damage":11,"enemies":"Centurion and Healer","floor":29,"turns":9},{"damage":1,"enemies":"Chosen and Byrds","floor":31,"turns":4}],"seed_played":"891730583742614636","potions_obtained":[{"floor":1,"key":"CultistPotion"},{"floor":5,"key":"CunningPotion"},{"floor":7,"key":"Adrenaline Potion"},{"floor":27,"key":"FearPotion"}],"is_trial":false,"path_per_floor":["M","$","?","M","M","R","E","R","T","?","M","$","R","E","R","B",null,"M","?","?","?","$","E","R","M","T","M","R","M","?","M"],"character_chosen":"THE_SILENT","items_purchased":["Draining Mist","Deflect","Strange Spoon"],"campfire_rested":4,"item_purchase_floors":[2,12,22],"current_hp_per_floor":[59,59,59,58,49,66,51,51,51,51,51,51,51,42,61,61,65,63,63,63,63,63,36,55,55,55,39,58,47,47,46,46],"gold":149,"neow_bonus":"RANDOM_COMMON_RELIC","is_daily":false,"chose_seed":false,"campfire_upgraded":2,"win_rate":0.0,"timestamp":1613442218,"path_taken":["M","$","?","?","M","R","E","R","T","?","M","?","R","E","R","BOSS","M","?","?","?","$","E","R","M","T","M","R","?","?","M"],"items_purchased_type":["Card","Card","Relic"],"build_version":"2020-12-22","purchased_purges":0,"victory":false,"max_hp_per_floor":[66,66,66,66,66,66,66,66,66,66,66,66,66,66,66,66,66,66,66,66,66,66,66,66,66,66,66,66,66,66,66,66],"card_choices":[{"not_picked":["Crippling Poison","Caltrops","Setup"],"picked":"SKIP","floor":1},{"not_picked":["All Out Attack","Expertise"],"picked":"ReplayTheSpireMod:Speed Training","floor":4},{"not_picked":["Flying Knee","Distraction"],"picked":"Heel Hook","floor":5},{"not_picked":["Poisoned Stab","Underhanded Strike"],"picked":"Backstab","floor":6},{"not_picked":["Flying Knee","Dagger Spray"],"picked":"Replay:Poison Smokescreen","floor":7},{"not_picked":["Poisoned Stab","Masterful Stab"],"picked":"Dodge and Roll","floor":11},{"not_picked":["Phantasmal Killer","Quick Slash"],"picked":"ReplayTheSpireMod:Exploit Weakness","floor":14},{"not_picked":["Deadly Poison","Setup"],"picked":"Deflect","floor":15},{"not_picked":["Night Terror","Storm of Steel"],"picked":"Glass Knife","floor":16},{"not_picked":["Dagger Spray","Replay:Poison Smokescreen","Outmaneuver"],"picked":"SKIP","floor":18},{"not_picked":["Hidden Blade","Accuracy","ReplayTheSpireMod:The Works"],"picked":"SKIP","floor":23},{"not_picked":["Dodge and Roll","Hidden Blade"],"picked":"Dagger Spray","floor":24},{"not_picked":["Phantasmal Killer","Hidden Blade"],"picked":"PiercingWail","floor":25},{"not_picked":["Riddle With Holes","Replay:Poison Smokescreen","Deflect"],"picked":"SKIP","floor":27},{"not_picked":["Blade Dance","Heel Hook"],"picked":"Fluid Movement+1","floor":28},{"not_picked":["Sucker Punch","Infinite Blades+1","Quick Slash"],"picked":"SKIP","floor":29}],"player_experience":675450,"relics_obtained":[{"floor":7,"key":"Replay:Kaleidoscope"},{"floor":9,"key":"Replay:WaspNest"},{"floor":14,"key":"ReplayTheSpireMod:Lightbulb"},{"floor":19,"key":"ReplayTheSpireMod:Ring of Challenge"},{"floor":23,"key":"Replay:Bottled Eggs"},{"floor":26,"key":"Bag of Marbles"}],"event_choices":[{"damage_healed":0,"gold_gain":0,"player_choice":"2 cards matched","damage_taken":0,"max_hp_gain":0,"max_hp_loss":0,"event_name":"Match and Keep!","floor":3,"gold_loss":0,"cards_obtained":["ReplayTheSpireMod:From All Sides","Neutralize"]},{"damage_healed":0,"gold_gain":0,"player_choice":"Read","damage_taken":0,"max_hp_gain":0,"max_hp_loss":0,"event_name":"The Library","floor":20,"gold_loss":0,"cards_obtained":["Deadly Poison"]},{"cards_removed":["Voices"],"damage_healed":0,"gold_gain":0,"player_choice":"Removed Curses","damage_taken":0,"max_hp_gain":0,"max_hp_loss":0,"event_name":"Fountain of Cleansing","floor":21,"gold_loss":0},{"damage_healed":0,"gold_gain":0,"player_choice":"Ignored","damage_taken":0,"max_hp_gain":0,"max_hp_loss":0,"event_name":"Vampires","floor":30,"gold_loss":0}],"is_beta":false,"boss_relics":[{"not_picked":["WristBlade","Runic Pyramid"],"picked":"SacredBark"}],"items_purged_floors":[],"is_endless":false,"potions_floor_spawned":[1,5,7,27],"killed_by":"Chosen and Byrds","ascension_level":14}}