{"host":"9rqxlbwknj581inl","time":1613512295,"event":{"mods":["BaseMod","Colored Map","Colored Powertips","Minty Spire (QoL Compilation)","Quick Restart","Random Character Mod"],"gold_per_floor":[217,1,20,31,43,71,71,81,106,122,122,181,200,219,219,323,323,335,349,349,360,387,387,387,387],"floor_reached":24,"language":"ENG","playtime":1910,"items_purged":["Strike_B"],"score":252,"play_id":"b2b0e930-471c-44fc-bf2d-5adfe3b9c098","local_time":"20210216145135","is_ascension_mode":false,"campfire_choices":[{"data":"Zap","floor":7,"key":"SMITH"},{"data":"Dualcast","floor":11,"key":"SMITH"},{"data":"Capacitor","floor":15,"key":"SMITH"},{"data":"Echo Form","floor":23,"key":"SMITH"}],"circlet_count":0,"master_deck":["Strike_B","Strike_B","Strike_B","Defend_B","Defend_B","Defend_B","Defend_B","Zap+1","Dualcast+1","Ball Lightning","Glacier","Cold Snap","Barrage","Beam Cell","Redo","Rebound","Capacitor+1","Chaos","Sweeping Beam","Genetic Algorithm","Tempest","Echo Form+1","Capacitor+1","Redo","Melter"],"relics":["Cracked Core","Strawberry","Juzu Bracelet","Art of War","Nuclear Battery","MutagenicStrength","Omamori"],"acts_visited":["Exordium","TheCity"],"potions_floor_usage":[12,16,16],"damage_taken":[{"damage":5,"enemies":"Cultist","floor":1,"turns":4},{"damage":4,"enemies":"Jaw Worm","floor":3,"turns":3},{"damage":2,"enemies":"Small Slimes","floor":4,"turns":2},{"damage":8,"enemies":"Exordium Wildlife","floor":5,"turns":4},{"damage":6,"enemies":"3 Sentries","floor":6,"turns":9},{"damage":13,"enemies":"Red Slaver","floor":8,"turns":2},{"damage":0,"enemies":"2 Fungi Beasts","floor":10,"turns":2},{"damage":7,"enemies":"Gremlin Nob","floor":12,"turns":5},{"damage":7,"enemies":"Blue Slaver","floor":13,"turns":2},{"damage":2,"enemies":"Exordium Thugs","floor":14,"turns":4},{"damage":0,"enemies":"Slime Boss","floor":16,"turns":6},{"damage":29,"enemies":"2 Thieves","floor":18,"turns":5},{"damage":12,"enemies":"Spheric Guardian","floor":19,"turns":4},{"damage":42,"enemies":"Shelled Parasite and Fungi","floor":21,"turns":5},{"damage":27,"enemies":"Book of Stabbing","floor":24,"turns":3}],"seed_played":"-1240139339286948628","potions_obtained":[{"floor":4,"key":"Weak Potion"},{"floor":5,"key":"EssenceOfDarkness"},{"floor":12,"key":"FairyPotion"},{"floor":14,"key":"DistilledChaos"},{"floor":16,"key":"PotionOfCapacity"}],"is_trial":false,"path_per_floor":["M","$","M","M","M","E","R","M","T","M","R","?","M","M","R","B",null,"M","M","?","M","T","R","E"],"character_chosen":"DEFECT","items_purchased":["Glacier","Cold Snap","Barrage"],"campfire_rested":0,"item_purchase_floors":[2,2,2],"current_hp_per_floor":[70,70,66,64,56,57,57,44,44,44,44,37,30,28,28,28,82,53,41,41,24,24,24,0,0],"gold":387,"neow_bonus":"HUNDRED_GOLD","is_daily":false,"chose_seed":false,"campfire_upgraded":4,"win_rate":0.0,"timestamp":1613512295,"path_taken":["M","$","M","M","?","E","R","M","T","M","R","?","M","M","R","BOSS","M","M","?","M","?","R","E"],"items_purchased_type":["Card","Card","Card"],"build_version":"2020-12-22","purchased_purges":1,"victory":false,"max_hp_per_floor":[75,75,75,75,75,82,82,82,82,82,82,82,82,82,82,82,82,82,82,82,82,82,82,82,82],"card_choices":[{"not_picked":["Conserve Battery","Stack"],"picked":"Ball Lightning","floor":1},{"not_picked":["Conserve Battery","Steam"],"picked":"Beam Cell","floor":3},{"not_picked":["Recycle","Barrage","Coolheaded"],"picked":"SKIP","floor":4},{"not_picked":["Conserve Battery","Consume"],"picked":"Redo","floor":5},{"not_picked":["Conserve Battery","Beam Cell"],"picked":"Rebound","floor":6},{"not_picked":["Recycle","Rebound"],"picked":"Capacitor","floor":8},{"not_picked":["Gash","Rebound"],"picked":"Chaos","floor":10},{"not_picked":["Redo","Ball Lightning"],"picked":"Sweeping Beam","floor":12},{"not_picked":["Fusion","Static Discharge"],"picked":"Genetic Algorithm","floor":13},{"not_picked":["Gash","Streamline"],"picked":"Tempest","floor":14},{"not_picked":["Amplify","Reboot"],"picked":"Echo Form","floor":16},{"not_picked":["Rebound","Rip and Tear"],"picked":"Capacitor+1","floor":18},{"not_picked":["Coolheaded","Streamline"],"picked":"Redo","floor":19},{"not_picked":["Stack+1","Ball Lightning"],"picked":"Melter","floor":21}],"player_experience":102670,"relics_obtained":[{"floor":6,"key":"Strawberry"},{"floor":9,"key":"Juzu Bracelet"},{"floor":12,"key":"Art of War"},{"floor":22,"key":"Omamori"}],"event_choices":[{"damage_healed":0,"gold_gain":0,"player_choice":"Searched \u00272\u0027 times","damage_taken":0,"max_hp_gain":0,"max_hp_loss":0,"event_name":"Dead Adventurer","floor":12,"gold_loss":0},{"damage_healed":0,"gold_gain":0,"player_choice":"Inject Mutagens","damage_taken":0,"relics_obtained":["MutagenicStrength"],"max_hp_gain":0,"max_hp_loss":0,"event_name":"Drug Dealer","floor":20,"gold_loss":0}],"is_beta":false,"boss_relics":[{"not_picked":["Coffee Dripper","Philosopher\u0027s Stone"],"picked":"Nuclear Battery"}],"items_purged_floors":[2],"is_endless":false,"potions_floor_spawned":[4,5,12,14,16],"killed_by":"Book of Stabbing","ascension_level":0}}