{"host":"sc0o2qwpf9j16a4i","time":1613477496,"event":{"mods":["AchievementEnabler","BaseMod","BetterRewards","Block Reminder","Colored Map","Colored Powertips","Custom Start","Highlight Path","Minty Spire (QoL Compilation)","Relic Stats"],"gold_per_floor":[119,137,137,157,5,35,47,75,114,141,178,190,228,273,285,392,404,430,457,469,61,73,106,116,116,116,148,148,165,176,203,203,308,308,325,325,336,351,351,386,386,418,418,468,478,505,505,518,518,518],"floor_reached":51,"language":"ENG","playtime":2362,"items_purged":[],"score":1317,"play_id":"1d7ae61b-869a-4501-aa96-bccf79e1ccc5","local_time":"20210216141136","daily_mods":["Draft","Colorless Cards","Binary"],"is_ascension_mode":false,"campfire_choices":[{"data":"Beam Cell","floor":7,"key":"SMITH"},{"data":"Go for the Eyes","floor":12,"key":"SMITH"},{"data":"FTL","floor":15,"key":"SMITH"},{"data":"Defragment","floor":25,"key":"SMITH"},{"data":"Undo","floor":32,"key":"SMITH"},{"data":"Self Repair","floor":49,"key":"PURGE"}],"circlet_count":0,"master_deck":["Cold Snap","Gash","Gash","Sweeping Beam","Gash","Ball Lightning","FTL+1","Beam Cell+1","Cold Snap","Undo+1","Go for the Eyes","Ball Lightning","Coolheaded+1","Conserve Battery+1","Ball Lightning","Coolheaded","Gash","Go for the Eyes+1","Violence","Compile Driver","Reboot","CurseOfTheBell","BootSequence","Steam","RitualDagger","Defragment+1","Scrape","Hologram+1","Finesse","Trip","Stack+1","Sweeping Beam","Echo Form","Cold Snap","Stack+1","Secret Technique","Transmutation","Trip","Forethought+1","Go for the Eyes","Double Energy+1"],"relics":["Cracked Core","DataDisk","MawBank","Oddly Smooth Stone","War Paint","Toy Ornithopter","Happy Flower","Calling Bell","Blood Vial","Cables","Peace Pipe","Pen Nib","Toolbox","HornCleat","InkBottle","Juzu Bracelet","Bag of Preparation","Fusion Hammer","Centennial Puzzle","Blue Candle","Vajra","Bird Faced Urn","Orichalcum"],"acts_visited":["Exordium","TheCity","TheBeyond"],"potions_floor_usage":[6,6,10,16,16,30,33,37,50,50,50],"damage_taken":[{"damage":0,"enemies":"Cultist","floor":1,"turns":2},{"damage":0,"enemies":"Small Slimes","floor":2,"turns":2},{"damage":0,"enemies":"Jaw Worm","floor":4,"turns":2},{"damage":0,"enemies":"3 Sentries","floor":6,"turns":3},{"damage":0,"enemies":"Lots of Slimes","floor":8,"turns":3},{"damage":4,"enemies":"3 Louse","floor":10,"turns":2},{"damage":0,"enemies":"Lagavulin","floor":11,"turns":5},{"damage":0,"enemies":"Gremlin Nob","floor":14,"turns":2},{"damage":0,"enemies":"Slime Boss","floor":16,"turns":5},{"damage":0,"enemies":"3 Byrds","floor":18,"turns":3},{"damage":0,"enemies":"Shell Parasite","floor":19,"turns":3},{"damage":0,"enemies":"3 Cultists","floor":22,"turns":4},{"damage":0,"enemies":"Book of Stabbing","floor":23,"turns":4},{"damage":0,"enemies":"Centurion and Healer","floor":24,"turns":3},{"damage":0,"enemies":"Slavers","floor":27,"turns":3},{"damage":0,"enemies":"Snake Plant","floor":29,"turns":3},{"damage":2,"enemies":"Snecko","floor":30,"turns":5},{"damage":0,"enemies":"Gremlin Leader","floor":31,"turns":4},{"damage":0,"enemies":"Champ","floor":33,"turns":7},{"damage":0,"enemies":"Orb Walker","floor":35,"turns":3},{"damage":0,"enemies":"3 Darklings","floor":37,"turns":3},{"damage":15,"enemies":"Sphere and 2 Shapes","floor":38,"turns":4},{"damage":0,"enemies":"Giant Head","floor":40,"turns":4},{"damage":0,"enemies":"Nemesis","floor":42,"turns":5},{"damage":0,"enemies":"Mind Bloom Boss Battle","floor":44,"turns":2},{"damage":0,"enemies":"Maw","floor":45,"turns":6},{"damage":0,"enemies":"Giant Head","floor":46,"turns":6},{"damage":0,"enemies":"Jaw Worm Horde","floor":48,"turns":2},{"damage":0,"enemies":"Awakened One","floor":50,"turns":11}],"seed_played":"-2338332533420155114","potions_obtained":[{"floor":1,"key":"Weak Potion"},{"floor":2,"key":"Swift Potion"},{"floor":3,"key":"Strength Potion"},{"floor":3,"key":"CultistPotion"},{"floor":6,"key":"Weak Potion"},{"floor":14,"key":"SteroidPotion"},{"floor":19,"key":"GamblersBrew"},{"floor":24,"key":"Explosive Potion"},{"floor":29,"key":"EssenceOfDarkness"},{"floor":30,"key":"SmokeBomb"},{"floor":31,"key":"CultistPotion"},{"floor":35,"key":"Dexterity Potion"},{"floor":38,"key":"FearPotion"},{"floor":42,"key":"PowerPotion"},{"floor":44,"key":"Swift Potion"}],"is_trial":true,"path_per_floor":["M","M","?","M","$","E","R","M","T","M","E","R","T","E","R","B",null,"M","M","?","$","M","E","M","R","T","E","?","M","M","E","R","B",null,"M","$","M","M","?","E","?","E","T","?","M","E","?","M","R","B",null],"character_chosen":"DEFECT","items_purchased":["DataDisk","Pen Nib","Defragment","Scrape","Toolbox"],"campfire_rested":0,"item_purchase_floors":[5,21,21,21,21],"current_hp_per_floor":[75,75,75,75,75,75,75,75,75,71,71,71,71,71,71,75,75,75,75,69,69,75,75,75,75,75,75,75,75,73,75,75,75,75,75,75,75,67,57,59,59,68,68,75,75,75,75,75,75,75],"gold":518,"neow_bonus":"","is_daily":false,"chose_seed":false,"campfire_upgraded":5,"win_rate":0.0,"timestamp":1613477496,"path_taken":["M","M","?","?","$","E","R","M","T","M","E","R","?","E","R","BOSS","M","M","?","$","M","E","M","R","T","E","?","M","M","E","R","BOSS","M","$","M","M","?","E","?","E","T","?","M","E","?","M","R","BOSS"],"items_purchased_type":["Relic","Relic","Card","Card","Relic"],"build_version":"2020-12-22","purchased_purges":0,"victory":true,"max_hp_per_floor":[75,75,75,75,75,75,75,75,75,75,75,75,75,75,75,75,75,75,75,75,75,75,75,75,75,75,75,75,75,75,75,75,75,75,75,75,75,75,75,75,75,75,75,75,75,75,75,75,75,75],"relic_stats":{"Happy Flower":[30],"counters":[29,111],"Blue Candle":[0],"Pen Nib":[28],"Juzu Bracelet":1,"Bag of Preparation":[22],"War Paint":["Coolheaded","Conserve Battery"],"Orichalcum":[0],"MawBank":180,"Cables":[68,44,24,0,0],"Blood Vial":10,"Peace Pipe":2,"Centennial Puzzle":[0],"Bird Faced Urn":[0],"obtain_stats":[{"Happy Flower":14,"Blue Candle":42,"Oddly Smooth Stone":9,"Vajra":43,"Pen Nib":21,"Juzu Bracelet":27,"Bag of Preparation":31,"War Paint":11,"Orichalcum":46,"MawBank":6,"Cables":17,"Calling Bell":17,"Blood Vial":17,"Peace Pipe":17,"DataDisk":5,"Centennial Puzzle":40,"HornCleat":23,"Bird Faced Urn":44,"Toolbox":21,"Fusion Hammer":34,"Cracked Core":0,"Toy Ornithopter":13,"InkBottle":26},{"Happy Flower":8,"Blue Candle":24,"Oddly Smooth Stone":5,"Vajra":24,"Pen Nib":11,"Juzu Bracelet":15,"Bag of Preparation":18,"War Paint":7,"Orichalcum":27,"MawBank":4,"Cables":9,"Calling Bell":9,"Blood Vial":9,"Peace Pipe":9,"DataDisk":3,"Centennial Puzzle":23,"HornCleat":13,"Bird Faced Urn":25,"Toolbox":11,"Fusion Hammer":19,"Cracked Core":0,"Toy Ornithopter":7,"InkBottle":14},{"Happy Flower":21,"Blue Candle":84,"Oddly Smooth Stone":12,"Vajra":84,"Pen Nib":32,"Juzu Bracelet":46,"Bag of Preparation":58,"War Paint":19,"Orichalcum":98,"MawBank":9,"Cables":26,"Calling Bell":26,"Blood Vial":26,"Peace Pipe":26,"DataDisk":6,"Centennial Puzzle":79,"HornCleat":40,"Bird Faced Urn":86,"Toolbox":32,"Fusion Hammer":65,"Cracked Core":0,"Toy Ornithopter":19,"InkBottle":43}],"Toy Ornithopter":4,"InkBottle":[39]},"card_choices":[{"not_picked":["Impatience","Compile Driver"],"picked":"Cold Snap","floor":0},{"not_picked":["Forethought","Stack"],"picked":"Gash","floor":0},{"not_picked":["Auto Shields","Streamline"],"picked":"Gash","floor":0},{"not_picked":["Melter","Turbo"],"picked":"Sweeping Beam","floor":0},{"not_picked":["Stack","Consume"],"picked":"Gash","floor":0},{"not_picked":["Consume","Darkness"],"picked":"Static Discharge","floor":0},{"not_picked":["Conserve Battery","Rebound"],"picked":"Ball Lightning","floor":0},{"not_picked":["Rebound","Ball Lightning"],"picked":"FTL","floor":0},{"not_picked":["Glacier","Leap"],"picked":"Beam Cell","floor":0},{"not_picked":["Coolheaded","Turbo"],"picked":"Cold Snap","floor":0},{"not_picked":["Skim","Steam"],"picked":"Undo","floor":0},{"not_picked":["Discovery","Hologram"],"picked":"Go for the Eyes","floor":0},{"not_picked":["Lockon","Hologram"],"picked":"Ball Lightning","floor":0},{"not_picked":["Stack","Aggregate"],"picked":"Coolheaded","floor":0},{"not_picked":["Compile Driver","Coolheaded"],"picked":"Conserve Battery","floor":0},{"not_picked":["Coolheaded"],"picked":"Ball Lightning","floor":1},{"not_picked":["Redo"],"picked":"Coolheaded","floor":2},{"not_picked":["Turbo"],"picked":"Self Repair","floor":4},{"not_picked":["Storm","The Bomb"],"picked":"SKIP","floor":6},{"not_picked":["Bandage Up"],"picked":"Gash","floor":8},{"not_picked":["Coolheaded"],"picked":"Go for the Eyes","floor":10},{"not_picked":["Undo"],"picked":"Violence","floor":11},{"not_picked":["Enlightenment"],"picked":"Compile Driver","floor":14},{"not_picked":["Multi-Cast"],"picked":"Reboot","floor":16},{"not_picked":["Darkness+1"],"picked":"BootSequence","floor":18},{"not_picked":["Stack+1"],"picked":"Steam","floor":19},{"not_picked":["Steam Power","Conserve Battery"],"picked":"SKIP","floor":22},{"not_picked":["Tempest"],"picked":"Hologram+1","floor":23},{"not_picked":["Self Repair+1","BootSequence"],"picked":"SKIP","floor":24},{"not_picked":["Consume"],"picked":"Finesse","floor":27},{"not_picked":["Reinforced Body"],"picked":"Trip","floor":29},{"not_picked":["Go for the Eyes"],"picked":"Stack+1","floor":30},{"not_picked":["Doom and Gloom"],"picked":"Sweeping Beam","floor":31},{"not_picked":["Mayhem"],"picked":"Echo Form","floor":33},{"not_picked":["Rebound","Heatsinks+1"],"picked":"SKIP","floor":35},{"not_picked":["Turbo"],"picked":"Cold Snap","floor":37},{"not_picked":["Force Field"],"picked":"Stack+1","floor":38},{"not_picked":["Good Instincts"],"picked":"Secret Technique","floor":39},{"not_picked":["Mind Blast"],"picked":"Transmutation","floor":39},{"not_picked":["PanicButton"],"picked":"Trip","floor":39},{"not_picked":["Rebound+1","Sweeping Beam+1"],"picked":"SKIP","floor":40},{"not_picked":["Consume"],"picked":"Forethought+1","floor":42},{"not_picked":["Leap"],"picked":"Go for the Eyes","floor":44},{"not_picked":["Conserve Battery+1","Scrape"],"picked":"SKIP","floor":45},{"not_picked":["Hello World","Heatsinks"],"picked":"SKIP","floor":46},{"not_picked":["Genetic Algorithm+1"],"picked":"Double Energy+1","floor":48}],"player_experience":1435644,"relics_obtained":[{"floor":6,"key":"MawBank"},{"floor":9,"key":"Oddly Smooth Stone"},{"floor":11,"key":"War Paint"},{"floor":13,"key":"Toy Ornithopter"},{"floor":14,"key":"Happy Flower"},{"floor":17,"key":"Blood Vial"},{"floor":17,"key":"Cables"},{"floor":17,"key":"Peace Pipe"},{"floor":23,"key":"HornCleat"},{"floor":26,"key":"InkBottle"},{"floor":27,"key":"Juzu Bracelet"},{"floor":31,"key":"Bag of Preparation"},{"floor":40,"key":"Centennial Puzzle"},{"floor":42,"key":"Blue Candle"},{"floor":43,"key":"Vajra"},{"floor":44,"key":"Bird Faced Urn"},{"floor":46,"key":"Orichalcum"}],"event_choices":[{"damage_healed":0,"gold_gain":0,"player_choice":"Got Potions","damage_taken":0,"max_hp_gain":0,"max_hp_loss":0,"event_name":"Lab","floor":3,"gold_loss":0},{"damage_healed":0,"gold_gain":0,"player_choice":"Joined the Cult","damage_taken":6,"max_hp_gain":0,"max_hp_loss":0,"event_name":"Nest","floor":20,"gold_loss":0,"cards_obtained":["RitualDagger"]},{"cards_removed":["Static Discharge"],"damage_healed":0,"gold_gain":0,"player_choice":"Elegance","damage_taken":0,"max_hp_gain":0,"max_hp_loss":0,"event_name":"Back to Basics","floor":28,"gold_loss":0},{"damage_healed":0,"gold_gain":0,"player_choice":"Memory 3","damage_taken":10,"max_hp_gain":0,"max_hp_loss":0,"event_name":"SensoryStone","floor":39,"gold_loss":0},{"damage_healed":0,"gold_gain":0,"player_choice":"Ignored","damage_taken":0,"max_hp_gain":0,"max_hp_loss":0,"event_name":"Tomb of Lord Red Mask","floor":41,"gold_loss":0},{"damage_healed":0,"gold_gain":0,"player_choice":"Fight","damage_taken":0,"max_hp_gain":0,"max_hp_loss":0,"event_name":"MindBloom","floor":44,"gold_loss":0},{"damage_healed":0,"gold_gain":0,"player_choice":"Ignored","damage_taken":0,"max_hp_gain":0,"max_hp_loss":0,"event_name":"Transmorgrifier","floor":47,"gold_loss":0}],"is_beta":false,"boss_relics":[{"not_picked":["Black Star","Coffee Dripper"],"picked":"Calling Bell"},{"not_picked":["Tiny House","Runic Dome"],"picked":"Fusion Hammer"}],"items_purged_floors":[],"is_endless":false,"potions_floor_spawned":[1,2,6,14,19,24,29,30,31,35,38,42,44],"ascension_level":0}}