{"host":"y0i0tbisecj7yjyn","time":1613449364,"event":{"mods":["2.2 Compatiblity","AchievementEnabler","AlwaysNeverKeys","BaseMod","Better Third Choice","BetterRewards","Colored Map","Colored Powertips","Curses Come First","Disable Question Mark Monsters","Displayed Cursed Tome","Highlight Path","Keyboard Shortcuts","Minty Spire (QoL Compilation)","Quick Restart","Random Character Button","Rare Cards Sparkle","Relic Stats","Reliquary","Smile Girya","StSLib","SuperFastMode","The Marked","Transform Curses","Weighted Paths"],"gold_per_floor":[117,64,239,239,239,239,239],"floor_reached":6,"language":"ENG","playtime":119,"items_purged":[],"score":38,"play_id":"04987580-6cbb-4b54-b6e9-5d6548106001","local_time":"20210215222244","is_ascension_mode":true,"campfire_choices":[],"circlet_count":0,"master_deck":["Strike_B","Strike_B","Strike_B","Strike_B","Defend_B","Defend_B","Defend_B","Defend_B","Zap","Dualcast","Sadistic Nature","Static Discharge","Conserve Battery"],"relics":["Cracked Core","Golden Idol"],"acts_visited":["Exordium"],"potions_floor_usage":[],"damage_taken":[{"damage":5,"enemies":"2 Louse","floor":1,"turns":2},{"damage":28,"enemies":"3 Sentries","floor":6,"turns":4}],"seed_played":"1241295488540085187","potions_obtained":[],"is_trial":false,"path_per_floor":["M","$","?","?","?","E"],"character_chosen":"DEFECT","items_purchased":["Conserve Battery"],"campfire_rested":0,"item_purchase_floors":[2],"current_hp_per_floor":[49,49,49,42,24,0,0],"gold":239,"neow_bonus":"RANDOM_COLORLESS_2","is_daily":false,"chose_seed":false,"campfire_upgraded":0,"win_rate":0.0,"timestamp":1613449364,"path_taken":["M","$","?","?","?","E"],"items_purchased_type":["Card"],"build_version":"2020-12-22","purchased_purges":0,"victory":false,"max_hp_per_floor":[75,75,75,75,75,75,75],"relic_stats":{"counters":[26,103],"Golden Idol":0,"obtain_stats":[{"Golden Idol":3,"Nilry\u0027s Codex":22,"Blue Candle":9,"Spirit Poop":3,"Mango":8,"betterThird:NestCultRelic":21,"Incense Burner":11,"Letter Opener":8,"reliquary:ExpiredCoupon":12,"Centennial Puzzle":6,"Snecko Eye":17,"MealTicket":13,"Red Mask":19,"Coffee Dripper":17,"Bottled Lightning":9,"Cracked Core":0,"Meat on the Bone":2},{"Golden Idol":2,"Nilry\u0027s Codex":10,"Blue Candle":5,"Spirit Poop":12,"Mango":5,"betterThird:NestCultRelic":10,"Incense Burner":18,"Letter Opener":16,"reliquary:ExpiredCoupon":6,"Centennial Puzzle":4,"Snecko Eye":8,"MealTicket":18,"Red Mask":10,"Coffee Dripper":20,"Bottled Lightning":16,"Cracked Core":0,"Meat on the Bone":12},{"Golden Idol":5,"Nilry\u0027s Codex":37,"Blue Candle":17,"Spirit Poop":43,"Mango":17,"betterThird:NestCultRelic":37,"Incense Burner":70,"Letter Opener":63,"reliquary:ExpiredCoupon":20,"Centennial Puzzle":12,"Snecko Eye":29,"MealTicket":70,"Red Mask":37,"Coffee Dripper":81,"Bottled Lightning":63,"Cracked Core":0,"Meat on the Bone":43}]},"card_choices":[{"not_picked":["Master of Strategy","HandOfGreed"],"picked":"Sadistic Nature","floor":0},{"not_picked":["Go for the Eyes","Barrage"],"picked":"Static Discharge","floor":1}],"player_experience":468714,"relics_obtained":[],"event_choices":[{"damage_healed":0,"gold_gain":175,"player_choice":"AGREE","damage_taken":64,"max_hp_gain":0,"max_hp_loss":0,"event_name":"betterThird:BetterSerpent","floor":3,"gold_loss":0},{"cards_removed":["Doubt"],"damage_healed":0,"gold_gain":0,"player_choice":"Card Removal","damage_taken":7,"max_hp_gain":0,"max_hp_loss":0,"event_name":"Golden Wing","floor":4,"gold_loss":0},{"damage_healed":0,"gold_gain":0,"player_choice":"Take Damage","damage_taken":18,"relics_obtained":["Golden Idol"],"max_hp_gain":0,"max_hp_loss":0,"event_name":"Golden Idol","floor":5,"gold_loss":0}],"is_beta":false,"boss_relics":[],"items_purged_floors":[],"is_endless":false,"potions_floor_spawned":[],"killed_by":"3 Sentries","ascension_level":4}}