{"host":"aapp7ew3jk5k1bvd","time":1613484386,"event":{"mods":["AchievementEnabler","BaseMod","Colored Map","Custom Start","Keyboard Shortcuts","Minty Spire (QoL Compilation)","Permanent Neow","Quick Restart","StSLib","SuperFastMode"],"gold_per_floor":[119,131,3,17,32,32,32,32,106,106,106],"floor_reached":10,"language":"KOR","playtime":202,"items_purged":["Strike_G"],"score":64,"play_id":"c8df1cba-d0a3-4cf0-a460-75c6bd0c35ff","local_time":"20210216230626","is_ascension_mode":true,"campfire_choices":[{"data":"A Thousand Cuts","floor":6,"key":"SMITH"}],"circlet_count":0,"master_deck":["Strike_G","Strike_G","Strike_G","Strike_G","Defend_G+1","Defend_G","Defend_G","Defend_G","Defend_G+1","Survivor","Neutralize","A Thousand Cuts+1","Deflect","Endless Agony","Blade Dance"],"relics":["Ring of the Snake","War Paint","Gremlin Horn"],"acts_visited":["Exordium"],"potions_floor_usage":[],"damage_taken":[{"damage":5.0,"enemies":"Cultist","floor":1.0,"turns":6.0},{"damage":0.0,"enemies":"Jaw Worm","floor":2.0,"turns":4.0},{"damage":8.0,"enemies":"Small Slimes","floor":4.0,"turns":3.0},{"damage":18,"enemies":"Gremlin Gang","floor":5,"turns":5},{"damage":16,"enemies":"Gremlin Nob","floor":10,"turns":4}],"seed_played":"7544700578371828681","potions_obtained":[{"floor":1.0,"key":"Strength Potion"}],"is_trial":false,"path_per_floor":["M","M","$","M","M","R","$","?","T","E"],"character_chosen":"THE_SILENT","items_purchased":["Blade Dance"],"campfire_rested":0,"item_purchase_floors":[3],"current_hp_per_floor":[58,58,58,50,32,32,32,20,20,4,4],"gold":106,"neow_bonus":"THREE_RARE_CARDS","is_daily":false,"chose_seed":false,"campfire_upgraded":1,"win_rate":0.0,"timestamp":1613484386,"path_taken":["M","?","?","M","M","R","$","?","T","E"],"items_purchased_type":["Card"],"build_version":"2020-12-22","purchased_purges":1,"victory":false,"max_hp_per_floor":[63,63,63,63,63,63,63,63,63,63,63],"card_choices":[{"not_picked":["Doppelganger","Burst"],"picked":"A Thousand Cuts","floor":0.0},{"not_picked":["Bouncing Flask","PiercingWail"],"picked":"Deflect","floor":1.0},{"not_picked":["Flechettes","Prepared"],"picked":"Endless Agony","floor":2.0},{"not_picked":["Prepared","Sucker Punch","Outmaneuver"],"picked":"SKIP","floor":4.0},{"not_picked":["Quick Slash","Outmaneuver","Expertise"],"picked":"SKIP","floor":5}],"player_experience":1009058,"relics_obtained":[{"floor":9,"key":"Gremlin Horn"}],"event_choices":[{"damage_healed":0,"gold_gain":0,"player_choice":"Success","damage_taken":12,"relics_obtained":["War Paint"],"max_hp_gain":0,"max_hp_loss":0,"event_name":"Scrap Ooze","floor":8,"gold_loss":0}],"is_beta":false,"boss_relics":[],"items_purged_floors":[3],"is_endless":false,"potions_floor_spawned":[1],"killed_by":"Gremlin Nob","ascension_level":2}}