{"host":"1ooxfz79hmpvpehx","time":1613507370,"event":{"mods":["BaseMod","Better Altar","Better Match","Better Note","Better Sensory Stone","Better Skull","Better Third Choice","Infinite Spire","Marked Mod","Minty Spire (QoL Compilation)","Quick Restart","RNG Fix","Replay The Spire","StSLib","SuperFastMode"],"gold_per_floor":[112,37,37,55,55,81,81,93,145,165,190,204,204,216,216,320,320,336,336,336,354,373,373,373,383,383,21,53,65,98,115,115,215,215,228,45,45,45,65,75,94,104,127,127,157,157,169,186,186,186,186,186,34,65,65],"floor_reached":56,"language":"ENG","playtime":2021,"items_purged":["Strike_B","Dualcast","Sunder","Hologram","Sweeping Beam"],"score":1433,"play_id":"a9f3f796-ae36-4667-95ee-e300cef6fd66","local_time":"20210216172930","is_ascension_mode":false,"campfire_choices":[{"data":"Seek","floor":7.0,"key":"SMITH"},{"data":"infinitespire:FinalStrike","floor":15.0,"key":"SMITH"},{"data":"Hologram","floor":23.0,"key":"SMITH"},{"data":"Amplify","floor":32.0,"key":"SMITH"},{"floor":44.0,"key":"RECALL"},{"data":"Defragment","floor":49,"key":"SMITH"},{"data":"FIFO Queue","floor":52,"key":"SMITH"}],"circlet_count":0,"master_deck":["Strike_B","Strike_B","Strike_B","Defend_B+1","Defend_B+1","Defend_B+1","Zap+1","Seek+1","Defragment+1","infinitespire:FinalStrike+1","Amplify+1","Hologram+1","Electrodynamics+1","infinitespire:FinalStrike+1","Crystallizer+1","FIFO Queue+1","Heatsinks","Core Surge","Compile Driver+1","Buffer+1","Heatsinks+1","Biased Cognition+1","Defragment+1","Defragment+1","Replay:BasicMightCard+1","Echo Form+1","infinitespire:FinalStrike+1"],"relics":["Cracked Core","NeowsBlessing","Replay:Bottled Eggs","Replay:Rubber Ducky","Smiling Mask","Honey Jar","DollysMirror","Ring of Panic","Ring of Peace","infinitespire:PuzzleCube","infinitespire:Bottled Soul","Tiny Chest","Frozen Egg 2","Replay:Bronze Core","Orichalcum","Ancient Tea Set","ClockworkSouvenir","DollysMirror","Nunchaku"],"acts_visited":["Exordium","TheCity","TheBeyond","TheEnding"],"potions_floor_usage":[50,50,50,55,55,55,55],"damage_taken":[{"damage":0.0,"enemies":"Small Slimes","floor":1.0,"turns":1.0},{"damage":0.0,"enemies":"Cultist","floor":4.0,"turns":1.0},{"damage":0.0,"enemies":"Gremlin Nob","floor":6.0,"turns":1.0},{"damage":0.0,"enemies":"2 Louse","floor":8.0,"turns":2.0},{"damage":13.0,"enemies":"Gremlin Gang","floor":10.0,"turns":5.0},{"damage":15.0,"enemies":"3 Sentries","floor":11.0,"turns":8.0},{"damage":2.0,"enemies":"Lots of Slimes","floor":12.0,"turns":3.0},{"damage":0.0,"enemies":"2 Fungi Beasts","floor":14.0,"turns":2.0},{"damage":18.0,"enemies":"The Guardian","floor":16.0,"turns":7.0},{"damage":0.0,"enemies":"Shell Parasite","floor":18.0,"turns":2.0},{"damage":3.0,"enemies":"3 Byrds","floor":21.0,"turns":3.0},{"damage":0.0,"enemies":"3 Cultists","floor":22.0,"turns":2.0},{"damage":0.0,"enemies":"Shelled Parasite and Fungi","floor":25.0,"turns":2.0},{"damage":0.0,"enemies":"Slavers","floor":28.0,"turns":2.0},{"damage":0.0,"enemies":"Cultist and Chosen","floor":29.0,"turns":3.0},{"damage":0.0,"enemies":"Book of Stabbing","floor":30.0,"turns":3.0},{"damage":0.0,"enemies":"Centurion and Healer","floor":31.0,"turns":2.0},{"damage":0.0,"enemies":"Champ","floor":33.0,"turns":6.0},{"damage":0.0,"enemies":"Orb Walker","floor":35.0,"turns":2.0},{"damage":0.0,"enemies":"3 Darklings","floor":39.0,"turns":2.0},{"damage":0.0,"enemies":"Writhing Mass","floor":40.0,"turns":2.0},{"damage":0.0,"enemies":"Maw","floor":41.0,"turns":3.0},{"damage":0.0,"enemies":"3 Darklings","floor":42.0,"turns":2.0},{"damage":0.0,"enemies":"Nemesis","floor":45.0,"turns":3.0},{"damage":0.0,"enemies":"Transient","floor":47.0,"turns":5.0},{"damage":0,"enemies":"Spire Growth","floor":48,"turns":2},{"damage":0,"enemies":"Donu and Deca","floor":50,"turns":5},{"damage":0,"enemies":"Shield and Spear","floor":54,"turns":3},{"damage":5,"enemies":"The Heart","floor":55,"turns":4}],"seed_played":"3287055051330726409","potions_obtained":[{"floor":6.0,"key":"DistilledChaos"},{"floor":8.0,"key":"Energy Potion"},{"floor":10.0,"key":"FearPotion"},{"floor":14.0,"key":"BlessingOfTheForge"},{"floor":18.0,"key":"Elixir"},{"floor":25.0,"key":"Toxic Potion"},{"floor":31.0,"key":"Dexterity Potion"},{"floor":33.0,"key":"Explosive Potion"},{"floor":40.0,"key":"SkillPotion"},{"floor":41.0,"key":"EssenceOfSteel"},{"floor":48,"key":"AttackPotion"},{"floor":54,"key":"Toxic Potion"}],"is_trial":false,"path_per_floor":["M","$","?","M","?","E","R","M","T","M","E","M","?","M","R","B",null,"M","?","AVR","M","M","R","?","M","T","$","E","M","E","M","R","B",null,"M","$","?","?","M","M","M","M","T","R","E","AVR","M","M","R","B",null,"R","$","E","B",null],"character_chosen":"DEFECT","items_purchased":["infinitespire:Bottled Soul","Heatsinks","Defragment+1","Replay:BasicMightCard+1","DollysMirror"],"campfire_rested":0,"item_purchase_floors":[27,27,36,36,53],"current_hp_per_floor":[75,75,75,75,75,75,75,75,75,62,47,45,28,28,28,10,75,75,75,75,72,72,72,72,72,72,72,72,72,72,72,72,72,75,75,75,75,60,60,60,60,60,60,60,60,60,60,60,60,60,75,75,75,75,70],"gold":65,"neow_bonus":"THREE_ENEMY_KILL","is_daily":false,"chose_seed":false,"campfire_upgraded":6,"win_rate":0.0,"timestamp":1613507370,"path_taken":["M","$","?","?","?","E","R","M","T","M","E","M","?","M","R","BOSS","M","?","AVR","M","M","R","?","M","T","$","E","M","E","M","R","BOSS","M","$","?","?","M","M","M","M","T","R","E","AVR","M","M","R","BOSS","R","$","E","BOSS"],"items_purchased_type":["Relic","Card","Card","Card","Relic"],"build_version":"2020-12-22","purchased_purges":5,"victory":true,"max_hp_per_floor":[75,75,75,75,75,75,75,75,75,75,75,75,75,75,75,75,75,75,75,75,75,75,75,75,75,75,75,75,75,75,75,75,75,75,75,75,75,75,75,75,75,75,75,75,75,75,75,75,75,75,75,75,75,75,75],"card_choices":[{"not_picked":["Stack","Melter","Rebound"],"picked":"SKIP","floor":1.0},{"not_picked":["Redo","Go for the Eyes","Gash"],"picked":"SKIP","floor":4.0},{"not_picked":["Coolheaded","Barrage"],"picked":"Seek","floor":6.0},{"not_picked":["Go for the Eyes","Conserve Battery"],"picked":"Hologram","floor":8.0},{"not_picked":["Go for the Eyes","ReplayGash","Leap"],"picked":"SKIP","floor":10.0},{"not_picked":["ReplaySort","Hello World","Hologram"],"picked":"SKIP","floor":11.0},{"not_picked":["Hologram","Turbo"],"picked":"Defragment","floor":12.0},{"not_picked":["infinitespire:TheBestDefense","infinitespire:NeuralNetwork"],"picked":"infinitespire:FinalStrike","floor":13.0},{"not_picked":["Gash","ReplayTheSpireMod:Reroute Power","ReplayTheSpireMod:Repulse"],"picked":"SKIP","floor":14.0},{"not_picked":["All For One","Hyperbeam"],"picked":"Amplify","floor":16.0},{"not_picked":["Double Energy+1","Recycle","Doom and Gloom"],"picked":"Hologram","floor":18.0},{"not_picked":["Static Discharge","Scrape+1","Compile Driver"],"picked":"Crystallizer+1","floor":21.0},{"not_picked":["ReplaySolidLightProjector+1","Coolheaded","Leap"],"picked":"Sunder","floor":22.0},{"not_picked":["Conserve Battery","Darkness","Streamline"],"picked":"FIFO Queue","floor":25.0},{"not_picked":["Coolheaded","Compile Driver","Cold Snap"],"picked":"Core Surge","floor":28.0},{"not_picked":["ReplayTheSpireMod:GoodbyeWorld","Coolheaded","Streamline"],"picked":"Compile Driver+1","floor":29.0},{"not_picked":["Coolheaded","Cold Snap","FIFO Queue+1"],"picked":"Buffer+1","floor":30.0},{"not_picked":["Panic Button+1","Steam","Coolheaded"],"picked":"Heatsinks+1","floor":31.0},{"not_picked":["Fission","Multi-Cast","Rainbow"],"picked":"Biased Cognition+1","floor":33.0},{"not_picked":["White Noise","Turbo","Reprogram+1"],"picked":"Sweeping Beam","floor":35.0},{"not_picked":["White Noise","Cold Snap+1","Time Bomb","Hyperbeam"],"picked":"SKIP","floor":39.0},{"not_picked":["Fusion+1","Reinforced Body","Ball Lightning","Rebound+1"],"picked":"SKIP","floor":40.0},{"not_picked":["ReplaySort","Go for the Eyes","Beam Cell+1","Redo+1"],"picked":"SKIP","floor":41.0},{"not_picked":["Hello World+1","Beam Cell","BasicCrystalCard","Ball Lightning"],"picked":"SKIP","floor":42.0},{"not_picked":["Streamline+1","Coolheaded","Rainbow","ReplayTheSpireMod:Repulse"],"picked":"SKIP","floor":45.0},{"not_picked":["Beam Cell+1","Hologram+1","ReplayGash","Barrage+1"],"picked":"SKIP","floor":47.0},{"not_picked":["Reinforced Body+1","Compile Driver+1","Rebound","Turbo+1"],"picked":"SKIP","floor":48},{"not_picked":["Turbo+1","Ball Lightning+1","Fission","Streamline"],"picked":"SKIP","floor":54}],"player_experience":19340,"relics_obtained":[{"floor":3.0,"key":"Replay:Bottled Eggs"},{"floor":6.0,"key":"Replay:Rubber Ducky"},{"floor":11.0,"key":"Smiling Mask"},{"floor":24.0,"key":"Ring of Panic"},{"floor":24.0,"key":"Ring of Peace"},{"floor":26.0,"key":"infinitespire:PuzzleCube"},{"floor":28.0,"key":"Tiny Chest"},{"floor":30.0,"key":"Frozen Egg 2"},{"floor":43.0,"key":"Orichalcum"},{"floor":45.0,"key":"Ancient Tea Set"},{"floor":54,"key":"Nunchaku"}],"event_choices":[{"damage_healed":0.0,"max_hp_gain":0.0,"max_hp_loss":0.0,"gold_gain":0.0,"event_name":"Upgrade Shrine","player_choice":"Upgraded","floor":5.0,"gold_loss":0.0,"damage_taken":0.0,"cards_upgraded":["Zap"]},{"cards_removed":["infinitespire:FinalStrike"],"damage_healed":0.0,"max_hp_gain":0.0,"max_hp_loss":0.0,"gold_gain":0.0,"event_name":"betterNote:BetterNote","player_choice":"Take \u0026 Give","floor":19.0,"gold_loss":0.0,"damage_taken":0.0,"cards_obtained":["Electrodynamics"]},{"cards_removed":["Defend_B"],"damage_healed":0.0,"max_hp_gain":0.0,"max_hp_loss":0.0,"gold_gain":0.0,"event_name":"Falling","player_choice":"Removed Skill","floor":37.0,"gold_loss":0.0,"damage_taken":0.0},{"damage_healed":0.0,"max_hp_gain":0.0,"max_hp_loss":15.0,"gold_gain":3.0,"event_name":"betterStone:BetterStone","player_choice":"2","floor":38.0,"gold_loss":0.0,"damage_taken":0.0}],"is_beta":false,"boss_relics":[{"not_picked":["Fusion Hammer","Abe\u0027s Treasure"],"picked":"Honey Jar"},{"not_picked":["ReplayTheSpireMod:DimensionalGlitch","ChewingGum"],"picked":"Replay:Bronze Core"}],"items_purged_floors":[2,20,27,36,46],"is_endless":false,"potions_floor_spawned":[6,8,10,14,18,25,31,33,40,41,48,54],"ascension_level":0}}