{"host":"nbuxsjsz66fn5lob","time":1613518428,"event":{"mods":["BaseMod","Colored Map","Colored Powertips","DeckTracker","Highlight Path","Minty Spire (QoL Compilation)","Random Character Button","StSLib"],"gold_per_floor":[115,128,144,163,95,95,95,120,120,120,135,135,148,148,148,248,248,265,265,95,95,10,10,109,109,109,109,125,125,144,159,159,264,264,278,278,278,198,198,198,227,227,227,227,242,254,28,41,41,41],"floor_reached":51,"language":"JPN","playtime":3131,"items_purged":["Defend_B"],"score":673,"play_id":"47288a6e-5e0b-4d1b-878d-6eb2782a3dfa","local_time":"20210217083348","is_ascension_mode":false,"campfire_choices":[{"data":"Zap","floor":6.0,"key":"SMITH"},{"data":"Streamline","floor":10.0,"key":"SMITH"},{"data":"Hologram","floor":12.0,"key":"SMITH"},{"data":"Fission","floor":15.0,"key":"SMITH"},{"data":"Madness","floor":23.0,"key":"SMITH"},{"data":"Loop","floor":27.0,"key":"SMITH"},{"data":"Glacier","floor":29.0,"key":"SMITH"},{"data":"Deep Breath","floor":32.0,"key":"SMITH"},{"data":"Madness","floor":40.0,"key":"SMITH"},{"data":"Madness","floor":42.0,"key":"SMITH"},{"floor":44.0,"key":"REST"},{"floor":49.0,"key":"REST"}],"circlet_count":0,"master_deck":["Defend_B","Defend_B","Defend_B","Zap+1","Dualcast","Gash","Streamline+1","Coolheaded","Auto Shields","Scrape","Beam Cell","Hologram+1","Fission+1","Cold Snap+1","Rainbow+1","Reboot+1","Hologram+1","Deep Breath+1","Loop+1","Gash","Madness+1","Glacier+1","BootSequence+1","Stack","Seek","Loop+1","Madness+1","Madness+1","Defragment","Forethought","Good Instincts","Steam+1","Glacier+1"],"relics":["Cracked Core","NeowsBlessing","Juzu Bracelet","Boot","Astrolabe","Darkstone Periapt","Sozu","Bottled Flame","Lizard Tail","DollysMirror"],"acts_visited":["Exordium","TheCity","TheBeyond"],"potions_floor_usage":[50],"damage_taken":[{"damage":0.0,"enemies":"Cultist","floor":1.0,"turns":1.0},{"damage":0.0,"enemies":"2 Louse","floor":2.0,"turns":1.0},{"damage":0.0,"enemies":"Small Slimes","floor":3.0,"turns":1.0},{"damage":3.0,"enemies":"Exordium Wildlife","floor":4.0,"turns":4.0},{"damage":0.0,"enemies":"Lagavulin","floor":8.0,"turns":3.0},{"damage":8.0,"enemies":"Red Slaver","floor":11.0,"turns":2.0},{"damage":1.0,"enemies":"Lots of Slimes","floor":13.0,"turns":3.0},{"damage":23.0,"enemies":"Slime Boss","floor":16.0,"turns":7.0},{"damage":5.0,"enemies":"Chosen","floor":18.0,"turns":3.0},{"damage":0.0,"enemies":"3 Byrds","floor":28.0,"turns":4.0},{"damage":0.0,"enemies":"Centurion and Healer","floor":30.0,"turns":4.0},{"damage":0.0,"enemies":"3 Cultists","floor":31.0,"turns":5.0},{"damage":29.0,"enemies":"Collector","floor":33.0,"turns":13.0},{"damage":0.0,"enemies":"3 Darklings","floor":35.0,"turns":5.0},{"damage":52.0,"enemies":"Reptomancer","floor":41.0,"turns":12.0},{"damage":3.0,"enemies":"3 Shapes","floor":45.0,"turns":5.0},{"damage":0.0,"enemies":"Sphere and 2 Shapes","floor":46.0,"turns":6.0},{"damage":0.0,"enemies":"Spire Growth","floor":48.0,"turns":4.0},{"damage":76,"enemies":"Time Eater","floor":50,"turns":23}],"seed_played":"-5377159533944917341","potions_obtained":[{"floor":1.0,"key":"EntropicBrew"},{"floor":11.0,"key":"EssenceOfSteel"},{"floor":13.0,"key":"SkillPotion"},{"floor":18.0,"key":"EntropicBrew"},{"floor":28.0,"key":"PowerPotion"}],"is_trial":false,"path_per_floor":["M","M","M","M","$","R","?","E","T","R","M","R","M","?","R","B",null,"M","?","$","?","$","R","?","?","T","R","M","R","M","M","R","B",null,"M","?","?","$","?","R","E","R","T","R","M","M","$","M","R","B",null],"character_chosen":"DEFECT","items_purchased":["Scrape","Deep Breath","Loop","Madness","Defragment","DollysMirror"],"campfire_rested":2,"item_purchase_floors":[5,20,20,22,38,47],"current_hp_per_floor":[75,75,75,72,72,72,77,77,77,77,69,69,68,61,61,38,80,75,75,75,75,75,75,75,75,75,75,75,75,75,75,75,46,80,80,70,70,70,65,65,13,13,13,37,34,34,34,34,58,40],"gold":41,"neow_bonus":"THREE_ENEMY_KILL","is_daily":false,"chose_seed":false,"campfire_upgraded":10,"win_rate":0.0,"timestamp":1613518428,"path_taken":["M","M","?","?","$","R","?","E","T","R","M","R","M","?","R","BOSS","M","?","$","?","?","R","?","?","T","R","M","R","M","M","R","BOSS","M","?","?","?","?","R","E","R","T","R","M","M","$","M","R","BOSS"],"items_purchased_type":["Card","Card","Card","Card","Card","Relic"],"build_version":"2020-12-22","purchased_purges":1,"victory":true,"max_hp_per_floor":[75,75,75,75,75,75,80,80,80,80,80,80,80,80,80,80,80,80,80,80,80,80,80,80,80,80,80,80,80,80,80,80,80,80,80,80,80,80,80,80,80,80,80,80,80,80,80,80,80,80],"card_choices":[{"not_picked":["Hello World","Rip and Tear"],"picked":"Gash","floor":1.0},{"not_picked":["Steam","Barrage"],"picked":"Streamline","floor":2.0},{"not_picked":["Barrage","Stack"],"picked":"Coolheaded","floor":3.0},{"not_picked":["Sweeping Beam","Barrage"],"picked":"Auto Shields","floor":4.0},{"not_picked":["Hologram","Reinforced Body"],"picked":"Beam Cell","floor":8.0},{"not_picked":["Stack","Storm"],"picked":"Hologram","floor":11.0},{"not_picked":["Steam","Scrape"],"picked":"Fission","floor":13.0},{"not_picked":["Thunder Strike","Creative AI"],"picked":"Rainbow","floor":16.0},{"not_picked":["Tempest","Streamline+1"],"picked":"Hologram+1","floor":18.0},{"not_picked":["Tempest","Go for the Eyes"],"picked":"BootSequence+1","floor":28.0},{"not_picked":["Conserve Battery","Streamline","Ball Lightning"],"picked":"SKIP","floor":30.0},{"not_picked":["Conserve Battery","Aggregate"],"picked":"Stack","floor":31.0},{"not_picked":["Machine Learning","Amplify"],"picked":"Seek","floor":33.0},{"not_picked":["Tempest","Ball Lightning"],"picked":"Loop+1","floor":35.0},{"not_picked":["HandOfGreed","Transmutation"],"picked":"Forethought","floor":39.0},{"not_picked":["Discovery","PanicButton"],"picked":"Good Instincts","floor":39.0},{"not_picked":["Cold Snap+1","Hello World+1","Sweeping Beam"],"picked":"SKIP","floor":41.0},{"not_picked":["Coolheaded","Barrage+1","Compile Driver+1"],"picked":"SKIP","floor":45.0},{"not_picked":["Stack+1","Ball Lightning+1"],"picked":"Steam+1","floor":46.0},{"not_picked":["Chaos+1","Biased Cognition","Steam"],"picked":"SKIP","floor":48.0}],"player_experience":5633,"relics_obtained":[{"floor":8.0,"key":"Juzu Bracelet"},{"floor":9.0,"key":"Boot"},{"floor":26.0,"key":"Darkstone Periapt"},{"floor":41.0,"key":"Bottled Flame"},{"floor":43.0,"key":"Lizard Tail"}],"event_choices":[{"damage_healed":0.0,"max_hp_gain":5.0,"max_hp_loss":0.0,"gold_gain":0.0,"event_name":"Big Fish","player_choice":"Donut","floor":7.0,"gold_loss":0.0,"damage_taken":0.0},{"cards_removed":["Strike_B"],"damage_healed":0.0,"max_hp_gain":0.0,"max_hp_loss":0.0,"gold_gain":0.0,"event_name":"Golden Wing","player_choice":"Card Removal","floor":14.0,"gold_loss":0.0,"damage_taken":7.0},{"cards_removed":["Rainbow"],"damage_healed":0.0,"max_hp_gain":0.0,"max_hp_loss":0.0,"gold_gain":0.0,"event_name":"Purifier","player_choice":"Purged","floor":19.0,"gold_loss":0.0,"damage_taken":0.0},{"damage_healed":0.0,"max_hp_gain":0.0,"max_hp_loss":0.0,"gold_gain":0.0,"event_name":"Duplicator","player_choice":"Copied","floor":21.0,"gold_loss":0.0,"damage_taken":0.0,"cards_obtained":["Gash"]},{"damage_healed":0.0,"max_hp_gain":0.0,"max_hp_loss":0.0,"gold_gain":99.0,"event_name":"Nest","player_choice":"Stole From Cult","floor":24.0,"gold_loss":0.0,"damage_taken":0.0},{"damage_healed":0.0,"max_hp_gain":0.0,"max_hp_loss":0.0,"gold_gain":0.0,"event_name":"The Library","player_choice":"Read","floor":25.0,"gold_loss":0.0,"damage_taken":0.0,"cards_obtained":["Glacier"]},{"damage_healed":0.0,"max_hp_gain":0.0,"max_hp_loss":0.0,"gold_gain":0.0,"event_name":"Winding Halls","player_choice":"Embrace Madness","floor":36.0,"gold_loss":0.0,"damage_taken":10.0,"cards_obtained":["Madness","Madness"]},{"damage_healed":0.0,"max_hp_gain":0.0,"max_hp_loss":0.0,"gold_gain":0.0,"event_name":"Mysterious Sphere","player_choice":"Ignored","floor":37.0,"gold_loss":0.0,"damage_taken":0.0},{"damage_healed":0.0,"max_hp_gain":0.0,"max_hp_loss":0.0,"gold_gain":0.0,"event_name":"SensoryStone","player_choice":"Memory 2","floor":39.0,"gold_loss":0.0,"damage_taken":5.0}],"is_beta":false,"boss_relics":[{"not_picked":["Black Star","Velvet Choker"],"picked":"Astrolabe"},{"not_picked":["Snecko Eye","SacredBark"],"picked":"Sozu"}],"items_purged_floors":[47],"is_endless":false,"potions_floor_spawned":[1,11,13,18,28,31,41],"ascension_level":0}}