{"host":"y6zg4wwu39otf01a","time":1613489205,"event":{"mods":["Act Like it!","Aspiration","BaseMod","Better Altar","Better Match","Better Note","Better Sensory Stone","Better Skull","Better Third Choice","Challenge The Spire","Colored Map","Colored Powertips","Conspire","GifTheSpireLib","Glutton Mod","Halation","Hermit","Highlight Path","Hubris","Infinite Spire","Mimic Mod","Minty Spire (QoL Compilation)","Quick Restart","Random Character Button","Rare Cards Sparkle","Replay The Spire","Retaliation","Spicy Shops","StSLib","Stuff the Spire","The Blue Laboratory","The Jungle"],"gold_per_floor":[114,129,144,50,50,50,50,50,50,65,65,65,80,80,80,180,180,195,195,225,225,255,303,303,303,356,431,431,431,446,13,13,158,170,197,256,256],"floor_reached":36,"language":"ENG","playtime":3021,"items_purged":[],"score":595,"play_id":"3c1db75f-7ef2-4cc6-bfda-b934c786c9f0","local_time":"20210216092645","daily_mods":["Specialized","Vintage","Lethality"],"is_ascension_mode":false,"campfire_choices":[{"data":"hermit:Snapshot","floor":6.0,"key":"SMITH"},{"data":"StuffTheSpire:Ambrosia","floor":12.0,"key":"SMITH"},{"data":"hermit:Covet","floor":15.0,"key":"SMITH"},{"data":"hermit:Maintenance","floor":25.0,"key":"SMITH"},{"data":"hermit:HighCaliber","floor":28.0,"key":"SMITH"},{"data":"hermit:Glare","floor":32.0,"key":"SMITH"}],"circlet_count":0,"master_deck":["hermit:Strike_Hermit","hermit:Strike_Hermit","hermit:Strike_Hermit","hermit:Strike_Hermit","hermit:Defend_Hermit","hermit:Defend_Hermit","hermit:Defend_Hermit","hermit:Defend_Hermit","hermit:Snapshot+1","hermit:Covet+1","hermit:HighCaliber+1","hermit:HighCaliber","hermit:HighCaliber","hermit:HighCaliber","hermit:HighCaliber","hermit:Spite","StuffTheSpire:Ambrosia+1","Parasite","Amnesia","hermit:BlackWind","Pain","hermit:Maintenance+1","hermit:EyeOfTheStorm","infinitespire:Pacifist","Clumsy","infinitespire:Collect","Hallucinations","hermit:Glare+1","hermit:BigShot","Dramatic Entrance","hermit:Reprieve"],"relics":["hermit:Momento","infinitespire:EmpoweringShard","Pet Ghost","halation:PromiseList","hubris:SlimyHat","Juzu Bracelet","Tiny Chest","ReplayTheSpireMod:Ring of Challenge","ReplayTheSpireMod:Ring of Sloth","hubris:GrandSneckoEye","Happy Flower","WarpedTongs","StuffTheSpire:Barrel","Toy Ornithopter","Gremlin Food","conspire:DeflatedDodgeball","aspiration:RitualStick","StuffTheSpire:SapphireSignet","Replay:Bottled Snecko","infinitespire:WardingShard","ReplayTheSpireMod:CursedCoin","Strawberry","ReplayTheSpireMod:Lightbulb","MawBank","hermit:DentedPlate","conspire:Dentures"],"acts_visited":["Exordium","TheCity","TheBeyond"],"potions_floor_usage":[33,36],"damage_taken":[{"damage":1.0,"enemies":"conspire:RoseBush","floor":1.0,"turns":1.0},{"damage":0.0,"enemies":"Jaw Worm","floor":2.0,"turns":1.0},{"damage":0.0,"enemies":"Cultist","floor":3.0,"turns":2.0},{"damage":0.0,"enemies":"Large Slime","floor":10.0,"turns":3.0},{"damage":0.0,"enemies":"3 Louse","floor":13.0,"turns":1.0},{"damage":66.0,"enemies":"Hexaghost","floor":16.0,"turns":8.0},{"damage":0.0,"enemies":"Spheric Guardian","floor":18.0,"turns":1.0},{"damage":23.0,"enemies":"Shell Parasite","floor":20.0,"turns":3.0},{"damage":0.0,"enemies":"Snecko","floor":22.0,"turns":3.0},{"damage":16.0,"enemies":"Cultist and Chosen","floor":23.0,"turns":4.0},{"damage":0.0,"enemies":"Cultist and Chosen","floor":26.0,"turns":5.0},{"damage":13.0,"enemies":"Book of Stabbing","floor":27.0,"turns":2.0},{"damage":0.0,"enemies":"Cultist and Chosen","floor":30.0,"turns":3.0},{"damage":41,"enemies":"Collector","floor":33,"turns":12},{"damage":21,"enemies":"3 Shapes","floor":35,"turns":4},{"damage":52,"enemies":"conspire:MimicChest","floor":36,"turns":5}],"seed_played":"2711566965655028651","potions_obtained":[{"floor":1.0,"key":"PowerPotion"},{"floor":2.0,"key":"Languid Potion"},{"floor":3.0,"key":"SneckoOil"},{"floor":20.0,"key":"LifebloodPotion"},{"floor":22.0,"key":"blueLaboratory:StoneskinPotion"},{"floor":27.0,"key":"Block Potion"},{"floor":30.0,"key":"GamblersBrew"},{"floor":35,"key":"blueLaboratory:HummingbirdPotion"}],"is_trial":false,"path_per_floor":["M","M","M","$","?","R","T","?","T","M","?","R","M","?","R","B",null,"M","?","M","?","M","MIM","?","R","MIM","E","R","?","M","$","R","B",null,"M","?"],"character_chosen":"HERMIT","items_purchased":["hermit:Spite","ReplayTheSpireMod:CursedCoin","Strawberry","hermit:Glare","hermit:BigShot","ReplayTheSpireMod:Lightbulb","Dramatic Entrance"],"campfire_rested":0,"item_purchase_floors":[4,31,31,31,31,31,31],"current_hp_per_floor":[74,74,74,74,74,74,74,74,74,75,76,76,78,78,78,14,80,82,82,61,61,63,54,36,36,43,32,32,32,39,46,46,16,48,29,0,0],"gold":256,"neow_bonus":"","is_daily":true,"chose_seed":false,"campfire_upgraded":6,"win_rate":0.0,"timestamp":1613489205,"path_taken":["M","M","M","$","?","R","?","?","T","?","?","R","M","?","R","BOSS","M","?","M","?","M","?","?","R","MIM","E","R","?","M","$","R","BOSS","M","?"],"items_purchased_type":["Card","Relic","Relic","Card","Card","Relic","Card"],"build_version":"2020-12-22","purchased_purges":0,"victory":false,"max_hp_per_floor":[75,75,75,75,75,75,75,75,75,76,76,76,78,78,78,80,80,82,82,84,84,86,88,88,88,90,92,92,92,94,101,101,103,135,137,139,139],"card_choices":[{"not_picked":["StuffTheSpire:Harmony","StuffTheSpire:BrainWave"],"picked":"StuffTheSpire:Ambrosia","floor":5.0},{"not_picked":["hermit:DeadOrAlive","hermit:EternalForm"],"picked":"hermit:BlackWind","floor":16.0},{"not_picked":["hermit:WideOpen","hermit:Manifest"],"picked":"hermit:Maintenance","floor":23.0},{"not_picked":["hermit:Roulette+1","hermit:LowProfile"],"picked":"hermit:EyeOfTheStorm","floor":27.0},{"not_picked":["hubris:InfiniteBlow+1","infinitespire:Oblivion"],"picked":"infinitespire:Collect","floor":29.0},{"not_picked":["hermit:Gambit","hermit:Magnum"],"picked":"hermit:Reprieve","floor":33}],"player_experience":851451,"relics_obtained":[{"floor":1.0,"key":"infinitespire:EmpoweringShard"},{"floor":2.0,"key":"CeramicFish"},{"floor":3.0,"key":"Pet Ghost"},{"floor":7.0,"key":"halation:PromiseList"},{"floor":9.0,"key":"hubris:SlimyHat"},{"floor":10.0,"key":"Juzu Bracelet"},{"floor":13.0,"key":"Tiny Chest"},{"floor":14.0,"key":"ReplayTheSpireMod:Ring of Challenge"},{"floor":14.0,"key":"ReplayTheSpireMod:Ring of Sloth"},{"floor":18.0,"key":"Happy Flower"},{"floor":20.0,"key":"StuffTheSpire:Barrel"},{"floor":22.0,"key":"Gremlin Food"},{"floor":23.0,"key":"conspire:DeflatedDodgeball"},{"floor":26.0,"key":"StuffTheSpire:SapphireSignet"},{"floor":27.0,"key":"Replay:Bottled Snecko"},{"floor":30.0,"key":"infinitespire:WardingShard"},{"floor":33,"key":"MawBank"},{"floor":35,"key":"conspire:Dentures"}],"event_choices":[{"damage_healed":0.0,"max_hp_gain":0.0,"max_hp_loss":0.0,"gold_gain":0.0,"event_name":"Purifier","player_choice":"Ignored","floor":8.0,"gold_loss":0.0,"damage_taken":0.0},{"damage_healed":19.0,"max_hp_gain":0.0,"max_hp_loss":0.0,"gold_gain":0.0,"event_name":"Mushrooms","player_choice":"Healed and dodged fight","floor":11.0,"gold_loss":0.0,"damage_taken":0.0,"cards_obtained":["Parasite"]},{"damage_healed":0.0,"max_hp_gain":0.0,"max_hp_loss":0.0,"gold_gain":0.0,"event_name":"Accursed Blacksmith","player_choice":"Rummage","floor":19.0,"gold_loss":0.0,"damage_taken":0.0,"relics_obtained":["WarpedTongs"],"cards_obtained":["Pain"]}],"is_beta":false,"boss_relics":[{"not_picked":["StuffTheSpire:RunicConfusion","ReplayTheSpireMod:DimensionalGlitch"],"picked":"hubris:GrandSneckoEye"},{"not_picked":["halation:ForbiddenBikini","Fusion Hammer"],"picked":"hermit:DentedPlate"}],"items_purged_floors":[],"is_endless":false,"potions_floor_spawned":[1,2,3,20,22,27,30,35],"killed_by":"conspire:MimicChest","ascension_level":0}}