{"host":"yy1cu9q9bsxhflzi","time":1613503966,"event":{"mods":["BaseMod","DeckTracker","Minty Spire (QoL Compilation)","Quick Restart","StSLib","SuperFastMode","everything is the same but u backflip on backflip"],"gold_per_floor":[112,131,131,146,146,157,157,172,172,184,184,184,201,236,236,308,308,320,270,281,298,54,88,88,116,116,128,140,230,257,269,269,343,343,359,378,121,136,186,211,211,242,265,265,283,283,283,313,313,313,313],"floor_reached":50,"language":"KOR","playtime":1390,"items_purged":["Strike_G","Strike_G"],"score":1191,"play_id":"beb368b9-ae3b-4a19-b004-188503daa690","local_time":"20210217043246","is_ascension_mode":true,"campfire_choices":[{"floor":7.0,"key":"REST"},{"data":"Tactician","floor":12.0,"key":"SMITH"},{"data":"Cloak And Dagger","floor":15.0,"key":"SMITH"},{"data":"A Thousand Cuts","floor":24.0,"key":"SMITH"},{"data":"Accuracy","floor":32.0,"key":"SMITH"},{"data":"Calculated Gamble","floor":41.0,"key":"SMITH"},{"data":"Venomology","floor":44.0,"key":"SMITH"},{"data":"Reflex","floor":47.0,"key":"SMITH"},{"data":"After Image","floor":49.0,"key":"SMITH"}],"circlet_count":0,"master_deck":["AscendersBane","Strike_G","Defend_G","Defend_G","Defend_G","Defend_G+1","Survivor","Neutralize","Riddle With Holes","Masterful Stab","Cloak And Dagger+1","Tactician+1","Blade Dance","Acrobatics","Backflip","Unload","Accuracy+1","A Thousand Cuts+1","Dodge and Roll+1","Calculated Gamble+1","Outmaneuver+1","Venomology+1","Blade Dance","Reflex+1","Blur","Finisher+1","After Image+1"],"relics":["Ring of the Snake","InkBottle","Kunai","Ninja Scroll","Coffee Dripper","Oddly Smooth Stone","Bird Faced Urn","War Paint","Molten Egg 2","Potion Belt","Philosopher\u0027s Stone","Lee\u0027s Waffle","Strawberry","White Beast Statue","Orichalcum","StrikeDummy"],"acts_visited":["Exordium","TheCity","TheBeyond"],"potions_floor_usage":[50,50,50],"damage_taken":[{"damage":0.0,"enemies":"2 Louse","floor":1.0,"turns":2.0},{"damage":2.0,"enemies":"Jaw Worm","floor":2.0,"turns":4.0},{"damage":0.0,"enemies":"Cultist","floor":4.0,"turns":3.0},{"damage":2.0,"enemies":"Blue Slaver","floor":6.0,"turns":4.0},{"damage":0.0,"enemies":"Exordium Thugs","floor":8.0,"turns":3.0},{"damage":0.0,"enemies":"Red Slaver","floor":10.0,"turns":4.0},{"damage":0.0,"enemies":"2 Fungi Beasts","floor":13.0,"turns":4.0},{"damage":33.0,"enemies":"Gremlin Nob","floor":14.0,"turns":4.0},{"damage":0.0,"enemies":"The Guardian","floor":16.0,"turns":12.0},{"damage":0.0,"enemies":"Spheric Guardian","floor":18.0,"turns":3.0},{"damage":8.0,"enemies":"Shell Parasite","floor":20.0,"turns":2.0},{"damage":11.0,"enemies":"Sentry and Sphere","floor":21.0,"turns":6.0},{"damage":2.0,"enemies":"Slavers","floor":23.0,"turns":7.0},{"damage":26.0,"enemies":"Book of Stabbing","floor":25.0,"turns":6.0},{"damage":3.0,"enemies":"Snake Plant","floor":27.0,"turns":5.0},{"damage":0.0,"enemies":"Centurion and Healer","floor":28.0,"turns":3.0},{"damage":7.0,"enemies":"Slavers","floor":30.0,"turns":4.0},{"damage":0.0,"enemies":"Shelled Parasite and Fungi","floor":31.0,"turns":3.0},{"damage":21.0,"enemies":"Champ","floor":33.0,"turns":10.0},{"damage":0.0,"enemies":"Orb Walker","floor":35.0,"turns":3.0},{"damage":17.0,"enemies":"3 Darklings","floor":36.0,"turns":3.0},{"damage":12.0,"enemies":"Jaw Worm Horde","floor":38.0,"turns":5.0},{"damage":53.0,"enemies":"Nemesis","floor":40.0,"turns":7.0},{"damage":16.0,"enemies":"Giant Head","floor":42.0,"turns":7.0},{"damage":0.0,"enemies":"Maw","floor":45.0,"turns":8.0},{"damage":29.0,"enemies":"Nemesis","floor":48.0,"turns":5.0},{"damage":13,"enemies":"Time Eater","floor":50,"turns":6}],"seed_played":"-3358717137561557980","potions_obtained":[{"floor":2.0,"key":"CunningPotion"},{"floor":13.0,"key":"SkillPotion"},{"floor":16.0,"key":"Block Potion"},{"floor":20.0,"key":"Regen Potion"},{"floor":25.0,"key":"Block Potion"},{"floor":27.0,"key":"SkillPotion"},{"floor":28.0,"key":"Weak Potion"},{"floor":31.0,"key":"Block Potion"},{"floor":35.0,"key":"PowerPotion"},{"floor":38.0,"key":"Ancient Potion"},{"floor":48.0,"key":"PowerPotion"}],"is_trial":false,"path_per_floor":["M","M","?","M","?","M","R","M","T","M","?","R","M","E","R","B",null,"M","?","M","M","$","E","R","E","T","M","M","?","E","M","R","B",null,"M","M","$","M","?","E","R","E","T","R","M","?","R","E","R","B"],"character_chosen":"THE_SILENT","items_purchased":["Oddly Smooth Stone","Lee\u0027s Waffle"],"campfire_rested":1,"item_purchase_floors":[22,37],"current_hp_per_floor":[44,42,16,16,16,14,33,33,33,33,55,55,55,22,22,22,55,55,55,47,36,36,49,49,27,27,28,32,20,17,19,19,2,50,54,41,73,63,63,21,21,9,9,9,15,15,15,22,22,17,17],"gold":313,"neow_bonus":"TRANSFORM_TWO_CARDS","is_daily":false,"chose_seed":false,"campfire_upgraded":8,"win_rate":0.0,"timestamp":1613503966,"path_taken":["M","M","?","M","?","M","R","M","T","M","?","R","M","E","R","BOSS","M","?","M","M","$","E","R","E","T","M","?","?","E","M","R","BOSS","M","M","$","M","?","E","R","E","T","R","?","?","R","E","R","BOSS"],"items_purchased_type":["Relic","Relic"],"build_version":"2020-12-22","purchased_purges":2,"victory":false,"max_hp_per_floor":[66,66,66,66,66,66,66,66,66,66,66,66,66,66,66,66,66,66,66,66,66,66,66,66,66,66,66,66,66,66,66,66,66,66,66,66,73,73,73,80,80,80,80,80,80,80,80,80,80,80,80],"card_choices":[{"not_picked":["Quick Slash","Poisoned Stab"],"picked":"Cloak And Dagger","floor":1.0},{"not_picked":["Escape Plan","Flying Knee"],"picked":"Tactician","floor":2.0},{"not_picked":["Deflect","Caltrops"],"picked":"Blade Dance","floor":4.0},{"not_picked":["Backflip","Deflect"],"picked":"Acrobatics","floor":6.0},{"not_picked":["Expertise","Poisoned Stab"],"picked":"Backflip","floor":8.0},{"not_picked":["Dagger Spray","Deflect","Riddle With Holes"],"picked":"SKIP","floor":10.0},{"not_picked":["Dagger Throw","Choke"],"picked":"Unload","floor":13.0},{"not_picked":["Blade Dance","Bouncing Flask"],"picked":"Accuracy","floor":14.0},{"not_picked":["Grand Finale","Corpse Explosion"],"picked":"A Thousand Cuts","floor":16.0},{"not_picked":["Bane","Blade Dance","Tactician"],"picked":"SKIP","floor":18.0},{"not_picked":["Poisoned Stab","Bane","Riddle With Holes"],"picked":"SKIP","floor":20.0},{"not_picked":["Sucker Punch","Deadly Poison","Choke+1"],"picked":"SKIP","floor":21.0},{"not_picked":["Backstab","Storm of Steel"],"picked":"Dodge and Roll","floor":23.0},{"not_picked":["Backflip","Corpse Explosion","Underhanded Strike"],"picked":"SKIP","floor":25.0},{"not_picked":["Riddle With Holes+1","Dash+1"],"picked":"Calculated Gamble","floor":27.0},{"not_picked":["Deadly Poison+1","Concentrate"],"picked":"Outmaneuver+1","floor":28.0},{"not_picked":["Blade Dance","Malaise","Tactician"],"picked":"SKIP","floor":30.0},{"not_picked":["Skewer+1","Heel Hook+1","Bouncing Flask"],"picked":"SKIP","floor":31.0},{"not_picked":["Envenom","Unload+1"],"picked":"Venomology","floor":33.0},{"not_picked":["Backstab+1","Sucker Punch+1"],"picked":"Blade Dance","floor":35.0},{"not_picked":["Dagger Spray+1","Slice+1","Heel Hook+1"],"picked":"SKIP","floor":36.0},{"not_picked":["Deadly Poison","Catalyst","Flying Knee+1"],"picked":"SKIP","floor":38.0},{"not_picked":["Calculated Gamble+1","Night Terror"],"picked":"Reflex","floor":40.0},{"not_picked":["Footwork","Slice+1"],"picked":"Blur","floor":42.0},{"not_picked":["Dagger Throw+1","Backflip"],"picked":"Finisher+1","floor":45.0},{"not_picked":["Outmaneuver","Distraction"],"picked":"After Image","floor":48.0}],"player_experience":3920214,"relics_obtained":[{"floor":9.0,"key":"Kunai"},{"floor":14.0,"key":"Ninja Scroll"},{"floor":23.0,"key":"Bird Faced Urn"},{"floor":25.0,"key":"War Paint"},{"floor":26.0,"key":"Molten Egg 2"},{"floor":30.0,"key":"Potion Belt"},{"floor":40.0,"key":"Strawberry"},{"floor":42.0,"key":"White Beast Statue"},{"floor":43.0,"key":"Orichalcum"},{"floor":48.0,"key":"StrikeDummy"}],"event_choices":[{"damage_healed":0.0,"max_hp_gain":0.0,"max_hp_loss":0.0,"gold_gain":0.0,"event_name":"Scrap Ooze","player_choice":"Success","floor":3.0,"gold_loss":0.0,"damage_taken":26.0,"relics_obtained":["InkBottle"]},{"damage_healed":0.0,"max_hp_gain":0.0,"max_hp_loss":0.0,"gold_gain":0.0,"event_name":"Liars Game","player_choice":"Ignored","floor":5.0,"gold_loss":0.0,"damage_taken":0.0},{"damage_healed":22.0,"max_hp_gain":0.0,"max_hp_loss":0.0,"gold_gain":0.0,"event_name":"Big Fish","player_choice":"Banana","floor":11.0,"gold_loss":0.0,"damage_taken":0.0},{"damage_healed":0.0,"max_hp_gain":0.0,"max_hp_loss":0.0,"gold_gain":0.0,"event_name":"The Joust","player_choice":"Bet on Owner","floor":19.0,"gold_loss":50.0,"damage_taken":0.0},{"damage_healed":0.0,"max_hp_gain":0.0,"max_hp_loss":0.0,"gold_gain":90.0,"event_name":"Knowing Skull","player_choice":"GOLD ","floor":29.0,"potions_obtained":[],"gold_loss":0.0,"damage_taken":12.0,"cards_obtained":[]},{"damage_healed":0.0,"max_hp_gain":0.0,"max_hp_loss":0.0,"gold_gain":50.0,"event_name":"Golden Shrine","player_choice":"Pray","floor":39.0,"gold_loss":0.0,"damage_taken":0.0},{"cards_removed":["Strike_G"],"damage_healed":0.0,"max_hp_gain":0.0,"max_hp_loss":0.0,"gold_gain":0.0,"event_name":"Falling","player_choice":"Removed Attack","floor":46.0,"gold_loss":0.0,"damage_taken":0.0}],"is_beta":false,"boss_relics":[{"not_picked":["Fusion Hammer","SacredBark"],"picked":"Coffee Dripper"},{"not_picked":["Runic Dome","Tiny House"],"picked":"Philosopher\u0027s Stone"}],"items_purged_floors":[22,37],"is_endless":false,"potions_floor_spawned":[2,13,16,20,25,27,28,31,35,38,45,48],"killed_by":"Time Eater","ascension_level":17}}