{"host":"rw1trt79hfpl7pom","time":1613435013,"event":{"mods":["BaseMod","Bestiary","Colored Map","Jorbs\u0027s Wanderer Trilogy","Minty Spire (QoL Compilation)","Relic Stats","StSLib","SuperFastMode"],"gold_per_floor":[111,111,111,127,127,159,5,39,62,73,105,105,132,142,142,214,214,225,225,244,260,12,45,61,88,88,120,140,40,40,40,40,112,112,132,151,163,213,228,253,253,280,280,307,332,364,74,91,91,91,91],"floor_reached":50,"language":"ENG","playtime":4179,"items_purged":["stsjorbsmod:Strike_Wanderer","Normality","stsjorbsmod:Strike_Wanderer"],"score":1721,"play_id":"ace864e3-d99b-483a-ac84-ff86411aeca8","local_time":"20210215162333","is_ascension_mode":true,"campfire_choices":[{"data":"stsjorbsmod:Inferno","floor":12.0,"key":"SMITH"},{"data":"stsjorbsmod:IvoryTower","floor":15.0,"key":"SMITH"},{"data":"stsjorbsmod:ScorchingRay","floor":32.0,"key":"SMITH"},{"floor":41.0,"key":"REST"},{"floor":49,"key":"RECALL"}],"circlet_count":0,"master_deck":["AscendersBane","stsjorbsmod:ForbiddenGrimoire+1","stsjorbsmod:Strike_Wanderer+1","stsjorbsmod:Strike_Wanderer+1","stsjorbsmod:Defend_Wanderer","stsjorbsmod:Defend_Wanderer","stsjorbsmod:Defend_Wanderer","stsjorbsmod:Defend_Wanderer","stsjorbsmod:FreshAdventure","stsjorbsmod:EyeOfTheStorm","stsjorbsmod:FlameWard+1","stsjorbsmod:ScorchingRay+1","stsjorbsmod:BurningFlask","stsjorbsmod:Banish","stsjorbsmod:Channel","stsjorbsmod:FaerieFire","stsjorbsmod:Inferno+1","stsjorbsmod:IvoryTower+1","stsjorbsmod:Hibernate","stsjorbsmod:Trauma","stsjorbsmod:ScorchingRay+1","stsjorbsmod:CorrodingBarrier","stsjorbsmod:Hibernate","stsjorbsmod:Materialize","stsjorbsmod:Channel","stsjorbsmod:LoseGrip","stsjorbsmod:Materialize","stsjorbsmod:IvoryTower","stsjorbsmod:Message+1","stsjorbsmod:Patron+1","stsjorbsmod:Firebolt+1","stsjorbsmod:LoseGrip","stsjorbsmod:RayOfFrost","stsjorbsmod:Inferno+1","stsjorbsmod:SiphonEnergy","stsjorbsmod:Materialize","stsjorbsmod:Inferno+1"],"relics":["stsjorbsmod:GrimoireRelic","NeowsBlessing","Vajra","Boot","Bag of Marbles","Matryoshka","Cursed Key","Anchor","Whetstone","Orichalcum","Shuriken","Bottled Lightning","Lantern","SlaversCollar","StoneCalendar","Darkstone Periapt","Bronze Scales","stsjorbsmod:BottledMemoryRelic","Dead Branch","Nunchaku","DollysMirror"],"acts_visited":["Exordium","TheCity","TheBeyond"],"potions_floor_usage":[],"damage_taken":[{"damage":0.0,"enemies":"Small Slimes","floor":1.0,"turns":1.0},{"damage":0.0,"enemies":"Cultist","floor":4.0,"turns":1.0},{"damage":0.0,"enemies":"3 Sentries","floor":6.0,"turns":2.0},{"damage":8.0,"enemies":"Gremlin Nob","floor":8.0,"turns":3.0},{"damage":1.0,"enemies":"2 Louse","floor":10.0,"turns":3.0},{"damage":6.0,"enemies":"Lagavulin","floor":11.0,"turns":7.0},{"damage":0.0,"enemies":"Gremlin Nob","floor":13.0,"turns":3.0},{"damage":0.0,"enemies":"Gremlin Gang","floor":14.0,"turns":3.0},{"damage":8.0,"enemies":"Slime Boss","floor":16.0,"turns":8.0},{"damage":4.0,"enemies":"Shell Parasite","floor":18.0,"turns":3.0},{"damage":4.0,"enemies":"2 Thieves","floor":20.0,"turns":2.0},{"damage":7.0,"enemies":"Sentry and Sphere","floor":21.0,"turns":4.0},{"damage":0.0,"enemies":"Slavers","floor":23.0,"turns":3.0},{"damage":0.0,"enemies":"Shelled Parasite and Fungi","floor":24.0,"turns":4.0},{"damage":0.0,"enemies":"Gremlin Leader","floor":25.0,"turns":6.0},{"damage":13.0,"enemies":"Slavers","floor":27.0,"turns":5.0},{"damage":0.0,"enemies":"Chosen and Byrds","floor":28.0,"turns":5.0},{"damage":25.0,"enemies":"Automaton","floor":33.0,"turns":7.0},{"damage":1.0,"enemies":"3 Shapes","floor":35.0,"turns":6.0},{"damage":0.0,"enemies":"3 Darklings","floor":36.0,"turns":5.0},{"damage":8.0,"enemies":"Spire Growth","floor":37.0,"turns":6.0},{"damage":9.0,"enemies":"2 Orb Walkers","floor":38.0,"turns":5.0},{"damage":0.0,"enemies":"Maw","floor":39.0,"turns":4.0},{"damage":34.0,"enemies":"Nemesis","floor":40.0,"turns":6.0},{"damage":18.0,"enemies":"Reptomancer","floor":42.0,"turns":6.0},{"damage":0.0,"enemies":"Nemesis","floor":44.0,"turns":4.0},{"damage":5,"enemies":"Mind Bloom Boss Battle","floor":45,"turns":5},{"damage":3,"enemies":"Giant Head","floor":46,"turns":5},{"damage":0,"enemies":"Transient","floor":48,"turns":4},{"damage":13,"enemies":"Donu and Deca","floor":50,"turns":7}],"seed_played":"-1959115611855253106","potions_obtained":[{"floor":1.0,"key":"FearPotion"},{"floor":5.0,"key":"SkillPotion"},{"floor":6.0,"key":"stsjorbsmod:BurningPotion"},{"floor":13.0,"key":"Regen Potion"},{"floor":14.0,"key":"Strength Potion"},{"floor":16.0,"key":"SteroidPotion"},{"floor":23.0,"key":"EssenceOfSteel"},{"floor":27.0,"key":"Regen Potion"},{"floor":28.0,"key":"PowerPotion"},{"floor":33.0,"key":"Dexterity Potion"},{"floor":48,"key":"LiquidMemories"}],"is_trial":false,"path_per_floor":["M","?","?","M","?","E","$","E","T","M","E","R","E","M","R","B",null,"M","?","M","M","$","E","M","E","T","E","M","$","?","?","R","B",null,"M","M","M","?","M","E","R","E","T","E","?","E","$","M","R","B"],"character_chosen":"WANDERER","items_purchased":["stsjorbsmod:Banish","Anchor","DollysMirror"],"campfire_rested":1,"item_purchase_floors":[7,22,47],"current_hp_per_floor":[58,63,63,63,63,63,63,55,55,55,49,49,49,50,50,42,62,59,59,55,48,48,60,60,62,62,49,64,64,45,45,45,20,61,63,63,56,47,47,14,36,18,18,19,15,12,12,12,12,0,0],"gold":91,"neow_bonus":"THREE_ENEMY_KILL","is_daily":false,"chose_seed":false,"campfire_upgraded":3,"win_rate":0.0,"timestamp":1613435013,"path_taken":["M","?","?","?","?","E","$","E","T","M","E","R","E","?","R","BOSS","M","?","M","M","$","E","M","E","T","E","?","$","?","?","R","BOSS","M","M","M","?","M","E","R","E","T","E","?","E","$","M","R","BOSS"],"items_purchased_type":["Card","Relic","Relic"],"build_version":"2020-12-22","purchased_purges":3,"victory":false,"max_hp_per_floor":[64,69,69,69,69,69,69,69,69,69,69,69,69,69,69,69,69,69,69,69,69,69,69,69,69,69,69,69,69,74,74,74,74,74,76,76,76,76,76,76,76,76,76,76,76,76,76,76,76,76,76],"relic_stats":{"Darkstone Periapt":0,"Nunchaku":[1],"counters":[30,133],"Shuriken":[2],"Bronze Scales":[48],"Dead Branch":[75],"StoneCalendar":[92],"Whetstone":["stsjorbsmod:Strike_Wanderer","stsjorbsmod:Strike_Wanderer"],"Orichalcum":[90],"Boot":[13],"Cursed Key":1,"obtain_stats":[{"Darkstone Periapt":40,"Lantern":27,"stsjorbsmod:BottledMemoryRelic":44,"NeowsBlessing":0,"Dead Branch":45,"Vajra":6,"stsjorbsmod:GrimoireRelic":0,"StoneCalendar":38,"Whetstone":23,"Orichalcum":25,"Boot":8,"Cursed Key":17,"SlaversCollar":34,"Anchor":22,"Nunchaku":46,"Matryoshka":13,"Shuriken":26,"DollysMirror":47,"Bronze Scales":42,"Bag of Marbles":11,"Bottled Lightning":26},{"Darkstone Periapt":24,"Lantern":16,"stsjorbsmod:BottledMemoryRelic":26,"NeowsBlessing":0,"Dead Branch":27,"Vajra":3,"stsjorbsmod:GrimoireRelic":0,"StoneCalendar":22,"Whetstone":13,"Orichalcum":15,"Boot":4,"Cursed Key":9,"SlaversCollar":18,"Anchor":12,"Nunchaku":28,"Matryoshka":7,"Shuriken":15,"DollysMirror":28,"Bronze Scales":25,"Bag of Marbles":6,"Bottled Lightning":15},{"Darkstone Periapt":102,"Lantern":58,"stsjorbsmod:BottledMemoryRelic":112,"NeowsBlessing":0,"Dead Branch":117,"Vajra":4,"stsjorbsmod:GrimoireRelic":0,"StoneCalendar":92,"Whetstone":43,"Orichalcum":53,"Boot":7,"Cursed Key":31,"SlaversCollar":70,"Anchor":40,"Nunchaku":122,"Matryoshka":20,"Shuriken":53,"DollysMirror":122,"Bronze Scales":108,"Bag of Marbles":17,"Bottled Lightning":53}]},"card_choices":[{"not_picked":["stsjorbsmod:Hibernate","stsjorbsmod:BookOfTongues"],"picked":"stsjorbsmod:FlameWard","floor":1.0},{"not_picked":["stsjorbsmod:ArcaneWeapon","stsjorbsmod:ParryingBlow"],"picked":"stsjorbsmod:ScorchingRay","floor":4.0},{"not_picked":["stsjorbsmod:Rest","stsjorbsmod:DisguiseSelf"],"picked":"stsjorbsmod:BurningFlask","floor":6.0},{"not_picked":["stsjorbsmod:Thorns","stsjorbsmod:HedgeWizard"],"picked":"stsjorbsmod:Channel","floor":8.0},{"not_picked":["stsjorbsmod:BurningFlask","stsjorbsmod:Mania"],"picked":"stsjorbsmod:FaerieFire","floor":10.0},{"not_picked":["stsjorbsmod:HoldMonster","stsjorbsmod:ChatteringStrike"],"picked":"stsjorbsmod:Inferno","floor":11.0},{"not_picked":["stsjorbsmod:Firebolt","stsjorbsmod:Aid"],"picked":"stsjorbsmod:IvoryTower","floor":13.0},{"not_picked":["stsjorbsmod:WeightOfMemory","stsjorbsmod:TrueStrike"],"picked":"stsjorbsmod:Hibernate","floor":14.0},{"not_picked":["stsjorbsmod:SiphonEnergy","stsjorbsmod:IvoryTower"],"picked":"stsjorbsmod:Trauma","floor":16.0},{"not_picked":["stsjorbsmod:FracturedMind","stsjorbsmod:Hurt"],"picked":"stsjorbsmod:ScorchingRay+1","floor":18.0},{"not_picked":["stsjorbsmod:Mindworm","stsjorbsmod:LoseGrip"],"picked":"stsjorbsmod:Hibernate","floor":20.0},{"not_picked":["stsjorbsmod:LocateObject","stsjorbsmod:BurningFlask","stsjorbsmod:ChainLightning"],"picked":"SKIP","floor":21.0},{"not_picked":["stsjorbsmod:Prestidigitation","stsjorbsmod:Message"],"picked":"stsjorbsmod:Materialize","floor":23.0},{"not_picked":["stsjorbsmod:ParryingBlow","stsjorbsmod:MistyStep+1"],"picked":"stsjorbsmod:Channel","floor":24.0},{"not_picked":["stsjorbsmod:FaerieFire","stsjorbsmod:Mindworm"],"picked":"stsjorbsmod:LoseGrip","floor":25.0},{"not_picked":["stsjorbsmod:Firebolt","stsjorbsmod:Counterspell"],"picked":"stsjorbsmod:Materialize","floor":27.0},{"not_picked":["stsjorbsmod:OldPocket","stsjorbsmod:DisguiseSelf","stsjorbsmod:BlackTentacles"],"picked":"SKIP","floor":28.0},{"not_picked":["stsjorbsmod:Fear","stsjorbsmod:Feast"],"picked":"stsjorbsmod:IvoryTower","floor":33.0},{"not_picked":["stsjorbsmod:Firebolt","stsjorbsmod:OldPocket"],"picked":"stsjorbsmod:Message+1","floor":35.0},{"not_picked":["stsjorbsmod:UnseenServant","stsjorbsmod:AnimateObjects+1","stsjorbsmod:DisguiseSelf"],"picked":"SKIP","floor":36.0},{"not_picked":["stsjorbsmod:Channel+1","stsjorbsmod:MistyStep+1"],"picked":"stsjorbsmod:Patron+1","floor":37.0},{"not_picked":["stsjorbsmod:WeightOfMemory","stsjorbsmod:BurningFlask"],"picked":"stsjorbsmod:Firebolt+1","floor":38.0},{"not_picked":["stsjorbsmod:Materialize","stsjorbsmod:Prestidigitation"],"picked":"stsjorbsmod:LoseGrip","floor":39.0},{"not_picked":["stsjorbsmod:ArcaneWeapon","stsjorbsmod:WanderingMind"],"picked":"stsjorbsmod:RayOfFrost","floor":40.0},{"not_picked":["stsjorbsmod:Mending","stsjorbsmod:SiphonEnergy"],"picked":"stsjorbsmod:Inferno+1","floor":42.0},{"not_picked":["stsjorbsmod:HedgeWizard+1","stsjorbsmod:TrueStrike"],"picked":"stsjorbsmod:SiphonEnergy","floor":44},{"not_picked":["stsjorbsmod:Prepare","stsjorbsmod:Channel"],"picked":"stsjorbsmod:Materialize","floor":45},{"not_picked":["stsjorbsmod:Index","stsjorbsmod:Prepare","stsjorbsmod:Mania"],"picked":"SKIP","floor":46},{"not_picked":["stsjorbsmod:Hibernate","stsjorbsmod:ScorchingRay","stsjorbsmod:ParryingBlow+1"],"picked":"SKIP","floor":48}],"player_experience":2742129,"relics_obtained":[{"floor":6.0,"key":"Vajra"},{"floor":8.0,"key":"Boot"},{"floor":11.0,"key":"Bag of Marbles"},{"floor":13.0,"key":"Matryoshka"},{"floor":23.0,"key":"Whetstone"},{"floor":25.0,"key":"Orichalcum"},{"floor":26.0,"key":"Shuriken"},{"floor":26.0,"key":"Bottled Lightning"},{"floor":27.0,"key":"Lantern"},{"floor":38.0,"key":"StoneCalendar"},{"floor":40.0,"key":"Darkstone Periapt"},{"floor":42.0,"key":"Bronze Scales"},{"floor":44,"key":"stsjorbsmod:BottledMemoryRelic"},{"floor":45,"key":"Dead Branch"},{"floor":46,"key":"Nunchaku"}],"event_choices":[{"damage_healed":0.0,"max_hp_gain":5.0,"max_hp_loss":0.0,"gold_gain":0.0,"event_name":"Big Fish","player_choice":"Donut","floor":2.0,"gold_loss":0.0,"damage_taken":0.0},{"damage_healed":0.0,"max_hp_gain":0.0,"max_hp_loss":0.0,"gold_gain":0.0,"event_name":"Upgrade Shrine","player_choice":"Upgraded","floor":3.0,"gold_loss":0.0,"damage_taken":0.0,"cards_upgraded":["stsjorbsmod:FlameWard"]},{"damage_healed":0.0,"max_hp_gain":0.0,"max_hp_loss":0.0,"gold_gain":0.0,"event_name":"Lab","player_choice":"Got Potions","floor":5.0,"gold_loss":0.0,"damage_taken":0.0},{"damage_healed":0.0,"max_hp_gain":0.0,"max_hp_loss":0.0,"gold_gain":0.0,"event_name":"Match and Keep!","player_choice":"1 cards matched","floor":19.0,"gold_loss":0.0,"damage_taken":0.0,"cards_obtained":["stsjorbsmod:CorrodingBarrier"]},{"damage_healed":0.0,"max_hp_gain":5.0,"max_hp_loss":0.0,"gold_gain":0.0,"event_name":"Forgotten Altar","player_choice":"Shed Blood","floor":30.0,"gold_loss":0.0,"damage_taken":24.0},{"damage_healed":0.0,"max_hp_gain":0.0,"max_hp_loss":0.0,"gold_gain":0.0,"event_name":"Mysterious Sphere","player_choice":"Fight","floor":38.0,"gold_loss":0.0,"damage_taken":0.0},{"damage_healed":0,"gold_gain":0,"player_choice":"Fight","damage_taken":0,"max_hp_gain":0,"max_hp_loss":0,"event_name":"MindBloom","floor":45,"gold_loss":0}],"is_beta":false,"boss_relics":[{"not_picked":["Tiny House","Fusion Hammer"],"picked":"Cursed Key"},{"not_picked":["Astrolabe","Velvet Choker"],"picked":"SlaversCollar"}],"items_purged_floors":[22,29,47],"is_endless":false,"potions_floor_spawned":[1,6,13,14,16,18,23,27,28,33,37,38,39,40,48],"killed_by":"Donu and Deca","ascension_level":20}}