{"host":"ljaiy5ygc2blx6r2","time":1613483768,"event":{"mods":["Act Like it!","Arknights","BaseMod","Better Vampires","Challenge The Spire","Colored Powertips","Conspire","HornydragonMod","Marisa（F雨　魔理沙）","Minty Spire (QoL Compilation)","Pale of the Ancients","Reimu（博丽灵梦）","Reliquary","Remilia（蕾米莉亚）","Replay The Spire","RumiaBox-露米娅的神秘盒子","SOS（斯巴达之子）","StSLib","TestMod","The Administrix","The Animator","The Bug Knight","The Cursed","The Gatherer","The IronCluck","The Runesmith","The Servant 0.9.4","UnlockEverythingMod","[IsaacMod]以撒尖塔","【功能Mod】聪明的最终Boss","【遗物卡牌】REMEMod","篝火指南"],"gold_per_floor":[115,115,177,237,18,75,125,125,125,125,30,81,81,46,46,85,85],"floor_reached":16,"language":"ZHS","playtime":1002,"items_purged":[],"score":103,"play_id":"6356107c-4a0f-4bf5-a275-0f9d6e48e3b6","local_time":"20210216215608","is_ascension_mode":true,"campfire_choices":[{"data":"TheCursedMod:SpitefulPray","floor":8,"key":"SMITH"},{"data":"ats:Calcification","floor":10,"key":"SMITH"},{"floor":15,"key":"REST"}],"circlet_count":0,"master_deck":["TheCursedMod:Strike_TheCursed","TheCursedMod:Strike_TheCursed","TheCursedMod:Strike_TheCursed","TheCursedMod:Defend_TheCursed","TheCursedMod:Defend_TheCursed","TheCursedMod:Defend_TheCursed","TheCursedMod:Defend_TheCursed","TheCursedMod:CursedWand","TheCursedMod:CleanUpWorkshop","TheCursedMod:Dregs","ats:Calcification+1","TheCursedMod:CursedArmor","Delirium","TheCursedMod:SurpriseAttack","TheCursedMod:CursedAmulet","TheCursedMod:SpitefulPray+1","testmod-Mystery","TheCursedMod:Stretching","TheCursedMod:CircleOfBlood"],"relics":["TheCursedMod:BlackMagic101","testmod-TestBox","HushsDoor","REME_ComplimentaryCards","testmod-RainbowHikingShoes","TheBible","NeowsBlessing","Baka","ReplayTheSpireMod:Ring of Collecting","ReplayTheSpireMod:Ring of Challenge","Replay:Bandana","ats:Originium","reliquary:Sideboard","Ring of Greed","Tiny Chest","Replay:Wax Seal","Orichalcum","Ring of Fury","testmod-LifeArmor"],"acts_visited":["Exordium"],"potions_floor_usage":[16,16],"damage_taken":[{"damage":0,"enemies":"Jaw Worm","floor":1,"turns":1},{"damage":0,"enemies":"2 Louse","floor":3,"turns":5},{"damage":0,"enemies":"Cultist","floor":4,"turns":5},{"damage":13,"enemies":"Gremlin Nob","floor":6,"turns":4},{"damage":12,"enemies":"Exordium Thugs","floor":12,"turns":8},{"damage":15,"enemies":"The Guardian","floor":16,"turns":14}],"seed_played":"181381512807021659","potions_obtained":[{"floor":6,"key":"SkillPotion"},{"floor":12,"key":"SkillPotion"}],"is_trial":false,"path_per_floor":["M","?","M","M","$","E","T","R","T","R","$","M","?","$","R","B"],"character_chosen":"THE_CURSED","items_purchased":["Replay:Bandana","TheCursedMod:SpitefulPray","testmod-Mystery","TheCursedMod:CircleOfBlood"],"campfire_rested":1,"item_purchase_floors":[5,5,11,14],"current_hp_per_floor":[75,75,75,75,75,64,64,64,64,64,64,1,1,1,23,12,12],"gold":85,"neow_bonus":"THREE_ENEMY_KILL","is_daily":false,"chose_seed":false,"campfire_upgraded":2,"win_rate":0.0,"timestamp":1613483768,"path_taken":["M","?","?","M","$","E","?","R","T","R","$","?","?","?","R","BOSS"],"items_purchased_type":["Relic","Card","Card","Card"],"build_version":"2020-12-22","purchased_purges":0,"victory":false,"max_hp_per_floor":[75,75,75,75,75,75,75,75,75,75,75,75,75,75,75,75,75],"card_choices":[{"not_picked":[],"picked":"Bomb","floor":0},{"not_picked":["TheCursedMod:VitalStrike","Bomb"],"picked":"TheCursedMod:CursedArmor","floor":1},{"not_picked":["TheCursedMod:CircleOfAmplification","TheCursedMod:RavingStaff"],"picked":"TheCursedMod:SurpriseAttack","floor":3},{"not_picked":["TheCursedMod:FleshFromBone","TheCursedMod:CursedSpellbook"],"picked":"TheCursedMod:CursedAmulet","floor":4},{"not_picked":["TheCursedMod:DemonicPact","TheCursedMod:SaltUponWound"],"picked":"TheCursedMod:Wield","floor":6},{"not_picked":["TheCursedMod:Stigma","TheCursedMod:CursedAmulet"],"picked":"TheCursedMod:WearCloak","floor":12}],"player_experience":220836,"relics_obtained":[{"floor":1,"key":"Baka"},{"floor":2,"key":"ReplayTheSpireMod:Ring of Collecting"},{"floor":2,"key":"ReplayTheSpireMod:Ring of Challenge"},{"floor":6,"key":"ats:Originium"},{"floor":6,"key":"reliquary:Sideboard"},{"floor":7,"key":"Ring of Greed"},{"floor":7,"key":"Tiny Chest"},{"floor":7,"key":"Replay:Wax Seal"},{"floor":7,"key":"Orichalcum"},{"floor":9,"key":"Ring of Fury"},{"floor":9,"key":"testmod-LifeArmor"}],"event_choices":[{"damage_healed":0,"gold_gain":0,"cards_transformed":["TheCursedMod:Strike_TheCursed"],"player_choice":"Change","damage_taken":0,"max_hp_gain":0,"max_hp_loss":0,"event_name":"Living Wall","floor":13,"gold_loss":0,"cards_obtained":["TheCursedMod:Stretching"]}],"is_beta":false,"boss_relics":[],"items_purged_floors":[],"is_endless":false,"potions_floor_spawned":[6,12],"killed_by":"The Guardian","ascension_level":1}}