{"host":"zgdag062zrknap1a","time":1613455728,"event":{"mods":["AchievementEnabler","Act Like it!","Aspiration","Bard","BaseMod","BetterRewards","Colored Map","Colored Powertips","Conspire","Downfall","Gensokyo","Hallownest","Hermit","Highlight Path","Hubris","Infinite Spire","Jorbs\u0027s Wanderer Trilogy","Marisa????????","Minty Spire (QoL Compilation)","Quick Restart","Rare Cards Sparkle","Replay The Spire","Shop Mod","StSLib","The Bug Knight","The Cursed","The Hierophant","The Necromancer","The Runesmith","The Servant 0.9.4"],"gold_per_floor":[115,141,222,222,222,222,222,238,265,265,265],"floor_reached":10,"language":"ENG","playtime":257,"items_purged":[],"score":54,"play_id":"e103ed8e-e263-4b0e-8fa9-de857c4eabc9","local_time":"20210215220848","is_ascension_mode":false,"campfire_choices":[{"floor":6,"key":"RECALL"}],"circlet_count":0,"master_deck":["Runesmith:Strike_RS","Runesmith:Strike_RS","Runesmith:Strike_RS","Runesmith:Strike_RS","Runesmith:Defend_RS","Runesmith:Defend_RS","Runesmith:Defend_RS","Runesmith:Defend_RS","Runesmith:CraftFirestone","Runesmith:Fortify","aspiration:UnbridledHammer","Runesmith:HammerThrow","Runesmith:FissionHammer","Runesmith:StaticCage"],"relics":["Runesmith:BrokenRuby","Vajra","Onion Ring","Garlic","aspiration:BabyByrd","Replay:Wax Seal"],"acts_visited":["Exordium"],"potions_floor_usage":[10],"damage_taken":[{"damage":0,"enemies":"Cultist","floor":1,"turns":2},{"damage":2,"enemies":"Jaw Worm","floor":8,"turns":2},{"damage":0,"enemies":"3 Sentries","floor":10,"turns":2}],"seed_played":"2564605478800626089","potions_obtained":[{"floor":8,"key":"SneckoOil"}],"is_trial":false,"path_per_floor":["M","T","T","?","?","R","?","M","T","E"],"character_chosen":"RUNESMITH_CLASS","items_purchased":["aspiration:UnbridledHammer","Runesmith:HammerThrow","Vajra","Runesmith:FissionHammer","Onion Ring","Swift Potion"],"campfire_rested":0,"item_purchase_floors":[0,0,0,0,0,0],"current_hp_per_floor":[38,38,38,38,38,38,38,36,36,36,36],"gold":265,"neow_bonus":"","is_daily":false,"chose_seed":false,"campfire_upgraded":0,"win_rate":0.0,"timestamp":1613455728,"path_taken":["M","?","?","?","?","R","?","M","T","E"],"items_purchased_type":["Card","Card","Relic","Card","Relic","Potion"],"build_version":"2020-12-22","purchased_purges":0,"victory":false,"max_hp_per_floor":[70,70,70,70,70,70,70,70,70,70,70],"card_choices":[{"not_picked":["Runesmith:HeatedChisel","Runesmith:RuneHurl","Runesmith:Malloc"],"picked":"SKIP","floor":1},{"not_picked":["Runesmith:Grindstone","Runesmith:NegativeSpace"],"picked":"Runesmith:StaticCage","floor":8}],"player_experience":445838,"relics_obtained":[{"floor":3,"key":"Garlic"},{"floor":9,"key":"Replay:Wax Seal"}],"event_choices":[{"damage_healed":0,"gold_gain":0,"player_choice":"Ignored","damage_taken":0,"max_hp_gain":0,"max_hp_loss":0,"event_name":"Shining Light","floor":4,"gold_loss":0},{"damage_healed":0,"gold_gain":0,"player_choice":"Leave","damage_taken":0,"max_hp_gain":0,"max_hp_loss":0,"event_name":"conspire:Investor","floor":5,"gold_loss":0}],"is_beta":false,"boss_relics":[],"items_purged_floors":[],"is_endless":false,"potions_floor_spawned":[8],"killed_by":"3 Sentries","ascension_level":0}}