{"host":"5inz41fcnifmg6v2","time":1613449661,"event":{"mods":["BaseMod","Downfall","Minty Spire (QoL Compilation)","Reliquary","Replay The Spire","StSLib"],"gold_per_floor":[116,132,57,72,72,101,101,101,101],"floor_reached":8,"language":"ZHS","playtime":463,"items_purged":["Injury"],"score":64,"play_id":"7b532f37-79ff-445c-8981-2216a6c16575","local_time":"20210216122741","is_ascension_mode":true,"campfire_choices":[{"floor":7,"key":"REST"}],"circlet_count":0,"master_deck":["Strike_R","Strike_R","Strike_R","Strike_R","Strike_R","Defend_R","Defend_R","Defend_R","Defend_R","Bash","Feed+1","Armaments","Whirlwind","Shrug It Off","Body Slam"],"relics":["Burning Blood","Toy Ornithopter"],"acts_visited":["Exordium"],"potions_floor_usage":[8],"damage_taken":[{"damage":1,"enemies":"Cultist","floor":1,"turns":3},{"damage":18,"enemies":"Small Slimes","floor":2,"turns":4},{"damage":14,"enemies":"Jaw Worm","floor":4,"turns":5},{"damage":36,"enemies":"Gremlin Nob","floor":6,"turns":5},{"damage":78,"enemies":"Lagavulin","floor":8,"turns":8}],"seed_played":"-4170615196244121902","potions_obtained":[{"floor":4,"key":"Toxic Potion"},{"floor":6,"key":"Adrenaline Potion"}],"is_trial":false,"path_per_floor":["M","M","$","M","?","E","R","E"],"character_chosen":"IRONCLAD","items_purchased":[],"campfire_rested":1,"item_purchase_floors":[],"current_hp_per_floor":[83,74,74,66,66,36,61,0,0],"gold":101,"neow_bonus":"THREE_RARE_CARDS","is_daily":false,"chose_seed":false,"campfire_upgraded":0,"win_rate":0.0,"timestamp":1613449661,"path_taken":["M","?","?","M","?","E","R","E"],"items_purchased_type":[],"build_version":"2020-12-22","purchased_purges":1,"victory":false,"max_hp_per_floor":[83,86,86,86,86,86,86,86,86],"card_choices":[{"not_picked":["Demon Form","Eclipse"],"picked":"Feed","floor":0},{"not_picked":["Cleave","Disarm"],"picked":"Armaments","floor":1},{"not_picked":["Clash","Headbutt"],"picked":"Whirlwind","floor":2},{"not_picked":["ReplayReversal","Run Through"],"picked":"Shrug It Off","floor":4},{"not_picked":["Twin Strike","Seeing Red"],"picked":"Body Slam","floor":6}],"player_experience":111053,"relics_obtained":[{"floor":6,"key":"Toy Ornithopter"}],"event_choices":[{"damage_healed":0,"gold_gain":0,"player_choice":"Grow","damage_taken":0,"max_hp_gain":0,"max_hp_loss":0,"event_name":"Living Wall","floor":5,"gold_loss":0,"cards_upgraded":["Feed"]}],"is_beta":false,"boss_relics":[],"items_purged_floors":[3],"is_endless":false,"potions_floor_spawned":[4,6],"killed_by":"Lagavulin","ascension_level":3}}