{"host":"si6a1ixj09zwrub4","time":1613462476,"event":{"mods":["2.2 Compatiblity","A Magickal Journey","AchievementEnabler","Act Like it!","Aspiration","Bard","BaseMod","Beaked The Cultist","BetterRewards","Colored Powertips","Conspire","Defuse TimeMaze Blight","Dio Mod","Downfall","Elementarium","Energized Spire","GifTheSpireLib","Hermit","HololiveMod","Hubris","Infinite Spire","Lobotomy","Melee Mod","Minty Spire (QoL Compilation)","Permanent Neow","Potionbrewer","QueenMod","READ ME - Guardian Mod","READ ME - Snecko Mod","Railgun Mod","Random Character Button","Remilia（蕾米莉亚）","Shade Mod","Shop Mod","Slumbering Mod","StSLib","The Accelerator","The Animator","The Bladedancer","The Bug Knight","The Construct","The Cursed","The Death Knight","The Disciple","The Exalted","The Florist","The Forsaken","The Gatherer","The Hierophant","The Judge","The Marked","The Mystic","The Runesmith","The Senshi","The Wild Card","TheBandit","TheFirefly","TheHero","Waifu the Spire","Wandering Minibosses"],"gold_per_floor":[111,145,157,188,220,232,264,276,288,318,350,50,82,97,97,194,194,208,208,220,237,247,247,264,264,264,264,281,310,310,219,219,328,328,346,286,311,332,360,360,384,427,475,485,485,485,385,404,404,404],"floor_reached":51,"language":"ENG","playtime":2765,"items_purged":[],"score":780,"play_id":"a67c7819-d08f-4d1e-aa8b-9bf74ba6c722","local_time":"20210216150116","is_ascension_mode":false,"campfire_choices":[{"data":"theMarked:SoldierOfQuellstein","floor":6,"key":"SMITH"},{"data":"theMarked:MysticalArsenal","floor":8,"key":"SMITH"},{"data":"theMarked:Abjuration","floor":15,"key":"SMITH"},{"data":"theMarked:EmpowerWeapon","floor":23,"key":"SMITH"},{"data":"theMarked:Challenge","floor":25,"key":"SMITH"},{"data":"theMarked:OneWithTheBlade","floor":27,"key":"SMITH"},{"floor":32,"key":"REST"},{"data":"theMarked:EternalStudent","floor":40,"key":"SMITH"},{"floor":45,"key":"REST"},{"data":"theMarked:Overcharge","floor":49,"key":"SMITH"}],"circlet_count":0,"master_deck":["theMarked:Strike","theMarked:Strike","theMarked:Strike","theMarked:Defend","theMarked:Defend","theMarked:Defend","theMarked:Defend","theMarked:SoldierOfQuellstein+1","theMarked:OneWithTheBlade+1","theMarked:StartUp","theMarked:WardOff","theMarked:Panic","theMarked:MysticalArsenal+1","theMarked:BanishingWave","theMarked:CreepingChasm","theMarked:Abjuration+1","theMarked:Overcharge+1","theMarked:TurnInvisible","theMarked:Challenge+1","Shade:AncientSpear","theMarked:EmpowerWeapon+1","theMarked:EmpowerWeapon","theMarked:SwordAndMagic","theMarked:Polarize","theMarked:Abjuration","infinitespire:Gouge","theMarked:Heritage","theMarked:EternalStudent+1","theMarked:Electrocute","theMarked:ContemptForTheProud+1","theMarked:Memento","Parasite","theMarked:BanishingWave","theMarked:Improvise+1","theMarked:AttractMetal+1","theMarked:EmpowerWeapon+1"],"relics":["theMarked:ArtifactOfAir","MawBank","Anchor","Runesmith:AutoHammer","Strange Spoon","Whetstone","theMarked:DemonDagger","hubris:OldNail","theMarked:Eyepatch","hubris:PeanutButter","theSenshi:SailorFukuRelic","CeramicFish","Tiny Chest","Philosopher\u0027s Stone","infinitespire:CheckeredPen","InkBottle"],"acts_visited":["Exordium","TheCity","TheBeyond"],"potions_floor_usage":[16,20,29,29,33,35,50,50,50],"damage_taken":[{"damage":4,"enemies":"Cultist","floor":1,"turns":4},{"damage":2,"enemies":"conspire:MimicChest","floor":2,"turns":4},{"damage":0,"enemies":"Small Slimes","floor":4,"turns":2},{"damage":0,"enemies":"Jaw Worm","floor":5,"turns":3},{"damage":5,"enemies":"Large Slime","floor":7,"turns":5},{"damage":0,"enemies":"Exordium Wildlife","floor":10,"turns":3},{"damage":0,"enemies":"Looter","floor":11,"turns":2},{"damage":0,"enemies":"Lagavulin","floor":13,"turns":2},{"damage":7,"enemies":"2 Fungi Beasts","floor":14,"turns":3},{"damage":32,"enemies":"Hexaghost","floor":16,"turns":5},{"damage":0,"enemies":"Chosen","floor":18,"turns":2},{"damage":18,"enemies":"3 Byrds","floor":20,"turns":4},{"damage":3,"enemies":"Shelled Parasite and Fungi","floor":21,"turns":3},{"damage":0,"enemies":"Sentry and Sphere","floor":22,"turns":1},{"damage":29,"enemies":"Snake Plant","floor":24,"turns":4},{"damage":8,"enemies":"Snecko","floor":28,"turns":4},{"damage":7,"enemies":"Nightmare","floor":29,"turns":6},{"damage":12,"enemies":"conspire:MysteriousRune","floor":33,"turns":8},{"damage":0,"enemies":"3 Shapes","floor":35,"turns":2},{"damage":7,"enemies":"Orb Walker","floor":37,"turns":3},{"damage":15,"enemies":"Maw","floor":38,"turns":5},{"damage":0,"enemies":"Writhing Mass","floor":39,"turns":4},{"damage":0,"enemies":"4 Shapes","floor":41,"turns":1},{"damage":41,"enemies":"Nightmare","floor":42,"turns":7},{"damage":16,"enemies":"Spire Growth","floor":44,"turns":3},{"damage":0,"enemies":"Sphere and 2 Shapes","floor":48,"turns":1},{"damage":24,"enemies":"conspire:OrnateMirror","floor":50,"turns":4}],"seed_played":"-8491497745631605603","potions_obtained":[{"floor":2,"key":"potionbrewer:FreezingPotion"},{"floor":5,"key":"SpeedPotion"},{"floor":10,"key":"LiquidBronze"},{"floor":11,"key":"SkillPotion"},{"floor":18,"key":"Swift Potion"},{"floor":20,"key":"hexamod:SoulburnPotion"},{"floor":35,"key":"potionbrewer:SplittingPotion"},{"floor":38,"key":"Ancient Potion"},{"floor":39,"key":"potionbrewer:StunPotion"},{"floor":48,"key":"potionbrewer:ToxicPotion"}],"is_trial":false,"path_per_floor":["M","?","T","M","M","R","M","R","T","M","M","$","E","M","R","B",null,"M","?","M","M","M","R","M","R","T","R","M","NM","AVR","?","R","B",null,"M","$","M","M","M","R","M","NM","T","M","R","T","NS","M","R","B",null],"character_chosen":"THE_DEFAULT","items_purchased":["theMarked:Abjuration","Strange Spoon","Whetstone","theMarked:DemonDagger","theMarked:Electrocute"],"campfire_rested":2,"item_purchase_floors":[12,12,12,12,36],"current_hp_per_floor":[73,71,71,71,71,71,66,66,66,66,66,66,66,59,59,27,77,77,77,59,56,56,56,27,27,27,27,19,12,12,12,35,23,77,77,77,70,55,55,55,55,14,14,42,65,65,65,65,65,41],"gold":404,"neow_bonus":"TEN_PERCENT_HP_BONUS","is_daily":false,"chose_seed":false,"campfire_upgraded":8,"win_rate":0.0,"timestamp":1613462476,"path_taken":["M","?","?","M","M","R","M","R","T","M","M","?","E","?","R","BOSS","M","?","?","M","?","R","M","R","T","R","M","NM","AVR","?","R","BOSS","M","$","?","M","?","R","M","NM","T","?","R","?","NS","M","R","BOSS"],"items_purchased_type":["Card","Relic","Relic","Relic","Card"],"build_version":"2020-12-22","purchased_purges":0,"victory":true,"max_hp_per_floor":[77,77,77,77,77,77,77,77,77,77,77,77,77,77,77,77,77,77,77,77,77,77,77,77,77,77,77,77,77,77,77,77,77,77,77,77,77,77,77,77,77,77,77,77,77,77,77,77,77,77],"card_choices":[{"not_picked":["theMarked:Frustration","theMarked:Aftermath"],"picked":"theMarked:OneWithTheBlade","floor":1},{"not_picked":["theMarked:Static","theMarked:Friction"],"picked":"theMarked:StartUp","floor":2},{"not_picked":["theMarked:Aftermath","theMarked:BanishingStrike"],"picked":"theMarked:WardOff","floor":4},{"not_picked":["theMarked:Parkour","theMarked:Static"],"picked":"theMarked:Panic","floor":5},{"not_picked":["theMarked:Static","theMarked:Aftermath"],"picked":"theMarked:MysticalArsenal","floor":7},{"not_picked":["theMarked:Static","theMarked:RepellingDischarge"],"picked":"theMarked:BanishingWave","floor":10},{"not_picked":["theMarked:WardOff","theMarked:TwofoldDefense"],"picked":"theMarked:CreepingChasm","floor":11},{"not_picked":["theMarked:BanishingStrike","theMarked:HeightenedSenses"],"picked":"theMarked:Overcharge","floor":13},{"not_picked":["theMarked:ElectricStrings","theMarked:TwofoldDefense"],"picked":"theMarked:TurnInvisible","floor":14},{"not_picked":["theMarked:FavorableWinds","theMarked:DispelDoubt"],"picked":"theMarked:Challenge","floor":16},{"not_picked":["theMarked:Overcharge","theMarked:Parkour","theMarked:TakeCover"],"picked":"SKIP","floor":18},{"not_picked":["theMarked:CreepingChasm","theMarked:ElectricStrings"],"picked":"theMarked:EmpowerWeapon","floor":20},{"not_picked":["theMarked:WastefulAttack","theMarked:Aftermath"],"picked":"theMarked:EmpowerWeapon","floor":21},{"not_picked":["theMarked:Panic","theMarked:Electrocute"],"picked":"theMarked:SwordAndMagic","floor":22},{"not_picked":["theMarked:ChainLightning","theMarked:WardOff"],"picked":"theMarked:Polarize","floor":24},{"not_picked":["theMarked:TakeCover","theMarked:Parkour"],"picked":"theMarked:Abjuration","floor":28},{"not_picked":["infinitespire:Punishment","infinitespire:Fortify"],"picked":"infinitespire:Gouge","floor":29},{"not_picked":["theMarked:HeightenedSenses+1","theMarked:SelfDefenseTraining+1"],"picked":"theMarked:Heritage","floor":29},{"not_picked":["theMarked:Toughness","theMarked:UnarmedFury"],"picked":"theMarked:EternalStudent","floor":33},{"not_picked":["theMarked:AttractMetal","theMarked:Memento","theMarked:TakeCover+1"],"picked":"SKIP","floor":35},{"not_picked":["theMarked:Frustration+1","theMarked:SwordAndMagic"],"picked":"theMarked:ContemptForTheProud+1","floor":37},{"not_picked":["theMarked:ChainLightning+1","theMarked:Convert"],"picked":"theMarked:Memento","floor":38},{"not_picked":["theMarked:ContemptForTheProud+1","theMarked:ShockingTouch"],"picked":"theMarked:BanishingWave","floor":39},{"not_picked":["theMarked:SelfDefenseTraining+1","theMarked:EnhanceMovement"],"picked":"theMarked:Improvise+1","floor":41},{"not_picked":["theMarked:Parry+1","theMarked:ContemptForTheProud"],"picked":"theMarked:AttractMetal+1","floor":42},{"not_picked":["theMarked:Parkour","theMarked:TwofoldDefense+1","theMarked:TakeCover+1"],"picked":"SKIP","floor":44},{"not_picked":["theMarked:WardOff+1","theMarked:LightningStrikesTwice+1"],"picked":"theMarked:EmpowerWeapon+1","floor":48}],"player_experience":401771,"relics_obtained":[{"floor":2,"key":"MawBank"},{"floor":3,"key":"Anchor"},{"floor":9,"key":"Runesmith:AutoHammer"},{"floor":13,"key":"hubris:OldNail"},{"floor":26,"key":"hubris:PeanutButter"},{"floor":29,"key":"theSenshi:SailorFukuRelic"},{"floor":42,"key":"infinitespire:CheckeredPen"},{"floor":46,"key":"InkBottle"}],"event_choices":[{"damage_healed":0,"gold_gain":0,"player_choice":"Read","damage_taken":0,"max_hp_gain":0,"max_hp_loss":0,"event_name":"The Library","floor":19,"gold_loss":0,"cards_obtained":["Shade:AncientSpear"]},{"damage_healed":0,"gold_gain":0,"player_choice":"Paid Gold","damage_taken":0,"relics_obtained":["Tiny Chest"],"max_hp_gain":0,"max_hp_loss":0,"event_name":"WeMeetAgain","floor":31,"gold_loss":91}],"is_beta":false,"boss_relics":[{"not_picked":["Runic Pyramid","Hololive_ChaosS"],"picked":"theMarked:Eyepatch"},{"not_picked":["Runesmith:UraniumAnvil","energizedSpire:DeadBattery"],"picked":"Philosopher\u0027s Stone"}],"items_purged_floors":[],"is_endless":false,"potions_floor_spawned":[2,5,10,11,18,20,24,35,38,39,42,48],"ascension_level":0}}