{"host":"zybdh2ue20qfjbiz","time":1613481233,"event":{"mods":["AchievementEnabler","BaseMod","Better Altar","Better Skull","BetterRewards","Friendly Minions","Kiyohime（清?）","Koishi","Lobotomy","LobotomyExtend","Marisa（霧雨　魔理沙）","Minty Spire (QoL Compilation)","Remilia（蕾米莉?）","StSLib"],"gold_per_floor":[118,118,118,118,139,178,190,215,227,270,282,41,56,99,99,229,229,254,254,267,287,312,345,345,386,386,421,421,23,23,62,62,183,183,203,223,242,255,275,313,313,349,349,349,25,48,48,111,111,111,111],"floor_reached":52,"language":"ENG","playtime":3225,"items_purged":["Koishi:BasicStrike","Koishi:BasicStrike"],"score":976,"play_id":"9c1c0079-6c20-4e9c-a910-94c02be1d0e2","local_time":"20210216161353","is_ascension_mode":true,"campfire_choices":[{"data":"Koishi:BramblyRoseGarden","floor":7.0,"key":"SMITH"},{"data":"Koishi:Prune","floor":11.0,"key":"SMITH"},{"floor":15.0,"key":"REST"},{"data":"Koishi:SilentAndRestless","floor":24.0,"key":"SMITH"},{"data":"Koishi:DanmakuParanoia","floor":30.0,"key":"SMITH"},{"data":"Koishi:HauntingSlash","floor":32.0,"key":"SMITH"},{"data":"Koishi:Catatonia","floor":44,"key":"SMITH"},{"data":"Koishi:MindStellarRelief","floor":47,"key":"SMITH"},{"data":"Koishi:Whimsy","floor":49,"key":"SMITH"}],"circlet_count":0,"master_deck":["Koishi:BasicDefend","Koishi:BasicDefend","Koishi:BasicDefend","Koishi:BasicDefend","Koishi:Provoke","Koishi:HauntingSlash+1","Koishi:BramblyRoseGarden+1","Koishi:Prune+1","Koishi:PredatoryInstincts","Koishi:ParalyzingFear","Koishi:Whimsy+1","Koishi:DanmakuParanoia+1","Koishi:Untouchable","Koishi:TremblingHands","Koishi:MindStellarRelief+1","Koishi:SilentAndRestless+1","Moonlight+1","Koishi:GeneticsOfTheUnconscious","Koishi:ConditionedTeleport","Koishi:TremblingHands","Koishi:Catatonia+1","Koishi:PerfectMindControl+1","Koishi:UnseenTerror+1","Koishi:RacingHeart+1","Koishi:HeartStoppingHorror","Koishi:VengefulSpirit","Koishi:FidgetySnatcher"],"relics":["Koishi:ImaginaryFriend","Lizard Tail","LetterFromLob","Golden Idol","MawBank","Singing Bowl","Boot","Bronze Scales","PreservedInsect","Coffee Dripper","Strawberry","Oddly Smooth Stone","Question Card","Centennial Puzzle","Koishi:TeethAndClaws","Ice Cream","Philosopher\u0027s Stone","Pen Nib","Nunchaku","Bag of Preparation","Koishi:EchoesOfADeadGirl"],"acts_visited":["Exordium","TheCity","TheBeyond"],"potions_floor_usage":[],"damage_taken":[{"damage":1.0,"enemies":"Jaw Worm","floor":1.0,"turns":5.0},{"damage":9.0,"enemies":"2 Louse","floor":5.0,"turns":3.0},{"damage":56.0,"enemies":"Gremlin Nob","floor":6.0,"turns":6.0},{"damage":0.0,"enemies":"Cultist","floor":8.0,"turns":5.0},{"damage":10.0,"enemies":"Lagavulin","floor":10.0,"turns":9.0},{"damage":4.0,"enemies":"Looter","floor":13.0,"turns":4.0},{"damage":17.0,"enemies":"3 Sentries","floor":14.0,"turns":7.0},{"damage":15.0,"enemies":"The Guardian","floor":16.0,"turns":10.0},{"damage":7.0,"enemies":"Spheric Guardian","floor":18.0,"turns":5.0},{"damage":10.0,"enemies":"2 Thieves","floor":20.0,"turns":5.0},{"damage":0.0,"enemies":"Cultist and Chosen","floor":21.0,"turns":4.0},{"damage":2.0,"enemies":"Shelled Parasite and Fungi","floor":22.0,"turns":6.0},{"damage":25.0,"enemies":"Slavers","floor":23.0,"turns":4.0},{"damage":1.0,"enemies":"Gremlin Leader","floor":25.0,"turns":6.0},{"damage":0.0,"enemies":"Slavers","floor":27.0,"turns":1.0},{"damage":5.0,"enemies":"Gremlin Leader","floor":31.0,"turns":5.0},{"damage":0.0,"enemies":"Collector","floor":33.0,"turns":10.0},{"damage":8,"enemies":"3 Shapes","floor":35,"turns":2},{"damage":0,"enemies":"3 Darklings","floor":36,"turns":4},{"damage":3,"enemies":"4 Shapes","floor":37,"turns":7},{"damage":0,"enemies":"Spire Growth","floor":38,"turns":4},{"damage":5,"enemies":"3 Darklings","floor":39,"turns":4},{"damage":0,"enemies":"Giant Head","floor":40,"turns":8},{"damage":8,"enemies":"Reptomancer","floor":42,"turns":6},{"damage":0,"enemies":"Writhing Mass","floor":46,"turns":5},{"damage":0,"enemies":"Mind Bloom Boss Battle","floor":48,"turns":5},{"damage":40,"enemies":"Donu and Deca","floor":50,"turns":10}],"seed_played":"3647839217991548417","potions_obtained":[{"floor":10.0,"key":"Swift Potion"},{"floor":13.0,"key":"LiquidBronze"},{"floor":14.0,"key":"SkillPotion"},{"floor":16.0,"key":"Block Potion"},{"floor":40,"key":"DistilledChaos"}],"is_trial":false,"path_per_floor":["M","?","?","?","M","E","R","M","T","E","R","$","M","E","R","B",null,"M","?","M","M","M","E","R","E","T","E","?","$","R","E","R","B",null,"M","M","M","M","M","E","?","E","T","R","$","M","R","?","R","B",null,null],"character_chosen":"KOISHI","items_purchased":["Bronze Scales","Koishi:DanmakuParanoia","Koishi:Untouchable","Koishi:TeethAndClaws","Koishi:Catatonia","Koishi:VengefulSpirit","Bag of Preparation"],"campfire_rested":1,"item_purchase_floors":[12,12,12,29,29,45,45],"current_hp_per_floor":[54,54,59,45,37,31,31,37,37,34,34,34,35,23,40,31,59,54,54,56,63,65,60,60,64,64,66,66,66,66,76,76,76,76,70,78,78,80,80,84,84,83,83,83,83,86,86,86,86,62,62],"gold":111,"neow_bonus":"ONE_RARE_RELIC","is_daily":false,"chose_seed":false,"campfire_upgraded":8,"win_rate":0.0,"timestamp":1613481233,"path_taken":["M","?","?","?","M","E","R","M","T","E","R","$","M","E","R","BOSS","M","?","M","?","M","E","R","E","T","E","?","$","R","E","R","BOSS","BOSS","M","M","M","M","M","E","?","E","T","R","?","M","R","?","R","BOSS"],"items_purchased_type":["Relic","Card","Card","Relic","Card","Card","Relic"],"build_version":"2020-12-22","purchased_purges":2,"victory":true,"max_hp_per_floor":[54,54,59,59,59,59,59,59,59,59,59,59,59,59,59,59,59,61,61,63,63,65,72,72,72,72,74,74,74,74,76,76,76,76,78,78,78,80,82,84,84,84,84,84,84,86,86,86,86,86,86],"card_choices":[{"not_picked":["Koishi:SubconsciousSweep","Koishi:PhantomStrike","Koishi:SubterraneanRose"],"picked":"SKIP","floor":1.0},{"not_picked":["Koishi:RorschachInDanmaku","Koishi:DNAsFlaw"],"picked":"Koishi:Prune","floor":5.0},{"not_picked":["Koishi:JumpScare","Koishi:FourthEye"],"picked":"Koishi:PredatoryInstincts","floor":6.0},{"not_picked":["Koishi:HeartfeltFancy","Koishi:UnansweredLove"],"picked":"Koishi:ParalyzingFear","floor":8.0},{"not_picked":["Koishi:VengefulSpirit","Koishi:ReflexRadar"],"picked":"Koishi:Whimsy","floor":10.0},{"not_picked":["Koishi:FourthEye","Koishi:RacingHeart"],"picked":"Koishi:TremblingHands","floor":13.0},{"not_picked":["Koishi:SpiritedAway","Koishi:Catatonia"],"picked":"Koishi:MindStellarRelief","floor":14.0},{"not_picked":["Koishi:RollingInRichesHeart","Koishi:FadingMemory"],"picked":"Koishi:SilentAndRestless","floor":16.0},{"not_picked":["Koishi:SubterraneanRose","Koishi:Prune+1","Koishi:UnconsciousUprising"],"picked":"Singing Bowl","floor":18.0},{"not_picked":["Koishi:PhantomStrike","Koishi:FourthEye","Koishi:MassHysteria"],"picked":"Singing Bowl","floor":20.0},{"not_picked":["Koishi:CatchAndRose+1","Koishi:PredatoryInstincts"],"picked":"Koishi:GeneticsOfTheUnconscious","floor":21.0},{"not_picked":["Koishi:PhantomStrike","Koishi:SuperEgo","Koishi:HeartAttack"],"picked":"Singing Bowl","floor":22.0},{"not_picked":["Koishi:RacingHeart+1","Koishi:SubconsciousSweep+1"],"picked":"Koishi:ConditionedTeleport","floor":23.0},{"not_picked":["Koishi:CatchAndRose","Koishi:Bloodlust"],"picked":"Koishi:TremblingHands","floor":25.0},{"not_picked":["Koishi:EmbersOfLove","Koishi:DreadfulBlow","Koishi:Jaunt","Koishi:JumpScare"],"picked":"Singing Bowl","floor":27.0},{"not_picked":["Koishi:RorschachInDanmaku","Koishi:UnconsciousUprising","Koishi:PhilosophyOfTheDespised","Koishi:UnansweredLove"],"picked":"Singing Bowl","floor":31.0},{"not_picked":["Koishi:RuptureMind","Koishi:HeartStoppingHorror","Koishi:SilentAndRestless"],"picked":"Koishi:PerfectMindControl","floor":33},{"not_picked":["Koishi:DreadfulBlow","Koishi:PhantomStrike","Koishi:JumpScare","Koishi:IdleWhim+1"],"picked":"Singing Bowl","floor":35},{"not_picked":["Koishi:HeartfeltFancy","Koishi:DreadfulBlow","Koishi:ParalyzingFear"],"picked":"Koishi:UnseenTerror+1","floor":36},{"not_picked":["Koishi:Whimsy","Koishi:GeneticsOfTheUnconscious","Koishi:Prune+1"],"picked":"Koishi:RacingHeart+1","floor":37},{"not_picked":["Koishi:EmbryosDream+1","Koishi:FleetingPhantom","Koishi:SpiritedAway","Koishi:PhantomStrike"],"picked":"Singing Bowl","floor":38},{"not_picked":["Koishi:UnconsciousUprising","Koishi:Prune+1","Koishi:UnansweredLove+1","Koishi:FleetingPhantom+1"],"picked":"Singing Bowl","floor":39},{"not_picked":["Koishi:SubterraneanRose","Koishi:PhantomBarrier","Koishi:LastRemote+1","Koishi:Whimsy"],"picked":"Singing Bowl","floor":40},{"not_picked":["Koishi:FidgetySnatcher+1","Koishi:RacingHeart","Koishi:DNAsFlaw+1"],"picked":"Koishi:HeartStoppingHorror","floor":42},{"not_picked":["Koishi:BramblyRoseGarden","Koishi:SubconsciousSweep+1","Koishi:StingingMind","Koishi:EmbryosDream"],"picked":"Singing Bowl","floor":46},{"not_picked":["Koishi:IdleWhim+1","Koishi:MindStellarRelief","Koishi:CatchAndRose+1"],"picked":"Koishi:FidgetySnatcher","floor":48}],"player_experience":435496,"relics_obtained":[{"floor":1.0,"key":"LetterFromLob"},{"floor":6.0,"key":"MawBank"},{"floor":9.0,"key":"Singing Bowl"},{"floor":10.0,"key":"Boot"},{"floor":14.0,"key":"PreservedInsect"},{"floor":23.0,"key":"Strawberry"},{"floor":25.0,"key":"Oddly Smooth Stone"},{"floor":26.0,"key":"Question Card"},{"floor":27.0,"key":"Centennial Puzzle"},{"floor":31.0,"key":"Ice Cream"},{"floor":40,"key":"Pen Nib"},{"floor":42,"key":"Nunchaku"},{"floor":48,"key":"Koishi:EchoesOfADeadGirl"}],"event_choices":[{"damage_healed":0.0,"max_hp_gain":0.0,"max_hp_loss":0.0,"gold_gain":0.0,"cards_transformed":["Koishi:BasicStrike"],"event_name":"Living Wall","player_choice":"Change","floor":2.0,"gold_loss":0.0,"damage_taken":0.0,"cards_obtained":["Koishi:BramblyRoseGarden"]},{"damage_healed":0.0,"max_hp_gain":5.0,"max_hp_loss":0.0,"gold_gain":0.0,"event_name":"Big Fish","player_choice":"Donut","floor":3.0,"gold_loss":0.0,"damage_taken":0.0},{"damage_healed":0.0,"max_hp_gain":0.0,"max_hp_loss":0.0,"gold_gain":0.0,"event_name":"Golden Idol","player_choice":"Take Damage","floor":4.0,"gold_loss":0.0,"damage_taken":14.0,"relics_obtained":["Golden Idol"]},{"cards_removed":["Koishi:BasicStrike"],"damage_healed":0.0,"max_hp_gain":0.0,"max_hp_loss":0.0,"gold_gain":0.0,"event_name":"NoteForYourself","player_choice":"Took Card","floor":19.0,"gold_loss":0.0,"damage_taken":0.0,"cards_obtained":["Moonlight"]},{"damage_healed":0.0,"max_hp_gain":0.0,"max_hp_loss":0.0,"gold_gain":0.0,"event_name":"The Woman in Blue","player_choice":"Bought 0 Potions","floor":28.0,"gold_loss":0.0,"damage_taken":0.0},{"damage_healed":0,"gold_gain":0,"player_choice":"Upgraded","damage_taken":0,"max_hp_gain":0,"max_hp_loss":0,"event_name":"Upgrade Shrine","floor":41,"gold_loss":0,"cards_upgraded":["Koishi:PerfectMindControl"]},{"damage_healed":0,"gold_gain":0,"player_choice":"Fight","damage_taken":0,"max_hp_gain":0,"max_hp_loss":0,"event_name":"MindBloom","floor":48,"gold_loss":0}],"is_beta":false,"boss_relics":[{"not_picked":["Black Star","Cursed Key"],"picked":"Coffee Dripper"},{"not_picked":["Pandora\u0027s Box","Velvet Choker"],"picked":"Philosopher\u0027s Stone"}],"items_purged_floors":[29,45],"is_endless":false,"potions_floor_spawned":[10,13,14,16,18,22,25,27,35,36,39,40,48],"ascension_level":1}}