{"host":"o5lch9xvacbb0fa4","time":1613493781,"event":{"mods":["AchievementEnabler","Act Like it!","Aspiration","Bard","BaseMod","Better Altar","Better Match","Better Note","Better Sensory Stone","Better Skull","Better Third Choice","Better Vampires","BetterRewards","CCEM","Colored Map","Conspire","Downfall","GifTheSpireLib","Googly Eyes","GungeonMod","Halation","Hermit","Highlight Path","Hubris","Infinite Spire","Jedi Mod","Jorbs\u0027s Wanderer Trilogy","Marisa????????","Marked Mod","Mimic Mod","Minty Spire (QoL Compilation)","Permanent Neow","Relic Filter","Relic Sorter","Relic Stats","Replay The Spire","Shade Mod","Shop Mod","Small Relic Pack","StSLib","Stuff the Spire","The Blackbeard","The Runesmith","Unceasing Turn Reminder","everything is the same but u backflip on backflip","slay the spire mod where everything is the same but ironclad has a cowboy hat"],"gold_per_floor":[119,119,137,148,166,166,201,250,296,321,321,65,65,290,290,411,411,427,352,376,396,429,429,239,259,299,322,322,344,0,17,17,130,130,151,151,172,172,196,196,219,219,269,269,287,287,42,62,62,62],"floor_reached":51,"playtime":2903,"items_purged":["Pain","blackbeard:BlackbeardStrike","blackbeard:BlackbeardStrike"],"score":526,"play_id":"2deed1d9-f640-461a-a0b9-bd181c98a48d","local_time":"20210217004301","is_ascension_mode":false,"campfire_choices":[{"data":"blackbeard:Salvager","floor":6,"key":"SMITH"},{"data":"blackbeard:CatONineTails","floor":11,"key":"SMITH"},{"data":"blackbeard:PowderKeg","floor":13,"key":"SMITH"},{"floor":15,"key":"REST"},{"floor":23,"key":"REST"},{"data":"blackbeard:Intoxication","floor":28,"key":"SMITH"},{"data":"blackbeard:Fencing","floor":32,"key":"SMITH"},{"data":"blackbeard:PowerHungry","floor":40,"key":"SMITH"},{"data":"blackbeard:DangerousBlow","floor":42,"key":"SMITH"},{"data":"blackbeard:Intoxication+1","floor":46,"key":"SMITH"},{"floor":49,"key":"DIG"}],"circlet_count":0,"master_deck":["blackbeard:Parrot","blackbeard:BlackbeardStrike","blackbeard:BlackbeardStrike","blackbeard:IntimidatingStrike","blackbeard:BlackbeardDefend","blackbeard:BlackbeardDefend","blackbeard:BlackbeardDefend","blackbeard:BlackbeardDefend","blackbeard:Cutlass","blackbeard:CloakAndCannonball","blackbeard:DangerousBlow+1","blackbeard:BrownPants","blackbeard:Salvager+1","blackbeard:CatONineTails+1","blackbeard:FishingNets","blackbeard:Rum","blackbeard:PowderKeg+1","blackbeard:RearmingStrike","blackbeard:RearmingStrike","blackbeard:Intoxication+2","blackbeard:FieryDefense+1","expansioncontent:QuickStudy+1","blackbeard:SwordDance+1","blackbeard:PowderKeg+1","blackbeard:WeaponProficiency","blackbeard:Shrapnel","blackbeard:Shrapnel","blackbeard:Provisioning","blackbeard:CaptainsHat","blackbeard:FieryDefense","blackbeard:TacticalRetreat+1","blackbeard:Fencing+1","blackbeard:PowerHungry+1","blackbeard:BlackbeardDefend","blackbeard:FishingNets","infinitespire:NeuralNetwork","infinitespire:NeuralNetwork","blackbeard:PirateEarring+1","blackbeard:PirateEarring+1","blackbeard:Toast+1","jedi:cleanse","Secret Technique","blackbeard:TacticalRetreat+1"],"relics":["blackbeard:LoadTheCannons","relicPack:InfinityGauntlet","infinitespire:DarkRift","WarpedTongs","infinitespire:Midas Blood","Odd Mushroom","CCEMRelics:GrindingGear","ClockworkSouvenir","Replay:Rubber Ducky","Runesmith:AutoHammer","jedi:bottledfury","halation:Thesaurus","hubris:HerbalPaste","conspire:RoyalGoblet","halation:NonexistentMirror","conspire:InfiniteJournal","DemoMod:GlassGuonStoneRelic","Pantograph"],"acts_visited":["Exordium","TheCity","TheBeyond"],"potions_floor_usage":[16,22,26,31,31,33,33,35,35,35,37,39,41,41,41,43,43,43,45,48],"damage_taken":[{"damage":0,"enemies":"2 Louse","floor":1,"turns":2},{"damage":9,"enemies":"Jaw Worm","floor":3,"turns":4},{"damage":0,"enemies":"conspire:RoseBush","floor":4,"turns":2},{"damage":3,"enemies":"Looter","floor":5,"turns":4},{"damage":15,"enemies":"3 Sentries","floor":7,"turns":5},{"damage":29,"enemies":"The Mushroom Lair","floor":8,"turns":5},{"damage":6,"enemies":"conspire:2 RoseBushes","floor":10,"turns":7},{"damage":10,"enemies":"Hexaghost","floor":16,"turns":9},{"damage":0,"enemies":"Chosen","floor":18,"turns":5},{"damage":13,"enemies":"2 Thieves","floor":21,"turns":4},{"damage":44,"enemies":"3 Cultists","floor":22,"turns":5},{"damage":1,"enemies":"conspire:HollyBat","floor":25,"turns":4},{"damage":0,"enemies":"Sentry and Sphere","floor":26,"turns":5},{"damage":11,"enemies":"Sentry and Sphere","floor":27,"turns":6},{"damage":4,"enemies":"Cultist and Chosen","floor":29,"turns":5},{"damage":12,"enemies":"Snake Plant","floor":31,"turns":5},{"damage":16,"enemies":"Collector","floor":33,"turns":9},{"damage":6,"enemies":"Orb Walker","floor":35,"turns":5},{"damage":3,"enemies":"3 Shapes","floor":37,"turns":5},{"damage":31,"enemies":"Transient","floor":39,"turns":5},{"damage":3,"enemies":"Maw","floor":41,"turns":8},{"damage":5,"enemies":"Jaw Worm Horde","floor":43,"turns":10},{"damage":7,"enemies":"Jaw Worm Horde","floor":45,"turns":4},{"damage":0,"enemies":"3 Darklings","floor":48,"turns":5},{"damage":0,"enemies":"Replay:Hell Engine","floor":50,"turns":1}],"seed_played":"-105676527591957252","potions_obtained":[{"floor":5,"key":"Elixir"},{"floor":7,"key":"Explosive Potion"},{"floor":10,"key":"blackbeard:RumPotion"},{"floor":16,"key":"ColorlessPotion"},{"floor":27,"key":"Energy Potion"},{"floor":33,"key":"AttackPotion"},{"floor":41,"key":"Regen Potion"},{"floor":45,"key":"Explosive Potion"}],"is_trial":false,"path_per_floor":["M","?","M","M","M","R","E","?","T","M","R","$","R","?","R","B",null,"M","?","T","M","M","R","$","M","MIM","M","R","M","?","M","R","B",null,"M","?","M","AVR","M","R","M","R","MIM","?","M","R","$","M","R_BF","B",null],"character_chosen":"BLACKBEARD_CLASS","items_purchased":["ClockworkSouvenir","blackbeard:PowderKeg","blackbeard:RearmingStrike","blackbeard:WeaponProficiency","blackbeard:Shrapnel","relicPack:InfinityGauntlet"],"campfire_rested":2,"item_purchase_floors":[12,12,12,24,24,47],"current_hp_per_floor":[75,75,66,66,72,72,57,28,28,22,22,22,22,22,44,34,75,75,75,75,62,18,40,40,55,55,60,60,56,56,58,58,48,75,70,70,73,73,52,52,71,71,70,70,74,74,74,75,75,75],"gold":62,"neow_bonus":"NOSTALGIA","is_daily":false,"chose_seed":false,"campfire_upgraded":8,"win_rate":0.0,"timestamp":1613493781,"path_taken":["M","?","M","?","M","R","E","?","T","M","R","$","R","?","R","BOSS","M","?","?","M","M","R","$","M","MIM","M","R","M","?","M","R","BOSS","M","?","M","AVR","M","R","M","R","MIM","?","M","R","$","M","R_BF","BOSS"],"items_purchased_type":["Relic","Card","Card","Card","Card","Relic"],"build_version":"2020-12-13","purchased_purges":3,"victory":true,"max_hp_per_floor":[75,75,75,75,75,75,75,75,75,75,75,75,75,75,75,75,75,75,75,75,75,75,75,75,75,75,75,75,75,75,75,75,75,75,75,75,75,75,75,75,75,75,75,75,75,75,75,75,75,75],"relic_stats":{"counters":[67,316],"Pantograph":0,"obtain_stats":[{"ReplayTheSpireMod:Ring of Exchange":10,"conspire:RoyalGoblet":34,"DemoMod:GlassGuonStoneRelic":2,"jedi:bottledfury":26,"PrismaticShard":10,"relicPack:InfinityGauntlet":47,"CCEMRelics:DerglesHeadphones":41,"ClockworkSouvenir":12,"Replay:Rubber Ducky":14,"conspire:InfiniteJournal":43,"conspire:SeveredTorchhead":17,"hubris:HerbalPaste":30,"StuffTheSpire:HeavyRock":26,"aspiration:AnachronicSnailShell":31,"Pantograph":49,"Replay:Wax Seal":43,"hubris:TinFlute":21,"Potion Belt":9,"NeowsBlessing":0,"Golden Idol":8,"aspiration:Nostalgia":0,"blackbeard:LoadTheCannons":3,"Oddly Smooth Stone":20,"Pen Nib":28,"infinitespire:Joker Card":0,"infinitespire:Beetle Shell":0,"CCEMRelics:CocoNut":8,"infinitespire:Lucky Rock":20,"halation:Thesaurus":30,"Odd Mushroom":8,"WarpedTongs":2,"halation:NonexistentMirror":38,"Replay:Baseball":31,"infinitespire:DarkRift":0,"CCEMRelics:GrindingGear":9,"Durian":6,"Runesmith:AutoHammer":20,"jedi:command_shop":30,"hermit:Momento":0,"DemoMod:VorpalBullet":9,"infinitespire:Midas Blood":7},{"ReplayTheSpireMod:Ring of Exchange":33,"conspire:RoyalGoblet":59,"DemoMod:GlassGuonStoneRelic":2,"jedi:bottledfury":55,"PrismaticShard":8,"relicPack:InfinityGauntlet":65,"CCEMRelics:DerglesHeadphones":24,"ClockworkSouvenir":49,"Replay:Rubber Ducky":49,"conspire:InfiniteJournal":64,"conspire:SeveredTorchhead":12,"hubris:HerbalPaste":57,"StuffTheSpire:HeavyRock":16,"aspiration:AnachronicSnailShell":18,"Pantograph":66,"Replay:Wax Seal":25,"hubris:TinFlute":40,"Potion Belt":8,"NeowsBlessing":0,"Golden Idol":7,"aspiration:Nostalgia":42,"blackbeard:LoadTheCannons":30,"Oddly Smooth Stone":13,"Pen Nib":17,"infinitespire:Joker Card":27,"infinitespire:Beetle Shell":27,"CCEMRelics:CocoNut":33,"infinitespire:Lucky Rock":13,"halation:Thesaurus":57,"Odd Mushroom":48,"WarpedTongs":43,"halation:NonexistentMirror":61,"Replay:Baseball":18,"infinitespire:DarkRift":42,"CCEMRelics:GrindingGear":48,"Durian":6,"Runesmith:AutoHammer":51,"jedi:command_shop":57,"hermit:Momento":0,"DemoMod:VorpalBullet":33,"infinitespire:Midas Blood":47},{"ReplayTheSpireMod:Ring of Exchange":150,"conspire:RoyalGoblet":273,"DemoMod:GlassGuonStoneRelic":2,"jedi:bottledfury":248,"PrismaticShard":26,"relicPack:InfinityGauntlet":310,"CCEMRelics:DerglesHeadphones":111,"ClockworkSouvenir":216,"Replay:Rubber Ducky":216,"conspire:InfiniteJournal":306,"conspire:SeveredTorchhead":52,"hubris:HerbalPaste":259,"StuffTheSpire:HeavyRock":70,"aspiration:AnachronicSnailShell":82,"Pantograph":315,"Replay:Wax Seal":116,"hubris:TinFlute":177,"Potion Belt":26,"NeowsBlessing":0,"Golden Idol":18,"aspiration:Nostalgia":187,"blackbeard:LoadTheCannons":139,"Oddly Smooth Stone":57,"Pen Nib":76,"infinitespire:Joker Card":132,"infinitespire:Beetle Shell":132,"CCEMRelics:CocoNut":150,"infinitespire:Lucky Rock":57,"halation:Thesaurus":259,"Odd Mushroom":209,"WarpedTongs":189,"halation:NonexistentMirror":283,"Replay:Baseball":82,"infinitespire:DarkRift":187,"CCEMRelics:GrindingGear":209,"Durian":15,"Runesmith:AutoHammer":230,"jedi:command_shop":259,"hermit:Momento":0,"DemoMod:VorpalBullet":150,"infinitespire:Midas Blood":204}],"WarpedTongs":[127]},"card_choices":[{"not_picked":["blackbeard:CannonBarrage","blackbeard:GoldenStrike"],"picked":"blackbeard:CloakAndCannonball","floor":1},{"not_picked":["blackbeard:DeadlyArsenal","blackbeard:PiratesWill"],"picked":"blackbeard:DangerousBlow","floor":3},{"not_picked":["blackbeard:Spear","blackbeard:ArmorUp"],"picked":"blackbeard:BrownPants","floor":4},{"not_picked":["blackbeard:CaptainsCabin","blackbeard:Sword"],"picked":"blackbeard:Salvager","floor":5},{"not_picked":["blackbeard:PiratesWill","blackbeard:InfiniteBarrage"],"picked":"blackbeard:CatONineTails","floor":7},{"not_picked":["blackbeard:Fencing","blackbeard:Scrap"],"picked":"blackbeard:FishingNets","floor":8},{"not_picked":["blackbeard:Anchor","blackbeard:CannonBarrage"],"picked":"blackbeard:Rum","floor":10},{"not_picked":["blackbeard:HumongousCannonball","blackbeard:Lifeboat"],"picked":"blackbeard:Intoxication","floor":16},{"not_picked":["blackbeard:FishingNets","blackbeard:AgileStrike+1"],"picked":"blackbeard:FieryDefense+1","floor":18},{"not_picked":["Violence+1","Metamorphosis+1"],"picked":"expansioncontent:QuickStudy+1","floor":19},{"not_picked":["blackbeard:Revenge","blackbeard:Sharpening"],"picked":"blackbeard:SwordDance+1","floor":21},{"not_picked":["blackbeard:GoldenDefense","blackbeard:GhostInTheRum"],"picked":"blackbeard:PowderKeg+1","floor":22},{"not_picked":["blackbeard:Upgrade","blackbeard:Bandana"],"picked":"blackbeard:Provisioning","floor":25},{"not_picked":["blackbeard:SwordDance","blackbeard:Revenge+1"],"picked":"blackbeard:CaptainsHat","floor":26},{"not_picked":["blackbeard:Sword","blackbeard:DoubleCannonball"],"picked":"blackbeard:FieryDefense","floor":27},{"not_picked":["blackbeard:PiratesWill","blackbeard:BrownPants"],"picked":"blackbeard:TacticalRetreat+1","floor":29},{"not_picked":["blackbeard:RearmingStrike","blackbeard:ArmorUp"],"picked":"blackbeard:Fencing","floor":31},{"not_picked":["blackbeard:BountyHunter","blackbeard:ReapersScythe"],"picked":"blackbeard:PowerHungry","floor":33},{"not_picked":["blackbeard:CannonBarrage+1","blackbeard:Spear+1","blackbeard:GoldenStrike"],"picked":"SKIP","floor":35},{"not_picked":["blackbeard:RearmingStrike+1","blackbeard:ChaoticDefense"],"picked":"blackbeard:FishingNets","floor":37},{"not_picked":["blackbeard:WiseDefense+1","blackbeard:Dagger"],"picked":"blackbeard:PirateEarring+1","floor":39},{"not_picked":["blackbeard:PiratesWill+1","blackbeard:VengefulSpirit+1","blackbeard:SwordDance+1"],"picked":"SKIP","floor":41},{"not_picked":["blackbeard:Sword+1","blackbeard:PiratesWill+1"],"picked":"blackbeard:Toast+1","floor":43},{"not_picked":["expansioncontent:DarkVoid","Impatience"],"picked":"jedi:cleanse","floor":44},{"not_picked":["ReplayTheSpireMod:Brewmster","expansioncontent:LastStand"],"picked":"Secret Technique","floor":44},{"not_picked":["blackbeard:BeatUp","blackbeard:Sword","blackbeard:PiratesWill"],"picked":"SKIP","floor":45},{"not_picked":["blackbeard:CannonBarrage+1","blackbeard:GoldenCannonball"],"picked":"blackbeard:TacticalRetreat+1","floor":48}],"player_experience":52693,"relics_obtained":[{"floor":7,"key":"infinitespire:Midas Blood"},{"floor":8,"key":"Odd Mushroom"},{"floor":9,"key":"CCEMRelics:GrindingGear"},{"floor":20,"key":"Runesmith:AutoHammer"},{"floor":26,"key":"jedi:bottledfury"},{"floor":43,"key":"conspire:InfiniteJournal"},{"floor":49,"key":"Pantograph"}],"event_choices":[{"damage_healed":0,"gold_gain":0,"player_choice":"Rummage","damage_taken":0,"relics_obtained":["WarpedTongs"],"max_hp_gain":0,"max_hp_loss":0,"event_name":"Accursed Blacksmith","floor":2,"gold_loss":0,"cards_obtained":["Pain"]},{"damage_healed":0,"gold_gain":0,"player_choice":"Fought Mushrooms","damage_taken":0,"max_hp_gain":0,"max_hp_loss":0,"event_name":"Mushrooms","floor":8,"gold_loss":0},{"damage_healed":0,"gold_gain":225,"player_choice":"YARR","damage_taken":0,"relics_obtained":["Replay:Rubber Ducky"],"max_hp_gain":0,"max_hp_loss":0,"event_name":"blackbeard:Ssssserpent","floor":14,"gold_loss":0},{"damage_healed":0,"gold_gain":0,"player_choice":"2","damage_taken":0,"max_hp_gain":0,"max_hp_loss":0,"event_name":"betterMatch:BetterMatch","floor":19,"gold_loss":0,"cards_obtained":["betterMatch:ColorlessRareCard"]},{"damage_healed":0,"gold_gain":0,"player_choice":"Copied","damage_taken":0,"max_hp_gain":0,"max_hp_loss":0,"event_name":"Duplicator","floor":36,"gold_loss":0,"cards_obtained":["blackbeard:BlackbeardDefend"]},{"damage_healed":0,"gold_gain":3,"player_choice":"1","damage_taken":0,"max_hp_gain":0,"max_hp_loss":0,"event_name":"betterStone:BetterStone","floor":44,"gold_loss":0}],"is_beta":false,"boss_relics":[{"not_picked":["Runesmith:UraniumAnvil","Runic Pyramid","StuffTheSpire:RunicHypercube"]},{"not_picked":["aspiration:RunicSpoon","aspiration:RitualDagger"],"picked":"conspire:RoyalGoblet"}],"items_purged_floors":[24,38,47],"is_endless":false,"potions_floor_spawned":[5,7,10,16,21,27,31,33,39,41,45],"ascension_level":0}}