{"host":"xem0ils3rh1wti7f","time":1613479214,"event":{"mods":["BaseMod","Colored Map","Highlight Path","Minty Spire (QoL Compilation)"],"gold_per_floor":[113,113,132,132,145,171,188,188,188,205,205,237,237,255,255,356,356,367,53,69,79,0,25,25,105,130,30,30,30,30,47,47,143,143,155,168,168,168,187,187,200,200,200,200,225,239,252,252,252,252],"floor_reached":51,"language":"ENG","playtime":3833,"items_purged":["Defend_B","Strike_B"],"score":727,"play_id":"0cd93d61-74d5-4a7e-b137-941c2806cd60","local_time":"20210216134014","is_ascension_mode":false,"campfire_choices":[{"data":"Sweeping Beam","floor":8,"key":"SMITH"},{"data":"Beam Cell","floor":11,"key":"SMITH"},{"data":"Conserve Battery","floor":13,"key":"SMITH"},{"data":"Go for the Eyes","floor":15,"key":"SMITH"},{"floor":24,"key":"REST"},{"data":"Machine Learning","floor":28,"key":"SMITH"},{"data":"Defragment","floor":32,"key":"SMITH"},{"data":"Loop","floor":40,"key":"SMITH"},{"data":"Capacitor","floor":42,"key":"SMITH"},{"data":"Madness","floor":44,"key":"SMITH"},{"floor":49,"key":"REST"}],"circlet_count":0,"master_deck":["Strike_B","Strike_B","Defend_B","Defend_B","Zap+1","Dualcast","Go for the Eyes+1","Sweeping Beam+1","Beam Cell+1","Compile Driver","Conserve Battery+1","Machine Learning+1","Loop+1","Sweeping Beam+1","Capacitor+1","Coolheaded","Ball Lightning","Defragment+1","Echo Form","Force Field","Madness","Madness+1"],"relics":["Cracked Core","Prayer Wheel","Eternal Feather","Shuriken","Black Star","HandDrill","HornCleat","Torii","Pear","Bag of Preparation","Strawberry","Busted Crown","Gremlin Horn","Unceasing Top","Meat on the Bone"],"acts_visited":["Exordium","TheCity","TheBeyond"],"potions_floor_usage":[6,29,33,50,50,50],"damage_taken":[{"damage":2,"enemies":"Small Slimes","floor":1,"turns":3},{"damage":4,"enemies":"Cultist","floor":3,"turns":4},{"damage":0,"enemies":"2 Louse","floor":5,"turns":3},{"damage":11,"enemies":"Lagavulin","floor":6,"turns":6},{"damage":6,"enemies":"Lots of Slimes","floor":7,"turns":3},{"damage":3,"enemies":"2 Fungi Beasts","floor":10,"turns":3},{"damage":11,"enemies":"3 Sentries","floor":12,"turns":5},{"damage":5,"enemies":"Exordium Wildlife","floor":14,"turns":3},{"damage":28,"enemies":"The Guardian","floor":16,"turns":7},{"damage":10,"enemies":"3 Byrds","floor":18,"turns":4},{"damage":15,"enemies":"Spheric Guardian","floor":20,"turns":4},{"damage":29,"enemies":"Cultist and Chosen","floor":21,"turns":6},{"damage":27,"enemies":"Book of Stabbing","floor":23,"turns":6},{"damage":0,"enemies":"Slavers","floor":29,"turns":1},{"damage":12,"enemies":"Shelled Parasite and Fungi","floor":31,"turns":3},{"damage":41,"enemies":"Champ","floor":33,"turns":8},{"damage":8,"enemies":"3 Darklings","floor":35,"turns":3},{"damage":21,"enemies":"3 Shapes","floor":36,"turns":4},{"damage":31,"enemies":"Spire Growth","floor":39,"turns":5},{"damage":0,"enemies":"Maw","floor":41,"turns":6},{"damage":0,"enemies":"Giant Head","floor":45,"turns":8},{"damage":28,"enemies":"4 Shapes","floor":46,"turns":5},{"damage":13,"enemies":"Spire Growth","floor":47,"turns":5},{"damage":39,"enemies":"Time Eater","floor":50,"turns":8}],"seed_played":"-4542792394166321260","potions_obtained":[{"floor":3,"key":"BlessingOfTheForge"},{"floor":12,"key":"Explosive Potion"},{"floor":16,"key":"SmokeBomb"},{"floor":23,"key":"AttackPotion"},{"floor":31,"key":"Dexterity Potion"},{"floor":33,"key":"Ancient Potion"},{"floor":35,"key":"Strength Potion"},{"floor":41,"key":"LiquidBronze"}],"is_trial":false,"path_per_floor":["M","?","M","?","M","E","M","R","T","M","R","E","R","M","R","B",null,"M","$","M","M","?","E","R","T","T","$","R","E","?","M","R","B",null,"M","M","?","?","M","R","M","R","T","R","E","M","M","?","R","B",null],"character_chosen":"DEFECT","items_purchased":["HandDrill","Capacitor"],"campfire_rested":2,"item_purchase_floors":[19,19],"current_hp_per_floor":[80,80,76,76,76,65,59,59,59,56,62,51,57,52,58,30,82,72,72,57,28,28,1,34,44,44,44,53,53,60,48,57,16,99,91,70,58,58,27,39,39,51,51,63,63,47,46,46,87,60],"gold":252,"neow_bonus":"TEN_PERCENT_HP_BONUS","is_daily":false,"chose_seed":false,"campfire_upgraded":9,"win_rate":0.0,"timestamp":1613479214,"path_taken":["M","?","?","?","M","E","M","R","T","M","R","E","R","M","R","BOSS","M","$","M","?","?","E","R","?","T","$","R","E","?","M","R","BOSS","M","?","?","?","?","R","M","R","T","R","E","?","M","?","R","BOSS"],"items_purchased_type":["Relic","Card"],"build_version":"2020-12-22","purchased_purges":2,"victory":true,"max_hp_per_floor":[82,82,82,82,82,82,82,82,82,82,82,82,82,82,82,82,82,82,82,82,82,82,82,82,92,92,92,92,92,99,99,99,99,99,99,99,99,99,99,99,99,99,99,99,99,99,99,99,99,99],"card_choices":[{"not_picked":["Rebound","Storm"],"picked":"Go for the Eyes","floor":1},{"not_picked":["Reinforced Body","Cold Snap"],"picked":"Sweeping Beam","floor":3},{"not_picked":["Genetic Algorithm","Leap"],"picked":"Beam Cell","floor":5},{"not_picked":["Cold Snap","Biased Cognition"],"picked":"Compile Driver","floor":6},{"not_picked":["Sunder","Gash","Consume"],"picked":"SKIP","floor":7},{"not_picked":["Steam","Stack","Skim"],"picked":"SKIP","floor":7},{"not_picked":["Leap","Steam","Rip and Tear"],"picked":"SKIP","floor":10},{"not_picked":["Hello World","Fusion","Rebound"],"picked":"SKIP","floor":10},{"not_picked":["Turbo","Skim"],"picked":"Conserve Battery","floor":12},{"not_picked":["Fission","Streamline","Aggregate"],"picked":"SKIP","floor":14},{"not_picked":["Beam Cell","Streamline","Aggregate"],"picked":"SKIP","floor":14},{"not_picked":["Echo Form","Multi-Cast"],"picked":"Machine Learning","floor":16},{"not_picked":["Steam Power+1","Stack"],"picked":"Loop","floor":18},{"not_picked":["Sunder+1","Rip and Tear"],"picked":"Sweeping Beam+1","floor":18},{"not_picked":["Streamline","Redo"],"picked":"Coolheaded","floor":20},{"not_picked":["Capacitor","Doom and Gloom","Seek"],"picked":"SKIP","floor":20},{"not_picked":["Cold Snap","Chaos+1","Turbo"],"picked":"SKIP","floor":21},{"not_picked":["Reinforced Body","Compile Driver","Barrage"],"picked":"SKIP","floor":21},{"not_picked":["FTL","Cold Snap"],"picked":"Ball Lightning","floor":23},{"not_picked":["Skim","Barrage"],"picked":"Defragment","floor":31},{"not_picked":["Cold Snap+1","Sweeping Beam","White Noise"],"picked":"SKIP","floor":31},{"not_picked":["All For One","Creative AI"],"picked":"Echo Form","floor":33},{"not_picked":["Stack"],"picked":"SKIP","floor":35},{"not_picked":["Rebound+1"],"picked":"SKIP","floor":35},{"not_picked":[],"picked":"Force Field","floor":36},{"not_picked":["Chill+1"],"picked":"SKIP","floor":36},{"not_picked":["Reprogram+1"],"picked":"SKIP","floor":39},{"not_picked":["White Noise+1"],"picked":"SKIP","floor":39},{"not_picked":["Reprogram"],"picked":"SKIP","floor":41},{"not_picked":["Chaos+1"],"picked":"SKIP","floor":41},{"not_picked":["Seek"],"picked":"SKIP","floor":45},{"not_picked":["Darkness"],"picked":"SKIP","floor":46},{"not_picked":["Sunder+1"],"picked":"SKIP","floor":46},{"not_picked":["Ball Lightning"],"picked":"SKIP","floor":47},{"not_picked":["Barrage"],"picked":"SKIP","floor":47}],"player_experience":38723,"relics_obtained":[{"floor":6,"key":"Prayer Wheel"},{"floor":9,"key":"Eternal Feather"},{"floor":12,"key":"Shuriken"},{"floor":23,"key":"HornCleat"},{"floor":23,"key":"Torii"},{"floor":25,"key":"Pear"},{"floor":26,"key":"Bag of Preparation"},{"floor":43,"key":"Gremlin Horn"},{"floor":45,"key":"Unceasing Top"},{"floor":45,"key":"Meat on the Bone"}],"event_choices":[{"damage_healed":0,"gold_gain":0,"player_choice":"Upgraded","damage_taken":0,"max_hp_gain":0,"max_hp_loss":0,"event_name":"Upgrade Shrine","floor":2,"gold_loss":0,"cards_upgraded":["Zap"]},{"cards_removed":["Strike_B"],"damage_healed":0,"gold_gain":0,"player_choice":"Offered Basic","damage_taken":0,"max_hp_gain":0,"max_hp_loss":0,"event_name":"Bonfire Elementals","floor":4,"gold_loss":0},{"damage_healed":0,"gold_gain":0,"player_choice":"Paid Fearfully","damage_taken":0,"max_hp_gain":0,"max_hp_loss":0,"event_name":"Masked Bandits","floor":22,"gold_loss":79},{"damage_healed":0,"gold_gain":0,"player_choice":"Gave Potion","damage_taken":0,"relics_obtained":["Strawberry"],"max_hp_gain":0,"max_hp_loss":0,"event_name":"WeMeetAgain","floor":30,"gold_loss":0},{"damage_healed":0,"gold_gain":0,"player_choice":"Embrace Madness","damage_taken":12,"max_hp_gain":0,"max_hp_loss":0,"event_name":"Winding Halls","floor":37,"gold_loss":0,"cards_obtained":["Madness","Madness"]},{"damage_healed":0,"gold_gain":0,"player_choice":"Bought 0 Potions","damage_taken":0,"max_hp_gain":0,"max_hp_loss":0,"event_name":"The Woman in Blue","floor":38,"gold_loss":0},{"cards_removed":["Defend_B"],"damage_healed":0,"gold_gain":0,"player_choice":"Purged","damage_taken":0,"max_hp_gain":0,"max_hp_loss":0,"event_name":"Purifier","floor":48,"gold_loss":0}],"is_beta":false,"boss_relics":[{"not_picked":["SlaversCollar","Sozu"],"picked":"Black Star"},{"not_picked":["Runic Dome","Tiny House"],"picked":"Busted Crown"}],"items_purged_floors":[19,27],"is_endless":false,"potions_floor_spawned":[3,12,16,23,31,33,35,39,41,45,47],"ascension_level":0}}