{"host":"3goc4eg48gs58qxk","time":1613468500,"event":{"mods":["BaseMod","Better Note","Downfall","Minty Spire (QoL Compilation)","MostiFishMod","StSLib","Waifu the Spire"],"gold_per_floor":[114,114,126,51,51,51,76,76,147,164,175,175,175,100,100,205,205,217,217,217,64,83,83,115,133,133,133,146,181,200,220,220,323,323,334,346,360,360,377,377,410,410,410,460,460,460,460,487,487,487,487,487,487,514,514],"floor_reached":56,"language":"ZHS","playtime":2454,"items_purged":["Strike_B","MostiFishMod:Exploitation","Defend_B","Defend_B","Defend_B"],"score":1618,"play_id":"15120fef-b57f-4b42-ac5c-afae208d53bb","local_time":"20210216174140","is_ascension_mode":false,"campfire_choices":[{"data":"Zap","floor":6.0,"key":"SMITH"},{"data":"Capacitor","floor":8.0,"key":"SMITH"},{"data":"MostiFishMod:GatherIntelligence","floor":12.0,"key":"SMITH"},{"data":"Dualcast","floor":15.0,"key":"SMITH"},{"floor":23.0,"key":"RECALL"},{"data":"Glacier","floor":27.0,"key":"SMITH"},{"data":"Coolheaded","floor":32.0,"key":"SMITH"},{"data":"Fission","floor":40.0,"key":"SMITH"},{"data":"Coolheaded","floor":42.0,"key":"SMITH"},{"data":"Chaos","floor":47,"key":"SMITH"},{"data":"Loop","floor":49,"key":"SMITH"},{"data":"Heatsinks","floor":52,"key":"SMITH"}],"circlet_count":0,"master_deck":["Zap+1","Dualcast+1","Compile Driver+1","Self Repair","Cold Snap+1","Capacitor+1","Glacier+1","MostiFishMod:GatherIntelligence+1","MostiFishMod:ActiveDefenseSystem","Hologram+1","MostiFishMod:LinkProtocol+1","Heatsinks+1","Coolheaded+1","Coolheaded+1","Fission+1","Skim","Blizzard+1","Chaos+1","Loop+1","Turbo"],"relics":["Cracked Core","DaveBox","Civilization","Gremlin Horn","Mummified Hand","FaceOfCleric","Coffee Dripper","DiscerningMonocle","DianPoetry","Akabeko","Bag of Preparation","Cursed Key","Runic Capacitor","Blood Vial","Kunai","Molten Egg 2","BionicSphere","Whetstone","Bronze Scales","MostiFishMod:AdaptiveDefenses","Dream Catcher","Bag of Marbles","ImprovedEquipment","Orrery","Toy Ornithopter"],"acts_visited":["Exordium","TheCity","TheBeyond","TheEnding"],"potions_floor_usage":[55,55,55,55,55,55],"damage_taken":[{"damage":2.0,"enemies":"Small Slimes","floor":1.0,"turns":4.0},{"damage":0.0,"enemies":"Cultist","floor":3.0,"turns":3.0},{"damage":26.0,"enemies":"Lagavulin","floor":7.0,"turns":8.0},{"damage":0.0,"enemies":"2 Louse","floor":10.0,"turns":1.0},{"damage":0.0,"enemies":"Red Slaver","floor":11.0,"turns":2.0},{"damage":11.0,"enemies":"Slime Boss","floor":16.0,"turns":7.0},{"damage":0.0,"enemies":"Shell Parasite","floor":18.0,"turns":3.0},{"damage":0.0,"enemies":"Spheric Guardian","floor":22.0,"turns":2.0},{"damage":0.0,"enemies":"Gremlin Leader","floor":24.0,"turns":5.0},{"damage":0.0,"enemies":"Centurion and Healer","floor":25.0,"turns":4.0},{"damage":0.0,"enemies":"Sentry and Sphere","floor":28.0,"turns":4.0},{"damage":12.0,"enemies":"Slavers","floor":29.0,"turns":3.0},{"damage":0.0,"enemies":"Chosen and Byrds","floor":30.0,"turns":4.0},{"damage":0.0,"enemies":"3 Cultists","floor":31.0,"turns":4.0},{"damage":0.0,"enemies":"Champ","floor":33.0,"turns":7.0},{"damage":0.0,"enemies":"Orb Walker","floor":35.0,"turns":2.0},{"damage":0.0,"enemies":"3 Shapes","floor":36.0,"turns":4.0},{"damage":0.0,"enemies":"Maw","floor":37.0,"turns":6.0},{"damage":0.0,"enemies":"Sphere and 2 Shapes","floor":39.0,"turns":3.0},{"damage":4.0,"enemies":"Reptomancer","floor":41.0,"turns":4.0},{"damage":18,"enemies":"Mind Bloom Boss Battle","floor":44,"turns":4},{"damage":0,"enemies":"Nemesis","floor":48,"turns":3},{"damage":0,"enemies":"Time Eater","floor":50,"turns":7},{"damage":0,"enemies":"Shield and Spear","floor":54,"turns":2},{"damage":0,"enemies":"The Heart","floor":55,"turns":4}],"seed_played":"-808952589161550102","potions_obtained":[{"floor":1.0,"key":"SpeedPotion"},{"floor":3.0,"key":"Weak Potion"},{"floor":5.0,"key":"EntropicBrew"},{"floor":5.0,"key":"PowerPotion"},{"floor":31.0,"key":"Dexterity Potion"},{"floor":39.0,"key":"DistilledChaos"}],"is_trial":false,"path_per_floor":["M","?","M","$","?","R","E","R","T","M","M","R","?","$","R","B",null,"M","?","?","$","M","R","E","M","T","R","M","E","M","M","R","B",null,"M","M","M","$","M","R","E","R","T","?","$","?","R","E","R","B",null,"R","$","E","B",null],"character_chosen":"DEFECT","items_purchased":["Capacitor","DiscerningMonocle","DianPoetry","Runic Capacitor","Blood Vial","Kunai","LiquidMemories","Blizzard+1","Chaos","Whetstone","Bronze Scales","MostiFishMod:AdaptiveDefenses","Loop","Bag of Marbles","ImprovedEquipment","Orrery"],"campfire_rested":0,"item_purchase_floors":[4,21,21,38,38,38,38,45,45,45,45,45,45,53,53,53],"current_hp_per_floor":[54,54,64,64,64,64,49,49,49,61,73,73,73,73,73,75,100,106,106,106,106,112,112,118,124,124,124,130,131,142,148,148,154,154,160,166,172,172,178,178,184,184,184,179,179,179,179,194,194,202,202,202,202,208,214],"gold":514,"neow_bonus":"TRANSFORM_TWO_CARDS","is_daily":false,"chose_seed":false,"campfire_upgraded":11,"win_rate":0.0,"timestamp":1613468500,"path_taken":["M","?","?","$","?","R","E","R","T","M","?","R","?","$","R","BOSS","M","?","?","$","?","R","E","M","T","R","M","E","M","M","R","BOSS","M","M","?","$","?","R","E","R","T","?","$","?","R","E","R","BOSS","R","$","E","BOSS"],"items_purchased_type":["Card","Relic","Relic","Relic","Relic","Relic","Potion","Card","Card","Relic","Relic","Relic","Card","Relic","Relic","Relic"],"build_version":"2020-12-22","purchased_purges":5,"victory":true,"max_hp_per_floor":[77,77,80,80,80,80,84,84,84,89,94,94,94,94,94,100,100,106,106,106,106,112,112,118,124,124,124,130,136,142,148,148,154,154,160,166,172,172,178,178,184,184,184,190,190,190,190,196,196,202,202,202,202,208,214],"card_choices":[{"not_picked":["MostiFishMod:FluxCapactior","Go for the Eyes","Fusion"],"picked":"SKIP","floor":1.0},{"not_picked":["Consume","Barrage"],"picked":"Cold Snap","floor":3.0},{"not_picked":["Go for the Eyes","Consume"],"picked":"Glacier","floor":7.0},{"not_picked":["Storm","Coolheaded"],"picked":"MostiFishMod:GatherIntelligence","floor":10.0},{"not_picked":["Storm","Beam Cell","Conserve Battery"],"picked":"SKIP","floor":11.0},{"not_picked":["All For One","Hyperbeam"],"picked":"MostiFishMod:ActiveDefenseSystem","floor":16.0},{"not_picked":["Redo+1","Glacier"],"picked":"Hologram+1","floor":18.0},{"not_picked":["Compile Driver+1","Leap","Steam"],"picked":"SKIP","floor":22.0},{"not_picked":["Rebound","Self Repair","Sweeping Beam"],"picked":"SKIP","floor":24.0},{"not_picked":["Rebound","Streamline"],"picked":"MostiFishMod:LinkProtocol+1","floor":25.0},{"not_picked":["Stack","Rebound"],"picked":"Heatsinks","floor":28.0},{"not_picked":["Sweeping Beam+1","MostiFishMod:ActiveDefenseSystem"],"picked":"Coolheaded","floor":29.0},{"not_picked":["Go for the Eyes","Fusion"],"picked":"Coolheaded","floor":30.0},{"not_picked":["Aggregate","Streamline","Steam"],"picked":"SKIP","floor":31.0},{"not_picked":["Aggregate","Streamline","Steam"],"picked":"SKIP","floor":31.0},{"not_picked":["MostiFishMod:ActiveDefenseSystem","Rainbow"],"picked":"Fission","floor":33.0},{"not_picked":["Undo+1","Compile Driver+1","Barrage"],"picked":"SKIP","floor":35.0},{"not_picked":["Stack","Barrage"],"picked":"Skim","floor":36.0},{"not_picked":["Compile Driver","Reinforced Body","Coolheaded"],"picked":"SKIP","floor":37.0},{"not_picked":["Rebound","Streamline+1","Hologram"],"picked":"SKIP","floor":39.0},{"not_picked":["Chill","Gash+1","Stack"],"picked":"SKIP","floor":41.0},{"not_picked":["Leap+1","Go for the Eyes+1","Coolheaded"],"picked":"SKIP","floor":48},{"not_picked":["Stack","Chaos+1"],"picked":"Turbo","floor":53},{"not_picked":["White Noise","MostiFishMod:Exploitation","Lockon+1"],"picked":"SKIP","floor":54}],"player_experience":484209,"relics_obtained":[{"floor":7.0,"key":"Gremlin Horn"},{"floor":9.0,"key":"Mummified Hand"},{"floor":24.0,"key":"Akabeko"},{"floor":29.0,"key":"Bag of Preparation"},{"floor":41.0,"key":"Molten Egg 2"},{"floor":44,"key":"BionicSphere"},{"floor":48,"key":"Dream Catcher"},{"floor":54,"key":"Toy Ornithopter"}],"event_choices":[{"damage_healed":0.0,"max_hp_gain":0.0,"max_hp_loss":0.0,"gold_gain":0.0,"cards_transformed":["Defend_B"],"event_name":"Transmorgrifier","player_choice":"Transformed","floor":2.0,"gold_loss":0.0,"damage_taken":0.0,"cards_obtained":["Self Repair"]},{"damage_healed":0.0,"max_hp_gain":0.0,"max_hp_loss":0.0,"gold_gain":0.0,"event_name":"Lab","player_choice":"Got Potions","floor":5.0,"gold_loss":0.0,"damage_taken":0.0},{"damage_healed":0.0,"max_hp_gain":0.0,"max_hp_loss":0.0,"gold_gain":0.0,"event_name":"FaceTrader","player_choice":"Trade","floor":13.0,"gold_loss":0.0,"damage_taken":0.0,"relics_obtained":["FaceOfCleric"]},{"damage_healed":0.0,"max_hp_gain":0.0,"max_hp_loss":0.0,"gold_gain":0.0,"event_name":"betterNote:BetterNote","player_choice":"Ignored","floor":19.0,"gold_loss":0.0,"damage_taken":0.0,"cards_obtained":["Scrawl"]},{"cards_removed":["Strike_B"],"damage_healed":0.0,"max_hp_gain":0.0,"max_hp_loss":0.0,"gold_gain":0.0,"event_name":"Purifier","player_choice":"Purged","floor":20.0,"gold_loss":0.0,"damage_taken":0.0},{"damage_healed":0,"gold_gain":0,"player_choice":"Fight","damage_taken":0,"max_hp_gain":0,"max_hp_loss":0,"event_name":"MindBloom","floor":44,"gold_loss":0},{"damage_healed":0,"gold_gain":0,"player_choice":"Ignored","damage_taken":0,"max_hp_gain":0,"max_hp_loss":0,"event_name":"Tomb of Lord Red Mask","floor":46,"gold_loss":0}],"is_beta":false,"boss_relics":[{"not_picked":["PatriotShield","Astrolabe"],"picked":"Coffee Dripper"},{"not_picked":["RhineFirstAidKit","JellyFishMachine"],"picked":"Cursed Key"}],"items_purged_floors":[14,21,38,45,53],"is_endless":false,"potions_floor_spawned":[1,3,10,18,29,31,35,39,44],"ascension_level":0}}