{"host":"zlmf7uudqr1sj8t0","time":1613456750,"event":{"mods":["BaseMod","Colored Map","DeckTracker","Highlight Path","Minty Spire (QoL Compilation)"],"gold_per_floor":[114,132,151,104,120,145,17,17,43,62,62,62,91,104,104,202,202,220,220,236,246,206,206,225,225,248,248,258,275,275,275],"floor_reached":30,"language":"ENG","playtime":1786,"items_purged":["Defend_B"],"score":306,"play_id":"914a6f28-316a-4daa-be9c-f54a28caad85","local_time":"20210215222550","is_ascension_mode":true,"campfire_choices":[{"data":"Static Discharge","floor":8,"key":"SMITH"},{"floor":11,"key":"REST"},{"data":"Dualcast","floor":15,"key":"SMITH"},{"floor":23,"key":"REST"},{"data":"Tempest","floor":25,"key":"SMITH"},{"data":"Lockon","floor":27,"key":"SMITH"}],"circlet_count":0,"master_deck":["Strike_B","Strike_B","Strike_B","Defend_B+1","Defend_B","Zap","Dualcast+1","Conserve Battery","Leap","Ball Lightning","Seek","Static Discharge+1","Tempest+1","Ball Lightning+1","Thunder Strike","Stack+1","Conserve Battery+1","Electrodynamics+1","Ball Lightning","Lockon+1","Consume+1"],"relics":["Cracked Core","Smiling Mask","Boot","CultistMask","Strawberry","Astrolabe","Ancient Tea Set"],"acts_visited":["Exordium","TheCity"],"potions_floor_usage":[16,16,29,30],"damage_taken":[{"damage":3,"enemies":"Jaw Worm","floor":1,"turns":4},{"damage":1,"enemies":"Cultist","floor":2,"turns":3},{"damage":11,"enemies":"Small Slimes","floor":3,"turns":4},{"damage":0,"enemies":"Red Slaver","floor":5,"turns":3},{"damage":28,"enemies":"Lagavulin","floor":6,"turns":6},{"damage":4,"enemies":"Looter","floor":10,"turns":3},{"damage":21,"enemies":"3 Sentries","floor":13,"turns":4},{"damage":5,"enemies":"Exordium Wildlife","floor":14,"turns":3},{"damage":20,"enemies":"The Guardian","floor":16,"turns":7},{"damage":18,"enemies":"Shell Parasite","floor":18,"turns":4},{"damage":25,"enemies":"2 Thieves","floor":20,"turns":3},{"damage":2,"enemies":"Chosen and Byrds","floor":21,"turns":3},{"damage":21,"enemies":"Centurion and Healer","floor":24,"turns":3},{"damage":11,"enemies":"Sentry and Sphere","floor":28,"turns":3},{"damage":9,"enemies":"Cultist and Chosen","floor":29,"turns":4},{"damage":25,"enemies":"Gremlin Leader","floor":30,"turns":2}],"seed_played":"464411859703987963","potions_obtained":[{"floor":1,"key":"FearPotion"},{"floor":2,"key":"SteroidPotion"},{"floor":10,"key":"Fire Potion"},{"floor":16,"key":"CultistPotion"},{"floor":20,"key":"SkillPotion"},{"floor":21,"key":"Regen Potion"}],"is_trial":false,"path_per_floor":["M","M","M","$","M","E","$","R","T","M","R","?","E","M","R","B",null,"M","?","M","M","?","R","M","R","T","R","M","M","E"],"character_chosen":"DEFECT","items_purchased":["Ball Lightning","Static Discharge"],"campfire_rested":2,"item_purchase_floors":[4,7],"current_hp_per_floor":[79,78,67,67,67,39,39,39,39,35,59,59,45,40,40,20,89,71,54,29,27,27,55,34,34,34,34,23,23,0,0],"gold":275,"neow_bonus":"TEN_PERCENT_HP_BONUS","is_daily":false,"chose_seed":false,"campfire_upgraded":4,"win_rate":0.0,"timestamp":1613456750,"path_taken":["M","M","M","$","M","E","$","R","T","M","R","?","E","?","R","BOSS","M","?","M","M","?","R","M","R","T","R","?","M","E"],"items_purchased_type":["Card","Card"],"build_version":"2020-12-22","purchased_purges":1,"victory":false,"max_hp_per_floor":[82,82,82,82,82,82,82,82,82,82,82,82,89,89,89,89,89,89,94,94,94,94,94,94,94,94,94,94,94,94,94],"card_choices":[{"not_picked":["Hologram","Aggregate"],"picked":"Conserve Battery","floor":1},{"not_picked":["Stack","Cold Snap"],"picked":"Leap","floor":2},{"not_picked":["Rebound","Go for the Eyes"],"picked":"Gash","floor":3},{"not_picked":["Coolheaded","Fusion"],"picked":"Seek","floor":5},{"not_picked":["Auto Shields","Streamline","Turbo"],"picked":"SKIP","floor":6},{"not_picked":["Cold Snap","Glacier","Doom and Gloom"],"picked":"SKIP","floor":10},{"not_picked":["Redo","Sweeping Beam"],"picked":"Tempest","floor":13},{"not_picked":["Rebound","Melter"],"picked":"Ball Lightning","floor":14},{"not_picked":["Creative AI","Reboot"],"picked":"Thunder Strike","floor":16},{"not_picked":["Genetic Algorithm","Self Repair"],"picked":"Ball Lightning","floor":18},{"not_picked":["Doom and Gloom","Turbo"],"picked":"Lockon","floor":20},{"not_picked":["Beam Cell","Force Field+1","Hello World"],"picked":"SKIP","floor":21},{"not_picked":["Rebound+1","Turbo","Compile Driver"],"picked":"SKIP","floor":24},{"not_picked":["Streamline+1","Defragment"],"picked":"Consume+1","floor":28},{"not_picked":["Chill+1","Coolheaded+1","Barrage+1"],"picked":"SKIP","floor":29}],"player_experience":154283,"relics_obtained":[{"floor":6,"key":"Smiling Mask"},{"floor":9,"key":"Boot"},{"floor":13,"key":"Strawberry"},{"floor":26,"key":"Ancient Tea Set"}],"event_choices":[{"damage_healed":0,"gold_gain":0,"player_choice":"Trade","damage_taken":0,"relics_obtained":["CultistMask"],"max_hp_gain":0,"max_hp_loss":0,"event_name":"FaceTrader","floor":12,"gold_loss":0},{"damage_healed":0,"gold_gain":0,"player_choice":"Shed Blood","damage_taken":22,"max_hp_gain":5,"max_hp_loss":0,"event_name":"Forgotten Altar","floor":19,"gold_loss":0},{"damage_healed":0,"gold_gain":0,"player_choice":"Upgraded Two","damage_taken":0,"max_hp_gain":0,"max_hp_loss":0,"event_name":"Designer","floor":22,"gold_loss":40,"cards_upgraded":["Defend_B","Ball Lightning"]}],"is_beta":false,"boss_relics":[{"not_picked":["Busted Crown","Fusion Hammer"],"picked":"Astrolabe"}],"items_purged_floors":[7],"is_endless":false,"potions_floor_spawned":[1,2,10,16,20,21,28],"killed_by":"Gremlin Leader","ascension_level":3}}