{"host":"w1l5t0a1l2lkq6my","time":1613468011,"event":{"mods":["100% Spire Juice","Bartender","BaseMod","KinomotoSakuraMod(ñÿîVñ{?)","Lobotomy","LobotomyExtend","Magitek Elite","MarisaÅiñ∂âJÅ@ñÇóùçπÅj","Minty Spire (QoL Compilation)","StSLib","The Gatherer","The Senshi","Yuyuko"],"gold_per_floor":[109,109,59,86,86,86,143,143,188,241,241,251,251,270,270,391,441,478,237,275,275,291,291,291,291],"floor_reached":24,"language":"ENG","playtime":1607,"items_purged":["Defend_MRS"],"score":254,"play_id":"553e6186-1e10-41c4-9966-f00b0333cb54","local_time":"20210216023331","is_ascension_mode":false,"campfire_choices":[{"data":"WitchOfGreed","floor":6,"key":"SMITH"},{"data":"UpSweep","floor":8,"key":"SMITH"},{"data":"StarDustReverie","floor":15,"key":"SMITH"},{"data":"Apotheosis","floor":23,"key":"SMITH"}],"circlet_count":0,"master_deck":["Strike_MRS+1","Strike_MRS","Strike_MRS","Strike_MRS","Defend_MRS","Defend_MRS","Defend_MRS+1","UpSweep+1","LongBird","6A+1","WitchOfGreed+1","Wellcheers","FinalSpark","BigBadWolf","ShootingEcho","UniverseFragment","StarDustReverie+1","FieryBird","SuperPerseids","CherryBlossoms","DoubleSpark","NothingThere","MillisecondPulsars+1","MilkyWay","WhitesApple","MysteriousBeam+1","Apotheosis+1","Parasite"],"relics":["MiniHakkero","CogitoBucket","LetterFromLob","Gaze_r","Heaven_r","MagicBullet_r","Ornamental Fan","Pear","Lantern","MealTicket","ResearcherNote","Tiny House","HonorFeather","LaetitiaHeart"],"acts_visited":["Exordium","TheCity"],"potions_floor_usage":[2,16,21],"damage_taken":[{"damage":0,"enemies":"2 Louse","floor":1,"turns":3},{"damage":13,"enemies":"2 Louse","floor":2,"turns":5},{"damage":0,"enemies":"2 Louse","floor":2,"turns":3},{"damage":4,"enemies":"Jaw Worm","floor":4,"turns":2},{"damage":10,"enemies":"3 Sentries","floor":7,"turns":4},{"damage":8,"enemies":"Gremlin Nob","floor":10,"turns":5},{"damage":0,"enemies":"Cultist","floor":12,"turns":1},{"damage":11,"enemies":"Blue Slaver","floor":14,"turns":3},{"damage":8,"enemies":"Slime Boss","floor":16,"turns":6},{"damage":11,"enemies":"2 Thieves","floor":18,"turns":3},{"damage":10,"enemies":"Spheric Guardian","floor":20,"turns":4},{"damage":44,"enemies":"Snake Plant","floor":21,"turns":3},{"damage":11,"enemies":"Snake Plant","floor":22,"turns":4},{"damage":54,"enemies":"Gremlin Leader","floor":24,"turns":4}],"seed_played":"8899653203546988303","potions_obtained":[{"floor":1,"key":"Weak Potion"},{"floor":7,"key":"DuplicationPotion"},{"floor":10,"key":"Explosive Potion"},{"floor":10,"key":"SpeedPotion"},{"floor":16,"key":"Weak Potion"},{"floor":18,"key":"DuplicationPotion"},{"floor":18,"key":"ShroomBrew"},{"floor":22,"key":"AttackPotion"}],"is_trial":false,"path_per_floor":["M","?","$","M","?","R","E","R","T","E","?","M","?","M","R","B",null,"M","$","M","M","M","R","E"],"character_chosen":"MARISA","items_purchased":["WitchOfGreed","Apotheosis"],"campfire_rested":0,"item_purchase_floors":[3,19],"current_hp_per_floor":[75,62,62,58,58,58,58,58,58,50,50,50,33,22,22,29,90,90,90,85,90,84,90,53,53],"gold":291,"neow_bonus":"","is_daily":false,"chose_seed":false,"campfire_upgraded":4,"win_rate":0.0,"timestamp":1613468011,"path_taken":["M","?","$","M","?","R","E","R","T","E","?","?","?","M","R","BOSS","M","$","?","M","M","R","E"],"items_purchased_type":["Card","Card"],"build_version":"2020-12-22","purchased_purges":1,"victory":false,"max_hp_per_floor":[75,75,75,75,75,75,85,85,85,85,85,85,85,85,85,85,90,90,90,90,90,90,90,90,90],"card_choices":[{"not_picked":["PunishingBird","OSAHOGD"],"picked":"LongBird","floor":1},{"not_picked":["DarkMatter","NonDirectionalLaser"],"picked":"6A","floor":1},{"not_picked":["OldLady","OSAHOGD"],"picked":"Wellcheers","floor":4},{"not_picked":["DarkMatter","MagicAbsorber"],"picked":"FinalSpark","floor":4},{"not_picked":["DespairKnight","SpiderBud"],"picked":"BigBadWolf","floor":7},{"not_picked":["MeteoricShower","DC"],"picked":"ShootingEcho","floor":7},{"not_picked":["Yin","FairyFestival"],"picked":"UniverseFragment","floor":10},{"not_picked":["Singularity","MilkyWay"],"picked":"StarDustReverie","floor":10},{"not_picked":["MHz","MeatLantern"],"picked":"FieryBird","floor":12},{"not_picked":["ShootingEcho","OrrerysSun"],"picked":"SuperPerseids","floor":12},{"not_picked":["ShyLook","BeautyBeast"],"picked":"CherryBlossoms","floor":14},{"not_picked":["IllusionStar","MeteoricShower"],"picked":"DoubleSpark","floor":14},{"not_picked":["CrumblingArmor","MeatLantern"],"picked":"NothingThere","floor":16},{"not_picked":["ManaRampage","SatelliteIllusion"],"picked":"MillisecondPulsars","floor":16},{"not_picked":["StarlightTyphoon","NonDirectionalLaser"],"picked":"MilkyWay","floor":17},{"not_picked":["Murderer","LittlePrince"],"picked":"WhitesApple","floor":18},{"not_picked":["EnergyFlow+1","GrandCross"],"picked":"MysteriousBeam+1","floor":18},{"not_picked":["PulseMagic","MeteoricShower","JA"],"picked":"SKIP","floor":20},{"not_picked":["DC","MilkyWay","AsteroidBelt"],"picked":"SKIP","floor":22},{"not_picked":["DC","MilkyWay","AsteroidBelt"],"picked":"SKIP","floor":22}],"player_experience":125591,"relics_obtained":[{"floor":1,"key":"LetterFromLob"},{"floor":7,"key":"Pear"},{"floor":9,"key":"Lantern"},{"floor":10,"key":"MealTicket"}],"event_choices":[{"damage_healed":0,"gold_gain":0,"player_choice":"Box","damage_taken":0,"relics_obtained":["Ornamental Fan"],"max_hp_gain":0,"max_hp_loss":0,"event_name":"Big Fish","floor":5,"gold_loss":0,"cards_obtained":["Regret"]},{"cards_removed":["Regret"],"damage_healed":0,"gold_gain":0,"player_choice":"Removed Curses","damage_taken":0,"max_hp_gain":0,"max_hp_loss":0,"event_name":"Fountain of Cleansing","floor":11,"gold_loss":0},{"damage_healed":0,"gold_gain":0,"player_choice":"Entered Light","damage_taken":17,"max_hp_gain":0,"max_hp_loss":0,"event_name":"Shining Light","floor":13,"gold_loss":0,"cards_upgraded":["Defend_MRS","Strike_MRS"]}],"is_beta":false,"boss_relics":[{"not_picked":["SacredBark","Velvet Choker"],"picked":"Tiny House"}],"items_purged_floors":[19],"is_endless":false,"potions_floor_spawned":[1,2,10,14,18,22],"killed_by":"Gremlin Leader","ascension_level":0}}