{"host":"uv5ws9rdk87e8i5k","time":1613441921,"event":{"mods":["AchievementEnabler","BaseMod","Colored Map","Minty Spire (QoL Compilation)","Permanent Neow","Quick Restart","StSLib","SuperFastMode","The Necromancer"],"gold_per_floor":[116,136,147,157,157,187,187,213,289,303,321,340,360,389,389,485,485,498,678,692,692,704,704,735,132,156,186,201,29,29,29,29,129,129,140,190,210,228,228,228,262,562,562,228,245,272,272,272,272,272],"floor_reached":51,"language":"ENG","playtime":1497,"items_purged":["Decay","Clumsy","Decay"],"score":1025,"play_id":"fc4edc35-3ff2-428e-b67e-42f779cb8dc6","local_time":"20210215201841","is_ascension_mode":true,"campfire_choices":[{"floor":7.0,"key":"REST"},{"data":"Defragment","floor":15.0,"key":"SMITH"},{"data":"Electrodynamics","floor":23.0,"key":"SMITH"},{"floor":30.0,"key":"DIG"},{"floor":32.0,"key":"DIG"},{"floor":40.0,"key":"DIG"},{"floor":49,"key":"DIG"}],"circlet_count":0,"master_deck":["Strike_B+1","Strike_B","Strike_B+1","Strike_B","Defend_B","Defend_B","Defend_B","Defend_B","Zap","Dualcast","Electrodynamics+1","Sweeping Beam","Leap","Auto Shields","Glacier","Glacier","Redo","Coolheaded","Cold Snap","Defragment+1","Self Repair","Echo Form","Turbo","Double Energy","Multi-Cast","Capacitor+1","Storm","Machine Learning","Ball Lightning","Cold Snap","Loop","White Noise+1"],"relics":["Cracked Core","Pantograph","Art of War","Whetstone","Symbiotic Virus","StrikeDummy","Cursed Key","Shovel","ClockworkSouvenir","Bird Faced Urn","Dream Catcher","Bronze Scales","Anchor","Pocketwatch","Nuclear Battery","TungstenRod","Toxic Egg 2","Orichalcum","Bag of Preparation","CeramicFish","Pen Nib"],"acts_visited":["Exordium","TheCity","TheBeyond"],"potions_floor_usage":[46,46,50,50],"damage_taken":[{"damage":0.0,"enemies":"Cultist","floor":1.0,"turns":3.0},{"damage":0.0,"enemies":"2 Louse","floor":2.0,"turns":2.0},{"damage":5.0,"enemies":"Small Slimes","floor":3.0,"turns":3.0},{"damage":2.0,"enemies":"Blue Slaver","floor":4.0,"turns":3.0},{"damage":20.0,"enemies":"Gremlin Nob","floor":6.0,"turns":4.0},{"damage":7.0,"enemies":"3 Sentries","floor":8.0,"turns":5.0},{"damage":6.0,"enemies":"3 Louse","floor":10.0,"turns":3.0},{"damage":0.0,"enemies":"Large Slime","floor":11.0,"turns":3.0},{"damage":2.0,"enemies":"Looter","floor":12.0,"turns":3.0},{"damage":11.0,"enemies":"Exordium Thugs","floor":13.0,"turns":2.0},{"damage":0.0,"enemies":"Gremlin Nob","floor":14.0,"turns":3.0},{"damage":30.0,"enemies":"Slime Boss","floor":16.0,"turns":8.0},{"damage":12.0,"enemies":"3 Byrds","floor":18.0,"turns":3.0},{"damage":0.0,"enemies":"Spheric Guardian","floor":20.0,"turns":4.0},{"damage":15.0,"enemies":"3 Cultists","floor":22.0,"turns":4.0},{"damage":27.0,"enemies":"Slavers","floor":24.0,"turns":4.0},{"damage":9.0,"enemies":"Gremlin Leader","floor":27.0,"turns":11.0},{"damage":0.0,"enemies":"Centurion and Healer","floor":28.0,"turns":5.0},{"damage":0.0,"enemies":"Collector","floor":33.0,"turns":6.0},{"damage":13.0,"enemies":"3 Darklings","floor":35.0,"turns":3.0},{"damage":0.0,"enemies":"Mind Bloom Boss Battle","floor":36.0,"turns":4.0},{"damage":0.0,"enemies":"3 Shapes","floor":37.0,"turns":4.0},{"damage":4.0,"enemies":"Maw","floor":38.0,"turns":8.0},{"damage":37.0,"enemies":"Reptomancer","floor":41.0,"turns":5.0},{"damage":1.0,"enemies":"4 Shapes","floor":45.0,"turns":4.0},{"damage":35,"enemies":"Giant Head","floor":46,"turns":8},{"damage":40,"enemies":"Time Eater","floor":50,"turns":6}],"seed_played":"-1065497579061449754","potions_obtained":[{"floor":2.0,"key":"FearPotion"},{"floor":8.0,"key":"Dexterity Potion"},{"floor":11.0,"key":"Dexterity Potion"},{"floor":13.0,"key":"SteroidPotion"},{"floor":27.0,"key":"Dexterity Potion"},{"floor":28.0,"key":"Dexterity Potion"},{"floor":36.0,"key":"EssenceOfDarkness"},{"floor":45.0,"key":"Block Potion"},{"floor":46,"key":"PotionOfCapacity"}],"is_trial":false,"path_per_floor":["M","M","M","M","T","E","R","E","T","M","M","M","M","E","R","B",null,"M","?","M","?","M","R","E","$","T","E","M","$","R","?","R","B",null,"M","?","M","M","?","R","E","?","T","$","M","E","?","?","R","B",null],"character_chosen":"DEFECT","items_purchased":["ClockworkSouvenir","Bird Faced Urn","Double Energy","Storm","Loop","DistilledChaos","Block Potion"],"campfire_rested":1,"item_purchase_floors":[25,25,25,29,44,44,44],"current_hp_per_floor":[75,75,70,68,68,48,70,63,63,57,57,55,44,44,44,46,75,70,51,58,58,50,50,30,30,30,36,49,49,49,49,49,75,75,71,75,75,75,71,71,43,43,43,43,65,43,43,43,43,37],"gold":272,"neow_bonus":"ONE_RANDOM_RARE_CARD","is_daily":false,"chose_seed":false,"campfire_upgraded":2,"win_rate":0.0,"timestamp":1613441921,"path_taken":["M","M","M","M","?","E","R","E","T","M","M","M","M","E","R","BOSS","M","?","?","?","M","R","E","$","T","E","M","$","R","?","R","BOSS","M","?","M","M","?","R","E","?","T","$","?","E","?","?","R","BOSS"],"items_purchased_type":["Relic","Relic","Card","Card","Card","Potion","Potion"],"build_version":"2020-12-22","purchased_purges":3,"victory":true,"max_hp_per_floor":[75,75,75,75,75,75,75,75,75,75,75,75,75,75,75,75,75,75,75,75,75,75,75,75,75,75,75,75,75,75,75,75,75,75,75,75,75,75,71,71,71,71,71,71,71,71,71,71,71,71],"card_choices":[{"not_picked":["Stack","Steam"],"picked":"Sweeping Beam","floor":1.0},{"not_picked":["Static Discharge","Reprogram"],"picked":"Leap","floor":2.0},{"not_picked":["Compile Driver","Streamline"],"picked":"Auto Shields","floor":3.0},{"not_picked":["Turbo","Streamline"],"picked":"Glacier","floor":4.0},{"not_picked":["Tempest","Rainbow"],"picked":"Glacier","floor":6.0},{"not_picked":["Storm","Barrage"],"picked":"Redo","floor":8.0},{"not_picked":["Force Field","Redo"],"picked":"Coolheaded","floor":10.0},{"not_picked":["Gash","Beam Cell"],"picked":"Cold Snap","floor":11.0},{"not_picked":["Rebound","Leap"],"picked":"Defragment","floor":12.0},{"not_picked":["Barrage","Beam Cell","Streamline"],"picked":"SKIP","floor":13.0},{"not_picked":["Core Surge","Skim"],"picked":"Self Repair","floor":14.0},{"not_picked":["Hyperbeam","Seek"],"picked":"Echo Form","floor":16.0},{"not_picked":["Go for the Eyes+1","Static Discharge","Lockon"],"picked":"SKIP","floor":18.0},{"not_picked":["Rip and Tear","Sweeping Beam+1","Steam"],"picked":"SKIP","floor":20.0},{"not_picked":["Cold Snap+1","Rebound","Steam Power"],"picked":"SKIP","floor":22.0},{"not_picked":["Heatsinks","Compile Driver"],"picked":"Turbo","floor":24.0},{"not_picked":["Redo","Sweeping Beam"],"picked":"Multi-Cast","floor":27.0},{"not_picked":["Streamline","Force Field+1"],"picked":"Capacitor+1","floor":28.0},{"not_picked":["Multi-Cast","Hyperbeam"],"picked":"Machine Learning","floor":33.0},{"not_picked":["Stack+1","Turbo","Melter+1"],"picked":"SKIP","floor":35.0},{"not_picked":["Stack","Static Discharge+1","Sweeping Beam+1"],"picked":"SKIP","floor":37.0},{"not_picked":["Steam","Cold Snap"],"picked":"Ball Lightning","floor":38.0},{"not_picked":["Self Repair","Redo+1"],"picked":"Cold Snap","floor":41.0},{"not_picked":["Lockon+1","Barrage"],"picked":"White Noise+1","floor":45.0},{"not_picked":["Leap+1","Chill+1","Sweeping Beam"],"picked":"SKIP","floor":46}],"player_experience":198480,"relics_obtained":[{"floor":5.0,"key":"Pantograph"},{"floor":6.0,"key":"Art of War"},{"floor":8.0,"key":"Whetstone"},{"floor":9.0,"key":"Symbiotic Virus"},{"floor":14.0,"key":"StrikeDummy"},{"floor":24.0,"key":"Shovel"},{"floor":26.0,"key":"Dream Catcher"},{"floor":27.0,"key":"Bronze Scales"},{"floor":30.0,"key":"Anchor"},{"floor":32.0,"key":"Pocketwatch"},{"floor":36.0,"key":"TungstenRod"},{"floor":40.0,"key":"Toxic Egg 2"},{"floor":41.0,"key":"Orichalcum"},{"floor":43.0,"key":"Bag of Preparation"},{"floor":46,"key":"CeramicFish"},{"floor":49,"key":"Pen Nib"}],"event_choices":[{"damage_healed":0.0,"max_hp_gain":0.0,"max_hp_loss":0.0,"gold_gain":180.0,"event_name":"Knowing Skull","player_choice":"GOLD GOLD ","floor":19.0,"potions_obtained":[],"gold_loss":0.0,"damage_taken":19.0,"cards_obtained":[]},{"damage_healed":0.0,"max_hp_gain":0.0,"max_hp_loss":0.0,"gold_gain":0.0,"event_name":"Forgotten Altar","player_choice":"Smashed Altar","floor":21.0,"gold_loss":0.0,"damage_taken":0.0,"cards_obtained":["Decay"]},{"damage_healed":0.0,"max_hp_gain":0.0,"max_hp_loss":0.0,"gold_gain":0.0,"event_name":"Ghosts","player_choice":"Ignored","floor":31.0,"gold_loss":0.0,"damage_taken":0.0},{"damage_healed":0.0,"max_hp_gain":0.0,"max_hp_loss":0.0,"gold_gain":0.0,"event_name":"MindBloom","player_choice":"Fight","floor":36.0,"gold_loss":0.0,"damage_taken":0.0},{"damage_healed":0.0,"max_hp_gain":0.0,"max_hp_loss":4.0,"gold_gain":0.0,"event_name":"Winding Halls","player_choice":"Max HP","floor":39.0,"gold_loss":0.0,"damage_taken":0.0},{"damage_healed":0.0,"max_hp_gain":0.0,"max_hp_loss":0.0,"gold_gain":300.0,"event_name":"Wheel of Change","player_choice":"Gold","floor":42.0,"gold_loss":0.0,"damage_taken":0.0},{"damage_healed":0,"gold_gain":0,"player_choice":"Memory 1","damage_taken":0,"max_hp_gain":0,"max_hp_loss":0,"event_name":"SensoryStone","floor":47,"gold_loss":0},{"damage_healed":0,"gold_gain":0,"player_choice":"Ignored","damage_taken":0,"max_hp_gain":0,"max_hp_loss":0,"event_name":"Tomb of Lord Red Mask","floor":48,"gold_loss":0}],"is_beta":false,"boss_relics":[{"not_picked":["Tiny House","Velvet Choker"],"picked":"Cursed Key"},{"not_picked":["Pandora\u0027s Box","Runic Dome"],"picked":"Nuclear Battery"}],"items_purged_floors":[25,29,44],"is_endless":false,"potions_floor_spawned":[2,8,11,12,13,27,28,36,45,46],"ascension_level":4}}