{"host":"uv231blk40vjdojr","time":1613512981,"event":{"mods":["BaseMod","Minty Spire (QoL Compilation)","Relic Stats","ojb\u0027s Info Mod"],"gold_per_floor":[110,110,128,147,166,204,231,231,255,298,314,21,21,46,46,170,170,164,164,164,188,213,256,256,294,294,333,90,128,128,43,43,171,171,195,528,528,539,539,567,567,567,567,89,102,102,118,152,152,152,152,152,36,70,70],"floor_reached":56,"language":"ENG","playtime":3040,"items_purged":["Strike_P","Writhe"],"score":1764,"play_id":"f2149f7b-bf4b-4063-91d7-d1f92d55aedd","local_time":"20210216230301","is_ascension_mode":true,"campfire_choices":[{"data":"Eruption","floor":8,"key":"SMITH"},{"data":"TalkToTheHand","floor":13,"key":"SMITH"},{"data":"LikeWater","floor":15,"key":"SMITH"},{"floor":24,"key":"REST"},{"data":"Devotion","floor":32,"key":"SMITH"},{"floor":41,"key":"RECALL"},{"floor":46,"key":"REST"},{"floor":49,"key":"REST"},{"floor":52,"key":"REST"}],"circlet_count":0,"master_deck":["Defend_P","Defend_P","Defend_P","Defend_P","Eruption+1","Vigilance","LikeWater+1","Halt","FlurryOfBlows","EmptyBody","TalkToTheHand+1","FollowUp","Consecrate","FollowUp","EmptyFist+1","InnerPeace","Devotion+1","FlyingSleeves","Tantrum","ThirdEye+1","SashWhip+1","Scrawl","ConjureBlade","DeceiveReality","CutThroughFate","Bite","Bite+1","Bite","Bite","Bite","Vault","WheelKick+1","BowlingBash+1","Madness","Madness","Prostrate+1","TalkToTheHand","LikeWater+1","Study","TalkToTheHand+1"],"relics":["Black Star","MealTicket","PreservedInsect","Juzu Bracelet","Darkstone Periapt","Toy Ornithopter","Medical Kit","Sozu","Pen Nib","Incense Burner","Yang","StrikeDummy","Torii","HornCleat","MawBank","Singing Bowl","OrangePellets","Shuriken","Bottled Flame","Pantograph","Fusion Hammer","Gremlin Horn","Pear","Mercury Hourglass","TeardropLocket","Whetstone","Potion Belt","Molten Egg 2","Oddly Smooth Stone","Bottled Tornado"],"acts_visited":["Exordium","TheCity","TheBeyond","TheEnding"],"potions_floor_usage":[6,16,22],"damage_taken":[{"damage":0,"enemies":"2 Louse","floor":1,"turns":3},{"damage":0,"enemies":"Jaw Worm","floor":3,"turns":3},{"damage":0,"enemies":"Small Slimes","floor":4,"turns":4},{"damage":14,"enemies":"3 Louse","floor":5,"turns":3},{"damage":21,"enemies":"3 Sentries","floor":6,"turns":11},{"damage":10,"enemies":"Lagavulin","floor":10,"turns":8},{"damage":22,"enemies":"Exordium Wildlife","floor":11,"turns":6},{"damage":11,"enemies":"Exordium Thugs","floor":14,"turns":3},{"damage":0,"enemies":"The Guardian","floor":16,"turns":12},{"damage":15,"enemies":"2 Thieves","floor":18,"turns":4},{"damage":2,"enemies":"Shell Parasite","floor":21,"turns":4},{"damage":19,"enemies":"Centurion and Healer","floor":22,"turns":4},{"damage":22,"enemies":"Slavers","floor":23,"turns":5},{"damage":18,"enemies":"Gremlin Leader","floor":25,"turns":5},{"damage":0,"enemies":"Book of Stabbing","floor":27,"turns":4},{"damage":1,"enemies":"Slavers","floor":29,"turns":5},{"damage":9,"enemies":"Champ","floor":33,"turns":7},{"damage":0,"enemies":"3 Darklings","floor":35,"turns":4},{"damage":1,"enemies":"Orb Walker","floor":38,"turns":2},{"damage":0,"enemies":"Reptomancer","floor":40,"turns":3},{"damage":0,"enemies":"Maw","floor":45,"turns":6},{"damage":17,"enemies":"4 Shapes","floor":47,"turns":4},{"damage":0,"enemies":"Nemesis","floor":48,"turns":5},{"damage":48,"enemies":"Donu and Deca","floor":50,"turns":7},{"damage":31,"enemies":"Shield and Spear","floor":54,"turns":6},{"damage":46,"enemies":"The Heart","floor":55,"turns":12}],"seed_played":"-3382511847347826532","potions_obtained":[{"floor":1,"key":"Regen Potion"},{"floor":14,"key":"EssenceOfSteel"},{"floor":16,"key":"EssenceOfSteel"}],"is_trial":false,"path_per_floor":["M","?","M","M","M","E","T","R","T","E","M","$","R","M","R","B",null,"M","?","?","M","M","E","R","E","T","E","$","E","?","?","R","B",null,"M","?","?","M","?","E","R","?","T","$","M","R","M","E","R","B",null,"R","$","E","B",null],"character_chosen":"WATCHER","items_purchased":["Medical Kit","FollowUp","EmptyFist","OrangePellets","TeardropLocket","TalkToTheHand","Whetstone","Study","TalkToTheHand+1"],"campfire_rested":4,"item_purchase_floors":[12,12,12,28,44,44,44,53,53],"current_hp_per_floor":[72,67,67,67,53,47,47,47,47,37,15,30,30,19,19,24,56,41,41,47,45,31,9,30,12,12,12,27,26,26,26,26,46,50,51,51,51,51,45,59,59,59,59,61,63,63,48,57,65,21,54,65,65,43,33],"gold":70,"neow_bonus":"BOSS_RELIC","is_daily":false,"chose_seed":false,"campfire_upgraded":4,"win_rate":0.0,"timestamp":1613512981,"path_taken":["M","?","M","M","M","E","?","R","T","E","M","$","R","M","R","BOSS","M","?","?","M","M","E","R","E","T","E","$","E","?","?","R","BOSS","M","?","?","M","?","E","R","?","T","$","M","R","M","E","R","BOSS","R","$","E","BOSS"],"items_purchased_type":["Relic","Card","Card","Relic","Relic","Card","Relic","Card","Card"],"build_version":"2020-12-22","purchased_purges":2,"victory":true,"max_hp_per_floor":[72,67,67,67,67,67,67,67,67,67,67,67,67,67,67,67,67,67,67,73,73,73,73,73,73,73,73,73,73,51,51,51,51,51,51,51,51,51,51,61,61,61,61,61,63,63,65,65,65,65,65,65,65,67,67],"relic_stats":{"Darkstone Periapt":6,"Torii":14,"Singing Bowl":6,"Gremlin Horn":[5,5],"counters":[26,140],"Yang":[212],"PreservedInsect":366,"Pen Nib":[24],"Juzu Bracelet":1,"Whetstone":["Bite","EmptyFist"],"Medical Kit":[4],"MawBank":12,"Mercury Hourglass":[135],"Sozu":8,"OrangePellets":[25],"Shuriken":[40],"Pantograph":49,"MealTicket":32,"Black Star":9,"obtain_stats":[{"Darkstone Periapt":10,"Torii":25,"Singing Bowl":27,"Gremlin Horn":40,"Yang":23,"Juzu Bracelet":9,"Incense Burner":23,"TeardropLocket":44,"Whetstone":44,"Bottled Tornado":54,"Sozu":17,"HornCleat":26,"Pantograph":31,"MealTicket":6,"Fusion Hammer":34,"Potion Belt":48,"Pear":40,"Golden Idol":2,"Oddly Smooth Stone":54,"PreservedInsect":6,"Pen Nib":20,"Medical Kit":12,"MawBank":27,"Mercury Hourglass":43,"OrangePellets":28,"Bottled Flame":29,"Shuriken":29,"Molten Egg 2":48,"Black Star":0,"PureWater":0,"StrikeDummy":25,"Toy Ornithopter":10},{"Darkstone Periapt":6,"Torii":14,"Singing Bowl":15,"Gremlin Horn":20,"Yang":13,"Juzu Bracelet":5,"Incense Burner":13,"TeardropLocket":20,"Whetstone":20,"Bottled Tornado":25,"Sozu":9,"HornCleat":14,"Pantograph":16,"MealTicket":5,"Fusion Hammer":17,"Potion Belt":23,"Pear":20,"Golden Idol":1,"Oddly Smooth Stone":25,"PreservedInsect":5,"Pen Nib":10,"Medical Kit":7,"MawBank":15,"Mercury Hourglass":20,"OrangePellets":15,"Bottled Flame":16,"Shuriken":16,"Molten Egg 2":23,"Black Star":0,"PureWater":0,"StrikeDummy":14,"Toy Ornithopter":6},{"Darkstone Periapt":32,"Torii":75,"Singing Bowl":79,"Gremlin Horn":100,"Yang":70,"Juzu Bracelet":24,"Incense Burner":70,"TeardropLocket":100,"Whetstone":100,"Bottled Tornado":128,"Sozu":53,"HornCleat":75,"Pantograph":84,"MealTicket":24,"Fusion Hammer":91,"Potion Belt":115,"Pear":100,"Golden Idol":3,"Oddly Smooth Stone":128,"PreservedInsect":24,"Pen Nib":57,"Medical Kit":38,"MawBank":79,"Mercury Hourglass":100,"OrangePellets":79,"Bottled Flame":84,"Shuriken":84,"Molten Egg 2":115,"Black Star":0,"PureWater":0,"StrikeDummy":75,"Toy Ornithopter":32}],"Toy Ornithopter":10},"card_choices":[{"not_picked":["Study","ClearTheMind"],"picked":"LikeWater","floor":1},{"not_picked":["ThirdEye","PathToVictory"],"picked":"Halt","floor":3},{"not_picked":["Crescendo","CrushJoints"],"picked":"FlurryOfBlows","floor":4},{"not_picked":["PathToVictory","Worship"],"picked":"EmptyBody","floor":5},{"not_picked":["ClearTheMind","Indignation"],"picked":"TalkToTheHand","floor":6},{"not_picked":["EmptyBody","Perseverance"],"picked":"FollowUp","floor":10},{"not_picked":["ReachHeaven","Evaluate"],"picked":"Consecrate","floor":11},{"not_picked":["WreathOfFlame","Fasting2"],"picked":"InnerPeace","floor":14},{"not_picked":["ConjureBlade","DevaForm"],"picked":"Devotion","floor":16},{"not_picked":["ThirdEye","EmptyBody"],"picked":"FlyingSleeves","floor":18},{"not_picked":["Protect","EmptyFist"],"picked":"ThirdEye+1","floor":21},{"not_picked":["SandsOfTime","Halt"],"picked":"SashWhip+1","floor":22},{"not_picked":["EmptyBody","Conclude"],"picked":"Scrawl","floor":23},{"not_picked":["ClearTheMind","Weave"],"picked":"ConjureBlade","floor":25},{"not_picked":["Weave","Evaluate"],"picked":"DeceiveReality","floor":27},{"not_picked":["ClearTheMind","Pray"],"picked":"CutThroughFate","floor":29},{"not_picked":["Blasphemy","Alpha"],"picked":"Vault","floor":33},{"not_picked":["Sanctity","FollowUp"],"picked":"WheelKick+1","floor":35},{"not_picked":["EmptyBody","Consecrate"],"picked":"BowlingBash+1","floor":38},{"not_picked":["WaveOfTheHand+1","Indignation"],"picked":"Prostrate+1","floor":40},{"not_picked":["SashWhip+1","CarveReality","Halt+1"],"picked":"Singing Bowl","floor":45},{"not_picked":["EmptyBody","Perseverance","SashWhip+1"],"picked":"Singing Bowl","floor":47},{"not_picked":["CrushJoints+1","Evaluate"],"picked":"LikeWater+1","floor":48},{"not_picked":["Swivel+1","BowlingBash+1","LessonLearned+1"],"picked":"Singing Bowl","floor":54}],"player_experience":771554,"relics_obtained":[{"floor":6,"key":"MealTicket"},{"floor":6,"key":"PreservedInsect"},{"floor":9,"key":"Juzu Bracelet"},{"floor":10,"key":"Darkstone Periapt"},{"floor":10,"key":"Toy Ornithopter"},{"floor":23,"key":"Incense Burner"},{"floor":23,"key":"Yang"},{"floor":25,"key":"StrikeDummy"},{"floor":25,"key":"Torii"},{"floor":26,"key":"HornCleat"},{"floor":27,"key":"MawBank"},{"floor":27,"key":"Singing Bowl"},{"floor":29,"key":"Shuriken"},{"floor":29,"key":"Bottled Flame"},{"floor":40,"key":"Gremlin Horn"},{"floor":40,"key":"Pear"},{"floor":43,"key":"Mercury Hourglass"},{"floor":48,"key":"Potion Belt"},{"floor":48,"key":"Molten Egg 2"},{"floor":54,"key":"Oddly Smooth Stone"},{"floor":54,"key":"Bottled Tornado"}],"event_choices":[{"damage_healed":0,"gold_gain":0,"player_choice":"Lose Max HP","damage_taken":0,"relics_obtained":["Golden Idol"],"max_hp_gain":0,"max_hp_loss":5,"event_name":"Golden Idol","floor":2,"gold_loss":0},{"damage_healed":0,"gold_gain":0,"player_choice":"Read","damage_taken":0,"max_hp_gain":0,"max_hp_loss":0,"event_name":"The Library","floor":19,"gold_loss":0,"cards_obtained":["Tantrum"]},{"damage_healed":0,"gold_gain":0,"player_choice":"Opened","damage_taken":0,"relics_obtained":["Pen Nib"],"max_hp_gain":0,"max_hp_loss":0,"event_name":"The Mausoleum","floor":20,"gold_loss":0,"cards_obtained":["Writhe"]},{"damage_healed":0,"gold_gain":0,"player_choice":"Became a vampire","damage_taken":0,"max_hp_gain":0,"max_hp_loss":22,"event_name":"Vampires","floor":30,"gold_loss":0,"cards_obtained":["Bite","Bite","Bite","Bite","Bite"]},{"damage_healed":0,"gold_gain":0,"player_choice":"Obtained Relic","damage_taken":0,"relics_obtained":["Pantograph"],"max_hp_gain":0,"max_hp_loss":0,"event_name":"Addict","floor":31,"gold_loss":85},{"damage_healed":0,"gold_gain":333,"player_choice":"Gave Idol","damage_taken":0,"max_hp_gain":0,"max_hp_loss":0,"event_name":"The Moai Head","floor":36,"relics_lost":["Golden Idol"],"gold_loss":0},{"damage_healed":0,"gold_gain":0,"player_choice":"Ignored","damage_taken":0,"max_hp_gain":0,"max_hp_loss":0,"event_name":"Tomb of Lord Red Mask","floor":37,"gold_loss":0},{"damage_healed":0,"gold_gain":0,"player_choice":"Embrace Madness","damage_taken":6,"max_hp_gain":0,"max_hp_loss":0,"event_name":"Winding Halls","floor":39,"gold_loss":0,"cards_obtained":["Madness","Madness"]},{"damage_healed":0,"gold_gain":0,"player_choice":"Ignored","damage_taken":0,"max_hp_gain":0,"max_hp_loss":0,"event_name":"NoteForYourself","floor":42,"gold_loss":0}],"is_beta":false,"boss_relics":[{"not_picked":["SlaversCollar","Pandora\u0027s Box"],"picked":"Sozu"},{"not_picked":["Tiny House","VioletLotus"],"picked":"Fusion Hammer"}],"items_purged_floors":[12,28],"is_endless":false,"potions_floor_spawned":[1,14,16,21,27,29,33,40,45,48,54],"ascension_level":5}}