{"host":"rw1trt79hfpl7pom","time":1613449770,"event":{"mods":["BaseMod","Bestiary","Colored Map","Jorbs\u0027s Wanderer Trilogy","Minty Spire (QoL Compilation)","Relic Stats","StSLib","SuperFastMode"],"gold_per_floor":[114,114,124,199,124,124,149,149,149,167,217,234,234,274,274,355,355,377,398,425,425,425],"floor_reached":21,"language":"ENG","playtime":1201,"items_purged":["stsjorbsmod:Defend_Wanderer"],"score":378,"play_id":"46f52a79-f9c6-405f-9ba5-37330daf0587","local_time":"20210215202930","is_ascension_mode":true,"campfire_choices":[{"data":"stsjorbsmod:Introspection","floor":6.0,"key":"SMITH"},{"floor":8.0,"key":"REST"},{"floor":15,"key":"REST"}],"circlet_count":0,"master_deck":["AscendersBane","stsjorbsmod:ForbiddenGrimoire+1","stsjorbsmod:Strike_Wanderer","stsjorbsmod:Strike_Wanderer+1","stsjorbsmod:Defend_Wanderer","stsjorbsmod:Defend_Wanderer","stsjorbsmod:Defend_Wanderer","stsjorbsmod:FreshAdventure","stsjorbsmod:EyeOfTheStorm","stsjorbsmod:SiphonEnergy","stsjorbsmod:Channel","stsjorbsmod:Introspection+1","stsjorbsmod:RayOfFrost","stsjorbsmod:MageArmor","stsjorbsmod:OldPocket","stsjorbsmod:ParryingBlow","stsjorbsmod:FindFamiliar","stsjorbsmod:SiphonEnergy","stsjorbsmod:Mending","stsjorbsmod:RayOfFrost"],"relics":["stsjorbsmod:GrimoireRelic","Anchor","Regal Pillow","Snecko Eye"],"acts_visited":["Exordium","TheCity"],"potions_floor_usage":[14,19,21],"damage_taken":[{"damage":2.0,"enemies":"Small Slimes","floor":1.0,"turns":4.0},{"damage":1.0,"enemies":"2 Louse","floor":3.0,"turns":5.0},{"damage":18.0,"enemies":"Lagavulin","floor":7.0,"turns":7.0},{"damage":0.0,"enemies":"Cultist","floor":10.0,"turns":3.0},{"damage":19.0,"enemies":"Exordium Wildlife","floor":12.0,"turns":4.0},{"damage":21,"enemies":"Gremlin Nob","floor":14,"turns":4},{"damage":34,"enemies":"The Guardian","floor":16,"turns":16},{"damage":10,"enemies":"3 Byrds","floor":18,"turns":4},{"damage":18,"enemies":"2 Thieves","floor":19,"turns":4},{"damage":22,"enemies":"Chosen and Byrds","floor":20,"turns":6},{"damage":26,"enemies":"Shelled Parasite and Fungi","floor":21,"turns":4}],"seed_played":"8978917248321535261","potions_obtained":[{"floor":3.0,"key":"DuplicationPotion"},{"floor":12.0,"key":"Swift Potion"},{"floor":14,"key":"stsjorbsmod:LiquidVirtue"}],"is_trial":false,"path_per_floor":["M","?","M","?","$","R","E","R","T","M","?","M","?","E","R","B",null,"M","M","M","M"],"character_chosen":"WANDERER","items_purchased":[],"campfire_rested":2,"item_purchase_floors":[],"current_hp_per_floor":[58,51,53,42,42,42,27,46,46,49,49,32,32,12,46,12,53,45,35,16,0,0],"gold":425,"neow_bonus":"ONE_RANDOM_RARE_CARD","is_daily":false,"chose_seed":false,"campfire_upgraded":1,"win_rate":0.0,"timestamp":1613449770,"path_taken":["M","?","M","?","$","R","E","R","T","M","?","?","?","E","R","BOSS","M","?","?","M"],"items_purchased_type":[],"build_version":"2020-12-22","purchased_purges":1,"victory":false,"max_hp_per_floor":[64,64,64,64,64,64,64,64,64,66,66,66,66,66,66,66,66,66,66,66,66,66],"relic_stats":{"Regal Pillow":15,"counters":[11,61],"Snecko Eye":[22,35,37,41],"obtain_stats":[{"Anchor":7,"Regal Pillow":14,"Snecko Eye":17,"stsjorbsmod:GrimoireRelic":0},{"Anchor":3,"Regal Pillow":6,"Snecko Eye":7,"stsjorbsmod:GrimoireRelic":0},{"Anchor":16,"Regal Pillow":27,"Snecko Eye":43,"stsjorbsmod:GrimoireRelic":0}]},"card_choices":[{"not_picked":["stsjorbsmod:DisguiseSelf","stsjorbsmod:ParryingBlow"],"picked":"stsjorbsmod:Channel","floor":1.0},{"not_picked":["stsjorbsmod:BlackTentacles","stsjorbsmod:Materialize"],"picked":"stsjorbsmod:Introspection","floor":3.0},{"not_picked":["stsjorbsmod:Prepare","stsjorbsmod:Materialize"],"picked":"stsjorbsmod:RayOfFrost","floor":7.0},{"not_picked":["stsjorbsmod:FracturedMind","stsjorbsmod:Firebolt"],"picked":"stsjorbsmod:MageArmor","floor":10.0},{"not_picked":["stsjorbsmod:Counterspell","stsjorbsmod:Thorns"],"picked":"stsjorbsmod:OldPocket","floor":12.0},{"not_picked":["stsjorbsmod:Will","stsjorbsmod:BlackTentacles"],"picked":"stsjorbsmod:FindFamiliar","floor":14},{"not_picked":["stsjorbsmod:Trauma","stsjorbsmod:Fireball"],"picked":"stsjorbsmod:SiphonEnergy","floor":16},{"not_picked":["stsjorbsmod:UnseenServant+1","stsjorbsmod:FaerieFire"],"picked":"stsjorbsmod:Mending","floor":18},{"not_picked":["stsjorbsmod:Index","stsjorbsmod:WanderingMind"],"picked":"stsjorbsmod:RayOfFrost","floor":19},{"not_picked":["stsjorbsmod:Materialize","stsjorbsmod:Prestidigitation","stsjorbsmod:OldPocket"],"picked":"SKIP","floor":20}],"player_experience":2752967,"relics_obtained":[{"floor":7.0,"key":"Anchor"},{"floor":14,"key":"Regal Pillow"}],"event_choices":[{"cards_removed":["stsjorbsmod:Strike_Wanderer"],"damage_healed":0.0,"max_hp_gain":0.0,"max_hp_loss":0.0,"gold_gain":0.0,"event_name":"Golden Wing","player_choice":"Card Removal","floor":2.0,"gold_loss":0.0,"damage_taken":7.0},{"damage_healed":0.0,"max_hp_gain":0.0,"max_hp_loss":0.0,"gold_gain":75.0,"event_name":"World of Goop","player_choice":"Gather Gold","floor":4.0,"gold_loss":0.0,"damage_taken":11.0},{"damage_healed":0.0,"max_hp_gain":0.0,"max_hp_loss":0.0,"gold_gain":50.0,"event_name":"Golden Shrine","player_choice":"Pray","floor":11.0,"gold_loss":0.0,"damage_taken":0.0},{"damage_healed":0.0,"max_hp_gain":0.0,"max_hp_loss":0.0,"gold_gain":0.0,"cards_transformed":["stsjorbsmod:Strike_Wanderer"],"event_name":"Transmorgrifier","player_choice":"Transformed","floor":13.0,"gold_loss":0.0,"damage_taken":0.0,"cards_obtained":["stsjorbsmod:ParryingBlow"]}],"is_beta":false,"boss_relics":[{"not_picked":["Cursed Key","Sozu"],"picked":"Snecko Eye"}],"items_purged_floors":[5],"is_endless":false,"potions_floor_spawned":[3,12,14,16,18],"killed_by":"Shelled Parasite and Fungi","ascension_level":20}}