{"host":"wxz7488rqrwl2v46","time":1613466223,"event":{"mods":["BaseMod","Minty Spire (QoL Compilation)","Quick Restart","Replay The Spire","StSLib"],"gold_per_floor":[113,39,39,57,82,92,92,110,110,110,127,127,152,168,168,266,266,285,210,210,223,113,113,113,28,52,70,70,170,170,181,181,278,278,288,96,96,96,96],"floor_reached":38,"language":"ZHS","playtime":1637,"items_purged":["Strike_G"],"score":462,"play_id":"6c79b84d-47f1-4b1c-9316-f91762f4bdd8","local_time":"20210216170343","is_ascension_mode":false,"campfire_choices":[{"data":"Noxious Fumes","floor":7,"key":"SMITH"},{"data":"Poisoned Stab","floor":10,"key":"SMITH"},{"data":"Venomology","floor":15,"key":"SMITH"},{"data":"Noxious Fumes","floor":23,"key":"SMITH"},{"data":"Corpse Explosion","floor":28,"key":"SMITH"},{"floor":30,"key":"REST"},{"data":"Bane","floor":32,"key":"SMITH"}],"circlet_count":0,"master_deck":["Defend_G","Defend_G","Defend_G","Defend_G","Survivor","Neutralize","Hidden Blade","Noxious Fumes+1","Poisoned Stab+1","PiercingWail","Leg Sweep","ReplayTheSpireMod:Exploit Weakness+1","Venomology+1","Corpse Explosion+1","Hidden Blade","Distraction+1","Noxious Fumes+1","Quick Slash+1","Bane+1","Poison Darts","Reflex+1","A Thousand Cuts+1","Venomology+1","Sucker Punch+1","Noxious Fumes","Madness","Madness"],"relics":["Ring of the Serpent","NeowsBlessing","ReplayFunnel","Ninja Scroll","Bag of Marbles","Replay:Bottled Flurry","Pet Ghost","Vajra","Astrolabe","ClockworkSouvenir"],"acts_visited":["Exordium","TheCity","TheBeyond"],"potions_floor_usage":[16,16,16,18,21,27,31,33,33,33,33,35,35,38,38],"damage_taken":[{"damage":0,"enemies":"Small Slimes","floor":1,"turns":1},{"damage":0,"enemies":"Cultist","floor":4,"turns":1},{"damage":0,"enemies":"2 Louse","floor":6,"turns":1},{"damage":14,"enemies":"Blue Slaver","floor":8,"turns":3},{"damage":2,"enemies":"Lots of Slimes","floor":11,"turns":3},{"damage":0,"enemies":"3 Louse","floor":14,"turns":4},{"damage":0,"enemies":"Fading Forest","floor":16,"turns":11},{"damage":10,"enemies":"Spheric Guardian","floor":18,"turns":4},{"damage":10,"enemies":"Chosen","floor":21,"turns":4},{"damage":3,"enemies":"Centurion and Healer","floor":27,"turns":6},{"damage":3,"enemies":"Cultist and Chosen","floor":31,"turns":3},{"damage":30,"enemies":"Automaton","floor":33,"turns":10},{"damage":30,"enemies":"3 Darklings","floor":35,"turns":4},{"damage":31,"enemies":"2 Orb Walkers","floor":38,"turns":3}],"seed_played":"-436330741817493902","potions_obtained":[{"floor":4,"key":"PowerPotion"},{"floor":11,"key":"Milkshake"},{"floor":16,"key":"Elixir"},{"floor":21,"key":"Dexterity Potion"},{"floor":31,"key":"EntropicBrew"}],"is_trial":false,"path_per_floor":["M","$","?","M","T","M","R","M","T","R","M","?","T","M","R","B",null,"M","?","?","M","$","R","T","?","T","M","R","?","R","M","R","B",null,"M","$","?","?"],"character_chosen":"THE_SILENT","items_purchased":["Noxious Fumes","Noxious Fumes","ClockworkSouvenir","Noxious Fumes"],"campfire_rested":1,"item_purchase_floors":[2,22,36,36],"current_hp_per_floor":[70,70,70,70,70,70,70,56,56,56,54,54,54,54,54,64,70,60,60,60,50,50,50,50,50,50,47,47,47,68,65,65,35,70,40,40,31,0,0],"gold":96,"neow_bonus":"THREE_ENEMY_KILL","is_daily":false,"chose_seed":false,"campfire_upgraded":6,"win_rate":0.0,"timestamp":1613466223,"path_taken":["M","$","?","?","?","M","R","M","T","R","M","?","?","?","R","BOSS","M","?","?","M","?","R","?","?","T","?","R","?","R","M","R","BOSS","M","$","?","?"],"items_purchased_type":["Card","Card","Relic","Card"],"build_version":"2020-12-22","purchased_purges":1,"victory":false,"max_hp_per_floor":[70,70,70,70,70,70,70,70,70,70,70,70,70,70,70,70,70,70,70,70,70,70,70,70,70,70,70,70,70,70,70,70,70,70,70,70,70,70,70],"card_choices":[{"not_picked":["Acrobatics","Flying Knee"],"picked":"Hidden Blade","floor":1},{"not_picked":["Flying Knee","Riddle With Holes"],"picked":"Poisoned Stab","floor":4},{"not_picked":["Dodge and Roll","Deflect","Footwork"],"picked":"SKIP","floor":6},{"not_picked":["Reflex","Leg Sweep"],"picked":"PiercingWail","floor":8},{"not_picked":["Backflip","Caltrops"],"picked":"Leg Sweep","floor":11},{"not_picked":["Slice","Sucker Punch"],"picked":"Venomology","floor":14},{"not_picked":["Glass Knife","Night Terror"],"picked":"Corpse Explosion","floor":16},{"not_picked":["Flying Knee","Prepared"],"picked":"Hidden Blade","floor":18},{"not_picked":["Escape Plan","Quick Slash"],"picked":"Distraction+1","floor":21},{"not_picked":["Blade Dance","Slice"],"picked":"Quick Slash+1","floor":27},{"not_picked":["Finisher","Fluid Movement"],"picked":"Bane","floor":31},{"not_picked":["After Image","Die Die Die"],"picked":"Poison Darts","floor":33},{"not_picked":["Terror","Prepared+1"],"picked":"Sucker Punch+1","floor":35}],"player_experience":36476,"relics_obtained":[{"floor":5,"key":"ReplayFunnel"},{"floor":9,"key":"Ninja Scroll"},{"floor":13,"key":"Bag of Marbles"},{"floor":24,"key":"Replay:Bottled Flurry"},{"floor":26,"key":"Vajra"}],"event_choices":[{"damage_healed":0,"gold_gain":0,"player_choice":"Ignored","damage_taken":0,"max_hp_gain":0,"max_hp_loss":0,"event_name":"NoteForYourself","floor":3,"gold_loss":0},{"cards_removed":["Strike_G"],"damage_healed":0,"gold_gain":0,"player_choice":"Gave Gold","damage_taken":0,"max_hp_gain":0,"max_hp_loss":0,"event_name":"Beggar","floor":19,"gold_loss":75},{"damage_healed":0,"gold_gain":0,"player_choice":"Ignored","damage_taken":0,"max_hp_gain":0,"max_hp_loss":0,"event_name":"Ghosts","floor":20,"gold_loss":0},{"damage_healed":0,"gold_gain":0,"player_choice":"Obtained Relic","damage_taken":0,"relics_obtained":["Pet Ghost"],"max_hp_gain":0,"max_hp_loss":0,"event_name":"Addict","floor":25,"gold_loss":85},{"damage_healed":0,"gold_gain":100,"player_choice":"Pray","damage_taken":0,"max_hp_gain":0,"max_hp_loss":0,"event_name":"Golden Shrine","floor":29,"gold_loss":0},{"damage_healed":0,"gold_gain":0,"player_choice":"Embrace Madness","damage_taken":9,"max_hp_gain":0,"max_hp_loss":0,"event_name":"Winding Halls","floor":37,"gold_loss":0,"cards_obtained":["Madness","Madness"]},{"damage_healed":0,"gold_gain":0,"player_choice":"Fight","damage_taken":0,"max_hp_gain":0,"max_hp_loss":0,"event_name":"Mysterious Sphere","floor":38,"gold_loss":0}],"is_beta":false,"boss_relics":[{"not_picked":["Painkiller Herb","Replay:Ancient Bell"],"picked":"Ring of the Serpent"},{"not_picked":["Runic Dome","Tiny House"],"picked":"Astrolabe"}],"items_purged_floors":[22],"is_endless":false,"potions_floor_spawned":[4,11,16,21,31],"killed_by":"2 Orb Walkers","ascension_level":0}}