{"host":"1avr1135to2copjv","time":1613466645,"event":{"mods":["BaseMod","Colored Map","Colored Powertips","Filter the Spire","Minty Spire (QoL Compilation)","Relic Stats","StSLib","The Servant 0.9.4"],"gold_per_floor":[115,133,146,161,228,228,253,353,428,428,447,459,474,474,474,579,579,589,276,276,292,292,320,320,73,73,73,73,86,120,120,120,217,217,233,283,283,283,283,283,314,331,403,403,403,403,428,440,440,440,440,440,64,64,64],"floor_reached":54,"language":"ENG","playtime":6626,"items_purged":["Strike_S","Writhe","Strike_S+1"],"score":931,"play_id":"75fa488c-bf56-445b-90e8-58b69cca91e9","local_time":"20210216121045","is_ascension_mode":false,"campfire_choices":[{"data":"KidneyShot","floor":6.0,"key":"SMITH"},{"data":"FanOfKnives","floor":10.0,"key":"SMITH"},{"data":"Rearm","floor":15.0,"key":"SMITH"},{"data":"BestPractice","floor":24.0,"key":"SMITH"},{"floor":28.0,"key":"REST"},{"floor":32,"key":"DIG"},{"floor":40,"key":"DIG"},{"floor":45,"key":"RECALL"},{"floor":49,"key":"DIG"},{"floor":52,"key":"DIG"}],"circlet_count":0,"master_deck":["Strike_S+1","Defend_S+1","Defend_S+1","Defend_S+1","KidneyShot+1","Exchange+1","Sunlight","Revamp","WasteNot","Defy+1","BestPractice+1","FanOfKnives+1","Snipe","Rearm+1","Contraction","Dilation","Sabotage","Foresight","Barrier","Trip","SurpressingFire","BottledTime","Replace","Contraction+1","Ghostly","Ghostly","Ghostly","Ghostly","Ghostly","LightFlow","Rearm+1","Madness","Madness","Deny","DualDimension+1","Violence","Purity"],"relics":["Uniform","Gambling Chip","Blue Candle","War Paint","Empty Cage","MutagenicStrength","Ancient Tea Set","Shovel","Anchor","Torii","Bottled Tornado","Blood Vial","Coffee Dripper","Pocketwatch","Omamori","Pen Nib","Bird Faced Urn","WarpedTongs","Question Card","Mercury Hourglass","InkBottle","Membership Card"],"acts_visited":["Exordium","TheCity","TheBeyond","TheEnding"],"potions_floor_usage":[30,30,50,54,54],"damage_taken":[{"damage":0.0,"enemies":"2 Louse","floor":1.0,"turns":2.0},{"damage":0.0,"enemies":"Small Slimes","floor":2.0,"turns":4.0},{"damage":3.0,"enemies":"Cultist","floor":3.0,"turns":5.0},{"damage":8.0,"enemies":"Lots of Slimes","floor":4.0,"turns":2.0},{"damage":17.0,"enemies":"3 Sentries","floor":7.0,"turns":6.0},{"damage":1.0,"enemies":"Exordium Thugs","floor":11.0,"turns":5.0},{"damage":0.0,"enemies":"Large Slime","floor":12.0,"turns":5.0},{"damage":9.0,"enemies":"Blue Slaver","floor":13.0,"turns":2.0},{"damage":27.0,"enemies":"Hexaghost","floor":16.0,"turns":16.0},{"damage":0.0,"enemies":"Chosen","floor":18.0,"turns":6.0},{"damage":14.0,"enemies":"2 Thieves","floor":21.0,"turns":4.0},{"damage":22.0,"enemies":"Book of Stabbing","floor":23.0,"turns":11.0},{"damage":1.0,"enemies":"Centurion and Healer","floor":29.0,"turns":13.0},{"damage":38,"enemies":"Slavers","floor":30,"turns":7},{"damage":0,"enemies":"Champ","floor":33,"turns":26},{"damage":0,"enemies":"3 Shapes","floor":35,"turns":4},{"damage":0,"enemies":"Mind Bloom Boss Battle","floor":36,"turns":10},{"damage":0,"enemies":"Nemesis","floor":41,"turns":9},{"damage":0,"enemies":"Orb Walker","floor":42,"turns":3},{"damage":0,"enemies":"Reptomancer","floor":47,"turns":6},{"damage":0,"enemies":"4 Shapes","floor":48,"turns":5},{"damage":0,"enemies":"Time Eater","floor":50,"turns":18},{"damage":43,"enemies":"Shield and Spear","floor":54,"turns":9}],"seed_played":"4739687101502252452","potions_obtained":[{"floor":7.0,"key":"EssenceOfSteel"},{"floor":11.0,"key":"Regen Potion"},{"floor":12.0,"key":"LiquidMemories"},{"floor":16.0,"key":"GamblersBrew"},{"floor":21.0,"key":"PowerPotion"},{"floor":30,"key":"Weak Potion"},{"floor":35,"key":"Block Potion"},{"floor":47,"key":"SteroidPotion"}],"is_trial":false,"path_per_floor":["M","M","M","M","?","R","E","?","T","R","M","M","M","T","R","B",null,"M","$","?","M","?","E","R","$","T","?","R","M","E","?","R","B",null,"M","?","?","?","?","R","E","M","T","T","R","?","E","M","R","B",null,"R","$","E"],"character_chosen":"THE_SERVANT","items_purchased":["Foresight","Barrier","Trip","Weak Potion","Anchor","Membership Card","Violence","Weak Potion","Purity"],"campfire_rested":1,"item_purchase_floors":[19,19,19,19,25,53,53,53,53],"current_hp_per_floor":[65,65,62,54,54,54,37,37,37,37,36,36,32,32,32,5,65,65,65,65,51,51,29,29,29,29,29,48,47,9,9,9,11,32,32,32,32,32,28,28,30,32,32,32,32,32,32,32,32,32,32,32,32,0,0],"gold":64,"neow_bonus":"ONE_RANDOM_RARE_CARD","is_daily":false,"chose_seed":false,"campfire_upgraded":4,"win_rate":0.0,"timestamp":1613466645,"path_taken":["M","M","M","M","?","R","E","?","T","R","?","M","?","?","R","BOSS","M","$","?","M","?","E","R","$","T","?","R","M","E","?","R","BOSS","M","?","?","?","?","R","E","?","T","?","R","?","E","M","R","BOSS","R","$","E"],"items_purchased_type":["Card","Card","Card","Potion","Relic","Relic","Card","Potion","Card"],"build_version":"2020-12-22","purchased_purges":3,"victory":false,"max_hp_per_floor":[65,65,65,65,65,65,65,65,65,65,65,65,65,65,65,65,65,65,65,65,65,65,65,65,65,65,65,65,65,65,32,32,32,32,32,32,32,32,32,32,32,32,32,32,32,32,32,32,32,32,32,32,32,32,32],"relic_stats":{"Torii":36,"counters":[23,177],"Blue Candle":[0],"Pen Nib":[4],"War Paint":["Exchange","Defy"],"Question Card":1,"WarpedTongs":[29],"Mercury Hourglass":[79],"Blood Vial":6,"Shovel":4,"Gambling Chip":[43],"Bird Faced Urn":[2],"obtain_stats":[{"Torii":26,"Blue Candle":9,"Pen Nib":41,"Uniform":0,"Omamori":40,"War Paint":14,"Bottled Tornado":30,"Empty Cage":17,"Ancient Tea Set":22,"Question Card":47,"WarpedTongs":46,"Mercury Hourglass":49,"Blood Vial":32,"Anchor":25,"Shovel":23,"Gambling Chip":7,"MutagenicStrength":20,"Bird Faced Urn":44,"Coffee Dripper":34,"Membership Card":53,"InkBottle":52,"Pocketwatch":36},{"Torii":12,"Blue Candle":5,"Pen Nib":18,"Uniform":0,"Omamori":17,"War Paint":8,"Bottled Tornado":14,"Empty Cage":9,"Ancient Tea Set":11,"Question Card":20,"WarpedTongs":19,"Mercury Hourglass":21,"Blood Vial":14,"Anchor":12,"Shovel":12,"Gambling Chip":5,"MutagenicStrength":10,"Bird Faced Urn":19,"Coffee Dripper":15,"Membership Card":22,"InkBottle":22,"Pocketwatch":17},{"Torii":67,"Blue Candle":19,"Pen Nib":136,"Uniform":0,"Omamori":127,"War Paint":31,"Bottled Tornado":87,"Empty Cage":47,"Ancient Tea Set":56,"Question Card":145,"WarpedTongs":139,"Mercury Hourglass":150,"Blood Vial":87,"Anchor":67,"Shovel":67,"Gambling Chip":19,"MutagenicStrength":52,"Bird Faced Urn":139,"Coffee Dripper":113,"Membership Card":168,"InkBottle":168,"Pocketwatch":127}],"InkBottle":[4],"Pocketwatch":[30]},"card_choices":[{"not_picked":["ShatteredReality","Ricochet"],"picked":"Revamp","floor":1.0},{"not_picked":["Sabotage","Rearm"],"picked":"WasteNot","floor":2.0},{"not_picked":["Rewind","Replace"],"picked":"Defy","floor":3.0},{"not_picked":["Sabotage","Rearm"],"picked":"BestPractice","floor":4.0},{"not_picked":["Rewind","Initiator"],"picked":"FanOfKnives","floor":7.0},{"not_picked":["Rewind","ShatteredReality"],"picked":"Snipe","floor":11.0},{"not_picked":["Ricochet","Read"],"picked":"Rearm","floor":12.0},{"not_picked":["Revamp","FastForward"],"picked":"Contraction","floor":13.0},{"not_picked":["PendulumOfEternity","KillingDoll"],"picked":"Dilation","floor":16.0},{"not_picked":["Snipe+1","TimeWarp+1"],"picked":"Sabotage","floor":18.0},{"not_picked":["RealityMarble","Rewind"],"picked":"SurpressingFire","floor":21.0},{"not_picked":["Starlight","PendulumOfEternity"],"picked":"BottledTime","floor":23.0},{"not_picked":["Barrier","TimeWarp"],"picked":"Replace","floor":29.0},{"not_picked":["Revamp","TimeWarp"],"picked":"Contraction+1","floor":30},{"not_picked":["KillingDoll","FloweringNight"],"picked":"LightFlow","floor":33},{"not_picked":["TimeWarp+1","DoubleEdge+1"],"picked":"Comet+1","floor":35},{"not_picked":["TimeWarp+1","Sabotage+1"],"picked":"Rearm+1","floor":36},{"not_picked":["ShatteredReality","BottledTime+1"],"picked":"Deny","floor":41},{"not_picked":["Starlight+1","TimeWarp+1","Moonlight"],"picked":"SKIP","floor":42},{"not_picked":["Starlight+1","Spin","DoubleEdge"],"picked":"SKIP","floor":47},{"not_picked":["FastForward","Comet+1","Replace+1"],"picked":"DualDimension+1","floor":48}],"player_experience":1039872,"relics_obtained":[{"floor":7.0,"key":"Gambling Chip"},{"floor":9.0,"key":"Blue Candle"},{"floor":14.0,"key":"War Paint"},{"floor":23.0,"key":"Shovel"},{"floor":26.0,"key":"Torii"},{"floor":30,"key":"Bottled Tornado"},{"floor":32,"key":"Blood Vial"},{"floor":36,"key":"Pocketwatch"},{"floor":40,"key":"Omamori"},{"floor":41,"key":"Pen Nib"},{"floor":44,"key":"Bird Faced Urn"},{"floor":47,"key":"Question Card"},{"floor":49,"key":"Mercury Hourglass"},{"floor":52,"key":"InkBottle"}],"event_choices":[{"damage_healed":0.0,"max_hp_gain":0.0,"max_hp_loss":0.0,"gold_gain":67.0,"event_name":"Golden Wing","player_choice":"Gained Gold","floor":5.0,"gold_loss":0.0,"damage_taken":0.0},{"damage_healed":0.0,"max_hp_gain":0.0,"max_hp_loss":0.0,"gold_gain":100.0,"event_name":"Golden Shrine","player_choice":"Pray","floor":8.0,"gold_loss":0.0,"damage_taken":0.0},{"damage_healed":0.0,"max_hp_gain":0.0,"max_hp_loss":0.0,"gold_gain":0.0,"event_name":"Drug Dealer","player_choice":"Inject Mutagens","floor":20.0,"gold_loss":0.0,"damage_taken":0.0,"relics_obtained":["MutagenicStrength"]},{"damage_healed":0.0,"max_hp_gain":0.0,"max_hp_loss":0.0,"gold_gain":0.0,"event_name":"The Mausoleum","player_choice":"Opened","floor":22.0,"gold_loss":0.0,"damage_taken":0.0,"relics_obtained":["Ancient Tea Set"],"cards_obtained":["Writhe"]},{"damage_healed":0.0,"max_hp_gain":0.0,"max_hp_loss":0.0,"gold_gain":0.0,"event_name":"Back to Basics","player_choice":"Simplicity","floor":27.0,"gold_loss":0.0,"damage_taken":0.0,"cards_upgraded":["Strike_S","Strike_S","Defend_S","Defend_S","Defend_S"]},{"damage_healed":0,"gold_gain":0,"player_choice":"Became a Ghost","damage_taken":0,"max_hp_gain":0,"max_hp_loss":33,"event_name":"Ghosts","floor":31,"gold_loss":0,"cards_obtained":["Ghostly","Ghostly","Ghostly","Ghostly","Ghostly"]},{"damage_healed":0,"gold_gain":0,"player_choice":"Fight","damage_taken":0,"max_hp_gain":0,"max_hp_loss":0,"event_name":"MindBloom","floor":36,"gold_loss":0},{"cards_removed":["Comet"],"damage_healed":0,"gold_gain":0,"player_choice":"Removed Attack","damage_taken":0,"max_hp_gain":0,"max_hp_loss":0,"event_name":"Falling","floor":37,"gold_loss":0},{"damage_healed":0,"gold_gain":0,"player_choice":"Ignored","damage_taken":0,"max_hp_gain":0,"max_hp_loss":0,"event_name":"Tomb of Lord Red Mask","floor":38,"gold_loss":0},{"damage_healed":0,"gold_gain":0,"player_choice":"Embrace Madness","damage_taken":4,"max_hp_gain":0,"max_hp_loss":0,"event_name":"Winding Halls","floor":39,"gold_loss":0,"cards_obtained":["Madness","Madness"]},{"damage_healed":0,"gold_gain":0,"player_choice":"Rummage","damage_taken":0,"relics_obtained":["WarpedTongs"],"max_hp_gain":0,"max_hp_loss":0,"event_name":"Accursed Blacksmith","floor":46,"gold_loss":0,"cards_obtained":["Pain"]}],"is_beta":false,"boss_relics":[{"not_picked":["Velvet Choker","MysterySword"],"picked":"Empty Cage"},{"not_picked":["Astrolabe","SlaversCollar"],"picked":"Coffee Dripper"}],"items_purged_floors":[19,25,53],"is_endless":false,"potions_floor_spawned":[7,11,12,16,21,30,35,47],"killed_by":"Shield and Spear","ascension_level":0}}