{"host":"irc1izoeqqttpzsx","time":1613470184,"event":{"mods":["2.2 Compatiblity","Aspiration","BaseMod","Better Note","BetterRewards","Colored Map","Colored Powertips","Conspire","DeckTracker","GifTheSpireLib","Highlight Path","Hubris","Infinite Spire","Mad Scientist","Mimic Mod","Minty Spire (QoL Compilation)","Quick Restart","Rare Cards Sparkle","Relic Sorter","Replay The Spire","Shop Mod","Spikes Relics","StSLib","SuperFastMode","The Servant 0.9.4","Trackpad","Uncapped","Weighted Paths"],"gold_per_floor":[10118,10118,10135,10164,10264,10264,10296,10327,10327,10381,10413,10413,10445,10445,10445,10548,10548,10563,10563,10599,10671,10671,10671,10671,10671,10804,10804,10879,10952,9747,9780,9780,9933,9933,9962,10026,10026,10026,10026],"floor_reached":38,"language":"ENG","playtime":1655,"items_purged":["Steam"],"score":612,"play_id":"00822ead-731e-4439-b414-9563eeb57fdb","local_time":"20210216050944","is_ascension_mode":false,"campfire_choices":[{"data":"FlurryOfBlows","floor":6,"key":"SMITH"},{"floor":15,"key":"REST"},{"data":"DevaForm","floor":23,"key":"SMITH"},{"data":"Eruption","floor":25,"key":"SMITH"},{"data":"LikeWater","floor":27,"key":"SMITH"},{"data":"JustLucky","floor":32,"key":"SMITH"}],"circlet_count":0,"master_deck":["Eruption+1","Vigilance","Halt","FlurryOfBlows+1","TalkToTheHand+1","Conclude","Prostrate","Replay:DivineShield","ForeignInfluence","Replay:LoomingThreat","DevaForm+1","TalkToTheHand","DeceiveReality","LikeWater+1","WaveOfTheHand","Tantrum+1","Pray","Replay:ManipulateFuture","Prostrate","Alpha+1","JustLucky+1","Vault","ClearTheMind+1"],"relics":["PureWater","trackpad:HandOfMidas","trackpad:Compendium","MealTicket","Oddly Smooth Stone","hubris:ToyBattleship","SacredBark","Pandora\u0027s Box","Smiling Mask","Question Card","hubris:PeanutButter","ClockworkSouvenir","aspiration:HummingbirdHeart","MerchantsRug","conspire:RoyalGoblet"],"acts_visited":["Exordium","TheCity","TheBeyond"],"potions_floor_usage":[8,8,18,20,28,30,31,33,38],"damage_taken":[{"damage":4,"enemies":"Small Slimes","floor":1,"turns":4},{"damage":0,"enemies":"2 Louse","floor":3,"turns":3},{"damage":18,"enemies":"conspire:MimicChest","floor":4,"turns":7},{"damage":0,"enemies":"conspire:RoseBush","floor":7,"turns":1},{"damage":9,"enemies":"Replay:BlueRogue","floor":8,"turns":3},{"damage":0,"enemies":"2 Fungi Beasts","floor":10,"turns":2},{"damage":13,"enemies":"3 Sentries","floor":11,"turns":7},{"damage":8,"enemies":"Lagavulin","floor":13,"turns":7},{"damage":0,"enemies":"Fading Forest","floor":16,"turns":11},{"damage":0,"enemies":"Chosen","floor":18,"turns":3},{"damage":0,"enemies":"3 Byrds","floor":20,"turns":4},{"damage":14,"enemies":"Snecko","floor":21,"turns":8},{"damage":0,"enemies":"conspire:HollyBat","floor":26,"turns":5},{"damage":2,"enemies":"conspire:HollyBat","floor":28,"turns":5},{"damage":2,"enemies":"3 Cultists","floor":29,"turns":6},{"damage":0,"enemies":"conspire:Head Lice","floor":31,"turns":4},{"damage":0,"enemies":"Automaton","floor":33,"turns":4},{"damage":4,"enemies":"3 Shapes","floor":35,"turns":9},{"damage":12,"enemies":"Orb Walker","floor":36,"turns":5},{"damage":100028,"enemies":"Transient","floor":38,"turns":6}],"seed_played":"-1934224206670577191","potions_obtained":[{"floor":1,"key":"Swift Potion"},{"floor":4,"key":"Cursed Concoction"},{"floor":7,"key":"FearPotion"},{"floor":8,"key":"Swift Potion"},{"floor":10,"key":"BottledMiracle"},{"floor":18,"key":"Elixir"},{"floor":28,"key":"Fire Potion"},{"floor":31,"key":"DistilledChaos"},{"floor":36,"key":"BottledMiracle"}],"is_trial":false,"path_per_floor":["M","?","M","?","?","R","M","E","T","M","E","?","E","?","R","B",null,"M","AVR","M","M","?","R","?","R","MIM","R","M","M","$","E","R","B",null,"M","M","?","M"],"character_chosen":"WATCHER","items_purchased":["hubris:PeanutButter","ClockworkSouvenir","aspiration:HummingbirdHeart","Alpha+1","JustLucky","MerchantsRug","Fruit Juice","Strength Potion","SkillPotion"],"campfire_rested":1,"item_purchase_floors":[30,30,30,30,30,30,30,30,30],"current_hp_per_floor":[68,61,61,43,43,43,43,34,34,34,21,21,13,13,34,34,72,72,72,72,58,58,58,58,58,58,58,56,54,79,79,79,79,82,78,66,82,0,0],"gold":10026,"neow_bonus":"RANDOM_COLORLESS","is_daily":false,"chose_seed":false,"campfire_upgraded":5,"win_rate":0.0,"timestamp":1613470184,"path_taken":["M","?","M","?","?","R","?","E","T","M","E","?","E","?","R","BOSS","M","AVR","M","M","?","R","?","R","MIM","R","M","M","$","E","R","BOSS","M","M","?","M"],"items_purchased_type":["Relic","Relic","Relic","Card","Card","Relic","Potion","Potion","Potion"],"build_version":"2020-12-22","purchased_purges":1,"victory":false,"max_hp_per_floor":[72,72,72,72,72,72,72,72,72,72,72,72,72,72,72,72,72,72,72,72,72,72,72,72,72,72,72,72,72,82,82,82,82,82,82,82,82,82,82],"card_choices":[{"not_picked":["ReplayTheSpireMod:Uncanny Aura","Specialist"],"picked":"Flash of Steel","floor":0},{"not_picked":["Consecrate","CrushJoints"],"picked":"Halt","floor":1},{"not_picked":["CrushJoints","MentalFortress"],"picked":"FlurryOfBlows","floor":3},{"not_picked":["BowlingBash","FlyingSleeves"],"picked":"TalkToTheHand","floor":4},{"not_picked":["JustLucky","Halt"],"picked":"Conclude","floor":7},{"not_picked":["ClearTheMind","Perseverance"],"picked":"Prostrate","floor":8},{"not_picked":["WaveOfTheHand","ConjureBlade","BowlingBash"],"picked":"SKIP","floor":10},{"not_picked":["Protect","Replay:Battleflow"],"picked":"Replay:DivineShield","floor":11},{"not_picked":["ClearTheMind","ReachHeaven","FlyingSleeves"],"picked":"SKIP","floor":13},{"not_picked":["Evaluate","Replay:BluntJabs","ForeignInfluence"],"picked":"SKIP","floor":18},{"not_picked":["SashWhip","Consecrate+1","SignatureMove"],"picked":"SKIP","floor":20},{"not_picked":["BowlingBash+1","Consecrate"],"picked":"Tantrum+1","floor":21},{"not_picked":["Replay:AtTheReady","EmptyMind"],"picked":"Pray","floor":26},{"not_picked":["Worship","LessonLearned","BowlingBash"],"picked":"Replay:ManipulateFuture","floor":28},{"not_picked":["WheelKick+1","FlurryOfBlows","Consecrate+1"],"picked":"Prostrate","floor":29},{"not_picked":["Sanctity","MentalFortress+1","Tantrum","WaveOfTheHand"],"picked":"SKIP","floor":31},{"not_picked":["DevaForm","Blasphemy","Scrawl"],"picked":"Vault","floor":33},{"not_picked":["CutThroughFate+1","BowlingBash","DeceiveReality+1"],"picked":"ClearTheMind+1","floor":35},{"not_picked":["ClearTheMind+1","Halt","CrushJoints+1","EmptyFist+1"],"picked":"SKIP","floor":36}],"player_experience":506318,"relics_obtained":[{"floor":4,"key":"trackpad:Compendium"},{"floor":8,"key":"MealTicket"},{"floor":11,"key":"Oddly Smooth Stone"},{"floor":13,"key":"hubris:ToyBattleship"},{"floor":26,"key":"Question Card"}],"event_choices":[{"damage_healed":0,"gold_gain":0,"player_choice":"Success","damage_taken":7,"relics_obtained":["trackpad:HandOfMidas"],"max_hp_gain":0,"max_hp_loss":0,"event_name":"Scrap Ooze","floor":2,"gold_loss":0},{"damage_healed":0,"gold_gain":100,"player_choice":"Pray","damage_taken":0,"max_hp_gain":0,"max_hp_loss":0,"event_name":"Golden Shrine","floor":5,"gold_loss":0},{"damage_healed":0,"gold_gain":0,"player_choice":"Grow","damage_taken":0,"max_hp_gain":0,"max_hp_loss":0,"event_name":"Living Wall","floor":14,"gold_loss":0,"cards_upgraded":["TalkToTheHand"]},{"damage_healed":0,"gold_gain":0,"player_choice":"Ignored","damage_taken":0,"max_hp_gain":0,"max_hp_loss":0,"event_name":"betterNote:BetterNote","floor":22,"gold_loss":0,"cards_obtained":["Duplication"]},{"damage_healed":0,"gold_gain":0,"player_choice":"Gave Potion","damage_taken":0,"relics_obtained":["Smiling Mask"],"max_hp_gain":0,"max_hp_loss":0,"event_name":"WeMeetAgain","floor":24,"gold_loss":0},{"cards_removed":["Flash of Steel"],"damage_healed":16,"gold_gain":0,"player_choice":"Offered Uncommon","damage_taken":0,"max_hp_gain":0,"max_hp_loss":0,"event_name":"Bonfire Elementals","floor":37,"gold_loss":0}],"is_beta":false,"boss_relics":[{"not_picked":["aspiration:RunicSpoon","Painkiller Herb"],"picked":"SacredBark"},{"not_picked":["conspire:RunicOctahedron","Tiny House"],"picked":"conspire:RoyalGoblet"}],"items_purged_floors":[30],"is_endless":false,"potions_floor_spawned":[1,4,7,8,10,18,28,31,36],"killed_by":"Transient","ascension_level":0}}