{"host":"3mt4w4o4jnuk8q1t","time":1613490353,"event":{"mods":["Act Like it!","BaseMod","Colored Map","Colored Powertips","Decade(王小明)","Gensokyo","GungeonMod","Hermit","Jedi Mod","Marisa（F雨　魔理沙）","Minty Spire (QoL Compilation)","Red Circlet Mod","Reimu（博丽灵梦）","Remilia（蕾米莉亚）","Replay The Spire","Robot Space Explorer","RumiaBox-露米娅的神秘盒子","Shop Mod","Spicy Shops","StSLib","TestMod","The Jungle","Waifu the Spire","Yakumo Yukari mod","Youmu（魂魄妖梦）","[IsaacMod]以撒尖塔","【功能Mod】混沌之环修复补丁","【功能Mod】聪明的最终Boss"],"gold_per_floor":[115,128,139,13,63,63,73,99,99,113,138,9,50,80,80,181,181,194,60,60,60,76,93,93,413,413,413,436,436,653,663,663,663,663],"floor_reached":33,"language":"ZHS","playtime":3078,"items_purged":[],"score":392,"play_id":"dc22b0ff-36ca-42e6-8f6c-b7a34a427cd4","local_time":"20210216234553","is_ascension_mode":false,"campfire_choices":[{"floor":6,"key":"RECALL"},{"floor":24,"key":"REST"},{"floor":29,"key":"REST"}],"circlet_count":0,"master_deck":["RobotSpaceExplorer:Strike","RobotSpaceExplorer:Strike","RobotSpaceExplorer:Strike","RobotSpaceExplorer:Strike","RobotSpaceExplorer:Defend","RobotSpaceExplorer:Defend","RobotSpaceExplorer:Defend","RobotSpaceExplorer:Defend","RobotSpaceExplorer:Scan","RobotSpaceExplorer:MiniLasers","RobotSpaceExplorer:Fix","RobotSpaceExplorer:LuckyStrike","RobotSpaceExplorer:ScrapMissile","RobotSpaceExplorer:Pulsar","RobotSpaceExplorer:SurgingStrike+1","RobotSpaceExplorer:StarLightning","RobotSpaceExplorer:MakeshiftVolley","RobotSpaceExplorer:StarLightning","RobotSpaceExplorer:Electropulse","RobotSpaceExplorer:IronShell","RobotSpaceExplorer:StarLightning","RobotSpaceExplorer:Calculate+1","RobotSpaceExplorer:BlastShield","RobotSpaceExplorer:Multitool+1","RobotSpaceExplorer:Pulsar","RobotSpaceExplorer:Probe+1","RobotSpaceExplorer:MetalStrike+1","RobotSpaceExplorer:DualCore+1","RobotSpaceExplorer:Scanner+1","RobotSpaceExplorer:Accelerator+1","Decay","RobotSpaceExplorer:StarLightning","Gensokyo:AllTheWorldsEvil","RobotSpaceExplorer:SlimeMissile","RobotSpaceExplorer:FrostMissile"],"relics":["RobotSpaceExplorer:RoboCore","HushsDoor","testmod-TestBox","testmod-RealStoneCalender","Baka2","BloodDonationBag","MerchantsRug","testmod-IndustrialRevolution","jedi:angrymask","Frozen Egg 2","Dream Catcher","Anchor","Void","RobotSpaceExplorer:SearchSpecs","Mastiff:ReiMu","Gensokyo:MosesMiracle","testmod-ArcanaOfDestiny","Ring of Fury","MoneyPower","Ancient Tea Set"],"acts_visited":["Exordium","Gensokyo:Gensokyo"],"potions_floor_usage":[14,16,18,23,25,33],"damage_taken":[{"damage":2,"enemies":"Gensokyo:2_Kodama","floor":1,"turns":3},{"damage":0,"enemies":"Gensokyo:Python","floor":2,"turns":2},{"damage":0,"enemies":"Gensokyo:3_Fairies","floor":3,"turns":3},{"damage":22,"enemies":"Hiden Room Battle","floor":5,"turns":4},{"damage":17,"enemies":"Gensokyo:CorruptedTreant","floor":7,"turns":3},{"damage":0,"enemies":"Gensokyo:Mamizou","floor":8,"turns":2},{"damage":0,"enemies":"Gensokyo:LivingMonolith","floor":10,"turns":2},{"damage":0,"enemies":"Gensokyo:Cirno","floor":11,"turns":4},{"damage":16,"enemies":"Gensokyo:Aya","floor":14,"turns":5},{"damage":11,"enemies":"Gensokyo:Yukari","floor":16,"turns":6},{"damage":5,"enemies":"Gensokyo:3_Dogs","floor":18,"turns":3},{"damage":25,"enemies":"Gensokyo:CosmicMonolith","floor":22,"turns":5},{"damage":0,"enemies":"Gensokyo:Slime_Group","floor":23,"turns":2},{"damage":86,"enemies":"Gensokyo:Wraith","floor":25,"turns":6},{"damage":3,"enemies":"Gensokyo:Swordslinger","floor":30,"turns":3},{"damage":0,"enemies":"Gensokyo:Slime_Group","floor":31,"turns":3},{"damage":69,"enemies":"Gensokyo:Kaguya","floor":33,"turns":5}],"seed_played":"6517675059183167155","potions_obtained":[{"floor":3,"key":"jedi:hoardpotion"},{"floor":5,"key":"DistilledChaos"},{"floor":11,"key":"AttackPotion"},{"floor":14,"key":"FearPotion"},{"floor":18,"key":"Swift Potion"},{"floor":22,"key":"Explosive Potion"},{"floor":23,"key":"PowerPotion"},{"floor":30,"key":"ZuzhouPotion:ReiMu"}],"is_trial":false,"path_per_floor":["M","M","M","$","?","R","M","E","T","M","E","COS","?","?","R_BF","B",null,"M","COS","?","?","M","M","R","M","T","?","T","R","M","M","R_BF","B"],"character_chosen":"RobotSpaceExplorer","items_purchased":["RobotSpaceExplorer:Pulsar","MerchantsRug"],"campfire_rested":2,"item_purchase_floors":[4,4],"current_hp_per_floor":[80,80,82,64,46,46,33,37,37,41,45,45,45,33,57,46,82,87,87,87,87,62,62,88,29,29,29,29,55,52,52,52,0,0],"gold":663,"neow_bonus":"TEN_PERCENT_HP_BONUS","is_daily":false,"chose_seed":false,"campfire_upgraded":0,"win_rate":0.0,"timestamp":1613490353,"path_taken":["M","M","M","$","?","R","M","E","T","?","E","COS","?","?","R_BF","BOSS","M","COS","?","?","M","M","R","M","T","?","?","R","?","M","R_BF","BOSS"],"items_purchased_type":["Card","Relic"],"build_version":"2020-12-22","purchased_purges":0,"victory":false,"max_hp_per_floor":[82,82,82,82,82,82,82,82,82,82,82,82,82,82,82,82,82,89,89,89,89,89,89,89,89,89,89,89,89,89,89,89,89,89],"card_choices":[{"not_picked":[],"picked":"Bomb","floor":0},{"not_picked":["RobotSpaceExplorer:ShovelStrike","RobotSpaceExplorer:Probe"],"picked":"RobotSpaceExplorer:Fix","floor":1},{"not_picked":["RobotSpaceExplorer:StunGrenade","RobotSpaceExplorer:Probe"],"picked":"RobotSpaceExplorer:LuckyStrike","floor":2},{"not_picked":["RobotSpaceExplorer:TurboDodge","RobotSpaceExplorer:GearShield"],"picked":"RobotSpaceExplorer:ScrapMissile","floor":3},{"not_picked":["RobotSpaceExplorer:Ammunition","RobotSpaceExplorer:StunGrenade"],"picked":"RobotSpaceExplorer:SurgingStrike","floor":5},{"not_picked":["RobotSpaceExplorer:ShockMissile","RobotSpaceExplorer:SurgingShield"],"picked":"RobotSpaceExplorer:StarLightning","floor":7},{"not_picked":["RobotSpaceExplorer:Jetpack","RobotSpaceExplorer:MiniDrones"],"picked":"RobotSpaceExplorer:MakeshiftVolley","floor":8},{"not_picked":["RobotSpaceExplorer:FreezingShield","RobotSpaceExplorer:MiniDrones"],"picked":"RobotSpaceExplorer:StarLightning","floor":10},{"not_picked":["RobotSpaceExplorer:GlueShot","RobotSpaceExplorer:StunGrenade"],"picked":"RobotSpaceExplorer:Electropulse","floor":11},{"not_picked":["RobotSpaceExplorer:ScrapMissile","RobotSpaceExplorer:MiniDrones"],"picked":"RobotSpaceExplorer:IronShell","floor":13},{"not_picked":["RobotSpaceExplorer:Blitz","RobotSpaceExplorer:GlueShot"],"picked":"RobotSpaceExplorer:StarLightning","floor":13},{"not_picked":["RobotSpaceExplorer:Electroshield+1","RobotSpaceExplorer:Ammunition+1"],"picked":"RobotSpaceExplorer:Calculate+1","floor":14},{"not_picked":["RobotSpaceExplorer:ScrapMissile","RobotSpaceExplorer:IronShell"],"picked":"RobotSpaceExplorer:BlastShield","floor":14},{"not_picked":["RobotSpaceExplorer:ShovelStrike","RobotSpaceExplorer:MetalStrike"],"picked":"RobotSpaceExplorer:MiniBoosters+1","floor":15},{"not_picked":["RobotSpaceExplorer:Explosion","RobotSpaceExplorer:Wormhole"],"picked":"RobotSpaceExplorer:Multitool+1","floor":16},{"not_picked":["RobotSpaceExplorer:MiniBoosters+1","RobotSpaceExplorer:ScrapMissile+1"],"picked":"RobotSpaceExplorer:Pulsar","floor":18},{"not_picked":["RobotSpaceExplorer:ShovelStrike+1","RobotSpaceExplorer:GlueSpray+1"],"picked":"RobotSpaceExplorer:Probe+1","floor":22},{"not_picked":["RobotSpaceExplorer:Probe","RobotSpaceExplorer:IronShell"],"picked":"RobotSpaceExplorer:MetalStrike+1","floor":22},{"not_picked":["RobotSpaceExplorer:LuckyStrike","RobotSpaceExplorer:FrostMissile"],"picked":"RobotSpaceExplorer:DualCore+1","floor":23},{"not_picked":["RobotSpaceExplorer:LaserBurst","RobotSpaceExplorer:StarLightning"],"picked":"RobotSpaceExplorer:Scanner+1","floor":24},{"not_picked":["RobotSpaceExplorer:Wormhole","RobotSpaceExplorer:Scanner"],"picked":"RobotSpaceExplorer:Accelerator","floor":25},{"not_picked":["RobotSpaceExplorer:Ammunition","RobotSpaceExplorer:FrostMissile","RobotSpaceExplorer:ShockKick"],"picked":"SKIP","floor":25},{"not_picked":["RobotSpaceExplorer:SlimeMissile+1","RobotSpaceExplorer:DualCore+1"],"picked":"RobotSpaceExplorer:StarLightning","floor":29},{"not_picked":["RobotSpaceExplorer:FreezingShield+1","RobotSpaceExplorer:DoubleBlock","RobotSpaceExplorer:SurgingStrike"],"picked":"SKIP","floor":30},{"not_picked":["RobotSpaceExplorer:ScrapMissile","RobotSpaceExplorer:StunGrenade+1"],"picked":"RobotSpaceExplorer:SlimeMissile","floor":31}],"player_experience":211592,"relics_obtained":[{"floor":1,"key":"Baka"},{"floor":2,"key":"Baka2"},{"floor":3,"key":"testmod-TestBox"},{"floor":5,"key":"testmod-IndustrialRevolution"},{"floor":5,"key":"jedi:angrymask"},{"floor":8,"key":"Frozen Egg 2"},{"floor":11,"key":"Dream Catcher"},{"floor":13,"key":"Anchor"},{"floor":14,"key":"Void"},{"floor":18,"key":"Strawberry"},{"floor":25,"key":"Gensokyo:MosesMiracle"},{"floor":26,"key":"testmod-ArcanaOfDestiny"},{"floor":27,"key":"Ring of Fury"},{"floor":28,"key":"MoneyPower"}],"event_choices":[{"damage_healed":0,"gold_gain":0,"player_choice":"Fight","damage_taken":0,"max_hp_gain":0,"max_hp_loss":0,"event_name":"HidenRoomEvent","floor":5,"gold_loss":0}],"is_beta":false,"boss_relics":[{"not_picked":["testmod-Temperance","testmod-Nine"],"picked":"RobotSpaceExplorer:SearchSpecs"},{"not_picked":[]}],"items_purged_floors":[],"is_endless":false,"potions_floor_spawned":[3,5,11,14,18,22,23,30],"killed_by":"Gensokyo:Kaguya","ascension_level":0}}