{"host":"ocll6kdfqxraqtza","time":1613473488,"event":{"mods":["2.2 Compatiblity","Act Like it!","Arknights","Aspiration","BaseMod","Better Third Choice","Gensokyo","Hallownest","Hermit","Hubris","Jorbs\u0027s Wanderer Trilogy","Luminous","Marisa（霧雨　魔理沙）","Minty Spire (QoL Compilation)","Reimu（博??梦）","Reliquary","Replay The Spire","Shade Mod","StSLib","The Alterego","The Bug Knight","The Cursed","The Hierophant","The Marked","The Runesmith","TheBandit","Wandering Minibosses"],"gold_per_floor":[112,64,64,64,83,83,8,8,86,86,86,104,104,119,119,154,154,249,249,260,11,23,23,23,23,23,23,71,71,71,71,87,107,107,204,204,214,214,224,56,72,87,116,116,116,116,116,116,116],"floor_reached":48,"language":"ENG","playtime":1213,"items_purged":["Defend_R","Strike_R"],"score":554,"play_id":"590fb646-38e6-49a4-9e6a-53bd7e1a3897","local_time":"20210216190448","is_ascension_mode":true,"campfire_choices":[{"data":"Armaments","floor":6.0,"key":"SMITH"},{"data":"hubris:SharpeningStone","floor":8.0,"key":"SMITH"},{"data":"Disarm","floor":15.0,"key":"SMITH"},{"data":"Ghostly Armor","floor":17.0,"key":"SMITH"},{"data":"Replay:Many Hands","floor":25.0,"key":"SMITH"},{"data":"Headbutt","floor":25.0,"key":"SMITH"},{"data":"Twin Strike","floor":29.0,"key":"SMITH"},{"data":"Defend_R","floor":29.0,"key":"SMITH"},{"data":"Uppercut","floor":34.0,"key":"SMITH"},{"data":"Iron Wave","floor":34.0,"key":"SMITH"},{"floor":44,"key":"RECALL"},{"floor":46,"key":"REST"}],"circlet_count":0,"master_deck":["Strike_R","Defend_R+1","Defend_R+1","Bash+1","ReplayTheSpireMod:Corrosion Curse+1","Twin Strike+1","Armaments+1","hubris:SharpeningStone+1","Ghostly Armor+1","Disarm+1","Headbutt+1","Replay:Many Hands+1","CurseOfTheBell","Body Slam+1","ReplayTheSpireMod:Strike From Hell+1","Uppercut+1","Iron Wave+1","Barricade+1","Twin Strike+1","Armaments+1","Metallicize+1","Pummel+1","Pommel Strike+1","Juggernaut+1","Madness","Madness"],"relics":["Burning Blood","hubris:Towel","reliquary:BoilingFlask","Juzu Bracelet","Calling Bell","King of Hearts","Replay:Accelerometer","Replay:Arrowhead","Frozen Egg 2","aspiration:SeaSaltIceCream","NeowsBlessing","hubris:CrackedHourglass","hubris:Icosahedron","Mummified Hand","Pear"],"acts_visited":["Exordium","TheCity","TheBeyond"],"potions_floor_usage":[],"damage_taken":[{"damage":4.0,"enemies":"Small Slimes","floor":1.0,"turns":3.0},{"damage":0.0,"enemies":"2 Louse","floor":5.0,"turns":3.0},{"damage":9.0,"enemies":"ats:Genji","floor":12.0,"turns":3.0},{"damage":7.0,"enemies":"Exordium Wildlife","floor":14.0,"turns":4.0},{"damage":28.0,"enemies":"3 Sentries","floor":16.0,"turns":11.0},{"damage":2.0,"enemies":"Hexaghost","floor":18.0,"turns":14.0},{"damage":13.0,"enemies":"Shell Parasite","floor":20.0,"turns":6.0},{"damage":14.0,"enemies":"2 Thieves","floor":22.0,"turns":4.0},{"damage":0.0,"enemies":"Centurion and Healer","floor":32.0,"turns":1.0},{"damage":0.0,"enemies":"Chosen and Byrds","floor":33.0,"turns":1.0},{"damage":0.0,"enemies":"hubris:MusketHawk","floor":35.0,"turns":1.0},{"damage":6.0,"enemies":"Orb Walker","floor":37.0,"turns":4.0},{"damage":33.0,"enemies":"3 Darklings","floor":39.0,"turns":7.0},{"damage":17.0,"enemies":"Maw","floor":41.0,"turns":9.0},{"damage":13.0,"enemies":"Spire Growth","floor":42.0,"turns":4.0},{"damage":21,"enemies":"HollowMod:StalkingDevout","floor":43,"turns":8},{"damage":69,"enemies":"Reptomancer","floor":48,"turns":3}],"seed_played":"7434590177846353623","potions_obtained":[{"floor":1.0,"key":"AttackPotion"},{"floor":12.0,"key":"LiquidMemories"},{"floor":16.0,"key":"Energy Potion"},{"floor":18.0,"key":"BloodPotion"},{"floor":43,"key":"SmokeBomb"}],"is_trial":false,"path_per_floor":["M","$","?","?","M","R","$","R","T","PTL","PTL","M","?","M","R","E","R","B",null,"M","$","M","?","?","R","?","?","T","R","$","T","M","M","R","B",null,"M","?","M","$","M","M","E","R","T","R","?","E"],"character_chosen":"IRONCLAD","items_purchased":["Armaments","Frozen Egg 2","Metallicize+1"],"campfire_rested":1,"item_purchase_floors":[2,21,40],"current_hp_per_floor":[80,80,80,64,70,70,70,70,70,70,70,67,60,59,59,37,37,41,80,73,73,65,65,65,65,65,65,65,65,65,65,71,77,77,80,80,80,80,53,53,42,35,20,20,30,57,46,0,0],"gold":116,"neow_bonus":"TRANSFORM_CARD","is_daily":false,"chose_seed":false,"campfire_upgraded":10,"win_rate":0.0,"timestamp":1613473488,"path_taken":["M","$","?","?","M","R","?","R","T","PTL","PTL","M","?","?","R","E","R","BOSS","M","$","M","?","?","R","?","?","T","R","?","?","M","M","R","BOSS","M","?","M","$","M","M","E","R","T","R","?","E"],"items_purchased_type":["Card","Relic","Card"],"build_version":"2020-12-22","purchased_purges":2,"victory":false,"max_hp_per_floor":[80,80,80,80,80,80,80,80,80,80,80,80,80,80,80,80,80,80,80,80,80,80,80,80,80,80,80,80,80,80,80,80,80,80,80,80,80,80,80,80,80,80,80,80,90,90,90,90,90],"card_choices":[{"not_picked":["Seeing Red","Warcry"],"picked":"Twin Strike","floor":1.0},{"not_picked":["Run Through","Shockwave"],"picked":"hubris:SharpeningStone","floor":5.0},{"not_picked":["Perfected Strike","Infernal Blade"],"picked":"Ghostly Armor","floor":12.0},{"not_picked":["Flex","Body Slam"],"picked":"Disarm","floor":14.0},{"not_picked":["Whirlwind","Replay:Many Hands"],"picked":"Headbutt","floor":16.0},{"not_picked":["Reaper","Corruption"],"picked":"Replay:Many Hands","floor":18.0},{"not_picked":["Hemokinesis","Twin Strike"],"picked":"Body Slam+1","floor":20.0},{"not_picked":["Headbutt","Run Through"],"picked":"ReplayTheSpireMod:Strike From Hell+1","floor":22.0},{"not_picked":["Dark Embrace+1","Intimidate+1"],"picked":"Uppercut","floor":32.0},{"not_picked":["Perfected Strike","Reckless Charge"],"picked":"Iron Wave","floor":33.0},{"not_picked":["Demonic Infusion","Corruption+1"],"picked":"Barricade+1","floor":35.0},{"not_picked":["Clash","Heavy Blade"],"picked":"Twin Strike+1","floor":37.0},{"not_picked":["Dropkick","Uppercut"],"picked":"Armaments+1","floor":39.0},{"not_picked":["Sword Boomerang","Infernal Blade"],"picked":"Pummel+1","floor":41.0},{"not_picked":["hubris:CleavingFinish","Iron Wave"],"picked":"Pommel Strike+1","floor":42.0},{"not_picked":["ReplayTheSpireMod:Corrosion Curse","Clash+1"],"picked":"Juggernaut+1","floor":43}],"player_experience":549479,"relics_obtained":[{"floor":9.0,"key":"reliquary:BoilingFlask"},{"floor":16.0,"key":"Juzu Bracelet"},{"floor":19.0,"key":"King of Hearts"},{"floor":19.0,"key":"Replay:Accelerometer"},{"floor":19.0,"key":"Replay:Arrowhead"},{"floor":31.0,"key":"aspiration:SeaSaltIceCream"},{"floor":43,"key":"Mummified Hand"},{"floor":45,"key":"Pear"}],"event_choices":[{"damage_healed":80.0,"max_hp_gain":0.0,"max_hp_loss":80.0,"gold_gain":0.0,"event_name":"betterThird:BetterShining","player_choice":"Upgrade","floor":4.0,"gold_loss":0.0,"damage_taken":16.0,"cards_upgraded":["Defend_R","ReplayTheSpireMod:Corrosion Curse"]},{"cards_removed":["Defend_R"],"damage_healed":0.0,"max_hp_gain":0.0,"max_hp_loss":0.0,"gold_gain":0.0,"event_name":"Golden Wing","player_choice":"Card Removal","floor":13.0,"gold_loss":0.0,"damage_taken":7.0},{"cards_removed":["Strike_R"],"damage_healed":0.0,"max_hp_gain":0.0,"max_hp_loss":0.0,"gold_gain":0.0,"event_name":"Purifier","player_choice":"Purged","floor":24.0,"gold_loss":0.0,"damage_taken":0.0},{"cards_removed":["Strike_R"],"damage_healed":0.0,"max_hp_gain":0.0,"max_hp_loss":0.0,"gold_gain":0.0,"event_name":"betterThird:BetterWriting","player_choice":"Elegance","floor":26.0,"gold_loss":0.0,"damage_taken":0.0},{"damage_healed":0.0,"max_hp_gain":0.0,"max_hp_loss":0.0,"gold_gain":0.0,"event_name":"Upgrade Shrine","player_choice":"Upgraded","floor":27.0,"gold_loss":0.0,"damage_taken":0.0,"cards_upgraded":["Bash"]},{"damage_healed":0,"gold_gain":0,"player_choice":"Embrace Madness","damage_taken":11,"max_hp_gain":0,"max_hp_loss":0,"event_name":"Winding Halls","floor":47,"gold_loss":0,"cards_obtained":["Madness","Madness"]}],"is_beta":false,"boss_relics":[{"not_picked":["reliquary:KinkedSpring","reliquary:BigHammer"],"picked":"Calling Bell"},{"not_picked":["Replay:Ancient Bell","ReplayTheSpireMod:DimensionalGlitch"],"picked":"hubris:CrackedHourglass"}],"items_purged_floors":[7,40],"is_endless":false,"potions_floor_spawned":[1,12,16,18,37,39,43],"killed_by":"Reptomancer","ascension_level":2}}