{"host":"11728qvdvolffudn","time":1613480137,"event":{"mods":["BaseMod","Block Reminder","Colored Powertips","Curses Come First","Custom Start","Displayed Cursed Tome","Highlight Path","Minty Spire (QoL Compilation)","Permanent Neow","Quick Restart","Rare Cards Sparkle","Relic Stats","StSLib","Weighted Paths"],"gold_per_floor":[116,291,366,65,65,65,65,75,75,75,75,92,42,52,52,157,157,167,267,287,287,172,201,201,201,201,233,250,270,270,270,270,270,270],"floor_reached":33,"language":"ENG","playtime":787,"items_purged":["Strike_R"],"score":410,"play_id":"4b72acdc-3697-44b1-9f3a-475f90ecdfcd","local_time":"20210216125537","is_ascension_mode":true,"campfire_choices":[{"data":"Whirlwind","floor":6,"key":"SMITH"},{"data":"Defend_R","floor":10,"key":"SMITH"},{"data":"Defend_R","floor":15,"key":"SMITH"},{"data":"Limit Break","floor":24,"key":"SMITH"},{"data":"Defend_R","floor":30,"key":"SMITH"},{"data":"Defend_R","floor":32,"key":"SMITH"}],"circlet_count":0,"master_deck":["Strike_R","Strike_R","Strike_R","Defend_R+1","Defend_R+1","Defend_R+1","Defend_R+1","Bash","Whirlwind+1","Limit Break+1","Whirlwind+1","Demon Form","Whirlwind+1","Whirlwind+1","Whirlwind+1","Pain"],"relics":["Burning Blood","Chemical X","Molten Egg 2","Ornamental Fan","Runic Cube","Paper Frog","Shuriken","Bronze Scales","WarpedTongs"],"acts_visited":["Exordium","TheCity"],"potions_floor_usage":[20,23,29,29,33,33],"damage_taken":[{"damage":3,"enemies":"Small Slimes","floor":1,"turns":3},{"damage":0,"enemies":"2 Louse","floor":8,"turns":1},{"damage":7,"enemies":"Jaw Worm","floor":12,"turns":2},{"damage":3,"enemies":"Looter","floor":14,"turns":2},{"damage":0,"enemies":"Slime Boss","floor":16,"turns":4},{"damage":3,"enemies":"Spheric Guardian","floor":18,"turns":3},{"damage":22,"enemies":"Shell Parasite","floor":20,"turns":4},{"damage":20,"enemies":"Slavers","floor":23,"turns":2},{"damage":22,"enemies":"Gremlin Leader","floor":27,"turns":3},{"damage":0,"enemies":"Sentry and Sphere","floor":28,"turns":1},{"damage":1,"enemies":"Shelled Parasite and Fungi","floor":29,"turns":2},{"damage":56,"enemies":"Champ","floor":33,"turns":3}],"seed_played":"3272108347170677666","potions_obtained":[{"floor":1,"key":"Block Potion"},{"floor":8,"key":"LiquidMemories"},{"floor":12,"key":"ColorlessPotion"},{"floor":20,"key":"SpeedPotion"},{"floor":27,"key":"SkillPotion"},{"floor":28,"key":"BlessingOfTheForge"},{"floor":29,"key":"Explosive Potion"}],"is_trial":false,"path_per_floor":["M","?","?","$","?","R","$","M","T","R","T","M","?","M","R","B",null,"M","?","M","?","$","E","R","?","T","E","M","M","R","?","R","B"],"character_chosen":"IRONCLAD","items_purchased":["Chemical X","Limit Break","Whirlwind+1"],"campfire_rested":0,"item_purchase_floors":[4,4,22],"current_hp_per_floor":[80,80,69,69,62,62,62,68,68,68,68,67,67,70,70,76,80,80,80,64,64,64,50,50,50,50,34,40,45,45,45,45,0,0],"gold":270,"neow_bonus":"THREE_CARDS","is_daily":false,"chose_seed":true,"campfire_upgraded":6,"win_rate":0.0,"timestamp":1613480137,"path_taken":["M","?","?","$","?","R","?","M","T","R","?","?","?","M","R","BOSS","M","?","?","?","$","E","R","?","T","E","?","M","R","?","R","BOSS"],"items_purchased_type":["Relic","Card","Card"],"build_version":"2020-12-22","purchased_purges":1,"victory":false,"max_hp_per_floor":[80,80,80,80,80,80,80,80,80,80,80,80,80,80,80,80,80,80,80,80,80,80,80,80,80,80,80,80,80,80,80,80,80,80],"relic_stats":{"counters":[12,30],"Ornamental Fan":[12],"Shuriken":[3],"Bronze Scales":[9],"Chemical X":[32],"obtain_stats":[{"Ornamental Fan":11,"Shuriken":26,"Bronze Scales":27,"Molten Egg 2":9,"Chemical X":4,"Burning Blood":0,"Runic Cube":17,"Paper Frog":23,"WarpedTongs":31},{"Ornamental Fan":2,"Shuriken":8,"Bronze Scales":9,"Molten Egg 2":2,"Chemical X":1,"Burning Blood":0,"Runic Cube":5,"Paper Frog":8,"WarpedTongs":11},{"Ornamental Fan":4,"Shuriken":21,"Bronze Scales":24,"Molten Egg 2":4,"Chemical X":3,"Burning Blood":0,"Runic Cube":12,"Paper Frog":21,"WarpedTongs":27}],"Burning Blood":60,"Runic Cube":[16],"WarpedTongs":[3]},"card_choices":[{"not_picked":["Sever Soul","Armaments"],"picked":"Whirlwind","floor":0},{"not_picked":["Dual Wield","Clothesline","Havoc"],"picked":"SKIP","floor":1},{"not_picked":["Dark Embrace","Headbutt","Thunderclap"],"picked":"SKIP","floor":8},{"not_picked":["Evolve","Infernal Blade","Pommel Strike+1"],"picked":"SKIP","floor":12},{"not_picked":["Sword Boomerang+1","Anger+1"],"picked":"Whirlwind+1","floor":14},{"not_picked":["Bludgeon+1","Immolate+1"],"picked":"Demon Form","floor":16},{"not_picked":["Wild Strike+1","Sever Soul+1","Clothesline+1"],"picked":"SKIP","floor":18},{"not_picked":["Armaments","Warcry"],"picked":"Whirlwind+1","floor":20},{"not_picked":["Clash+1","Armaments","Clothesline+1"],"picked":"SKIP","floor":23},{"not_picked":["Twin Strike+1","Dropkick+1","Armaments"],"picked":"SKIP","floor":27},{"not_picked":["Metallicize","True Grit","Evolve"],"picked":"SKIP","floor":28},{"not_picked":["Shockwave","Havoc","Barricade"],"picked":"SKIP","floor":29}],"player_experience":215027,"relics_obtained":[{"floor":9,"key":"Molten Egg 2"},{"floor":11,"key":"Ornamental Fan"},{"floor":23,"key":"Paper Frog"},{"floor":26,"key":"Shuriken"},{"floor":27,"key":"Bronze Scales"}],"event_choices":[{"damage_healed":0,"gold_gain":175,"player_choice":"AGREE","damage_taken":0,"max_hp_gain":0,"max_hp_loss":0,"event_name":"Liars Game","floor":2,"gold_loss":0,"cards_obtained":["Doubt"]},{"damage_healed":0,"gold_gain":75,"player_choice":"Gather Gold","damage_taken":11,"max_hp_gain":0,"max_hp_loss":0,"event_name":"World of Goop","floor":3,"gold_loss":0},{"cards_removed":["Doubt"],"damage_healed":0,"gold_gain":0,"player_choice":"Card Removal","damage_taken":7,"max_hp_gain":0,"max_hp_loss":0,"event_name":"Golden Wing","floor":5,"gold_loss":0},{"cards_removed":["Strike_R"],"damage_healed":0,"gold_gain":0,"player_choice":"Card Removal","damage_taken":0,"max_hp_gain":0,"max_hp_loss":0,"event_name":"The Cleric","floor":13,"gold_loss":50},{"damage_healed":0,"gold_gain":100,"player_choice":"Pray","damage_taken":0,"max_hp_gain":0,"max_hp_loss":0,"event_name":"Golden Shrine","floor":19,"gold_loss":0},{"damage_healed":0,"gold_gain":0,"player_choice":"Ignored","damage_taken":0,"max_hp_gain":0,"max_hp_loss":0,"event_name":"Vampires","floor":21,"gold_loss":0},{"damage_healed":0,"gold_gain":0,"player_choice":"Copied","damage_taken":0,"max_hp_gain":0,"max_hp_loss":0,"event_name":"Duplicator","floor":25,"gold_loss":0,"cards_obtained":["Whirlwind"]},{"damage_healed":0,"gold_gain":0,"player_choice":"Rummage","damage_taken":0,"relics_obtained":["WarpedTongs"],"max_hp_gain":0,"max_hp_loss":0,"event_name":"Accursed Blacksmith","floor":31,"gold_loss":0,"cards_obtained":["Pain"]}],"is_beta":false,"boss_relics":[{"not_picked":["Empty Cage","Ectoplasm"],"picked":"Runic Cube"}],"items_purged_floors":[22],"is_endless":false,"potions_floor_spawned":[1,8,12,20,27,28,29],"killed_by":"Champ","ascension_level":4}}