{"host":"zsnmfqgcm92hlreo","time":1613443048,"event":{"mods":["AchievementEnabler","BaseMod","Bestiary","Block Reminder","Colored Map","Colored Powertips","Filter the Spire","Minty Spire (QoL Compilation)","Permanent Neow","Quick Restart","Relic Stats","StSLib","Weighted Paths"],"gold_per_floor":[116,135,190,190,214,214,252,288,300,348,360,372,424,237,237,326,326,347,347,347,371,101,101,151,151,151],"floor_reached":25,"language":"ENG","playtime":810,"items_purged":[],"score":434,"play_id":"5049357c-e354-4f57-b79b-aaf00089c844","local_time":"20210215203728","is_ascension_mode":true,"campfire_choices":[{"data":"Bash","floor":6.0,"key":"SMITH"},{"floor":11.0,"key":"REST"},{"floor":15.0,"key":"REST"},{"data":"Rupture","floor":23.0,"key":"SMITH"}],"circlet_count":0,"master_deck":["AscendersBane","Strike_R","Strike_R","Strike_R","Strike_R","Strike_R","Defend_R","Defend_R","Defend_R","Defend_R","Bash+1","Rupture+1","Heavy Blade","Shockwave","Shrug It Off","Flame Barrier","Perfected Strike","Spot Weakness","Reaper","Twin Strike","J.A.X.","Parasite"],"relics":["Snecko Eye","Golden Idol","MawBank","MealTicket","Blue Candle","Regal Pillow","Anchor","Oddly Smooth Stone","Cursed Key","Meat on the Bone","Paper Frog"],"acts_visited":["Exordium","TheCity"],"potions_floor_usage":[],"damage_taken":[{"damage":6.0,"enemies":"Small Slimes","floor":1.0,"turns":3.0},{"damage":5.0,"enemies":"2 Louse","floor":2.0,"turns":2.0},{"damage":7.0,"enemies":"Jaw Worm","floor":5.0,"turns":2.0},{"damage":30.0,"enemies":"Lagavulin","floor":7.0,"turns":6.0},{"damage":4.0,"enemies":"Exordium Wildlife","floor":8.0,"turns":2.0},{"damage":12.0,"enemies":"3 Sentries","floor":10.0,"turns":8.0},{"damage":10.0,"enemies":"Gremlin Nob","floor":13.0,"turns":3.0},{"damage":4.0,"enemies":"The Guardian","floor":16.0,"turns":9.0},{"damage":38.0,"enemies":"Chosen","floor":18.0,"turns":6.0},{"damage":3.0,"enemies":"Spheric Guardian","floor":21.0,"turns":3.0},{"damage":66,"enemies":"Slavers","floor":25,"turns":5}],"seed_played":"6149776690963024904","potions_obtained":[{"floor":7.0,"key":"Swift Potion"},{"floor":8.0,"key":"SteroidPotion"},{"floor":10.0,"key":"SteroidPotion"},{"floor":16.0,"key":"ColorlessPotion"},{"floor":18.0,"key":"Strength Potion"}],"is_trial":false,"path_per_floor":["M","M","?","?","M","R","E","M","T","E","R","?","E","$","R","B",null,"M","?","T","M","$","R","?","E"],"character_chosen":"IRONCLAD","items_purchased":["Spot Weakness","Oddly Smooth Stone","Paper Frog"],"campfire_rested":2,"item_purchase_floors":[14,14,22],"current_hp_per_floor":[62,57,57,57,50,50,20,16,16,4,24,24,14,29,64,60,66,28,28,28,45,60,60,60,0,0],"gold":151,"neow_bonus":"BOSS_RELIC","is_daily":false,"chose_seed":false,"campfire_upgraded":2,"win_rate":0.0,"timestamp":1613443048,"path_taken":["M","M","?","?","M","R","E","M","T","E","R","?","E","$","R","BOSS","M","?","?","M","?","R","?","E"],"items_purchased_type":["Card","Relic","Relic"],"build_version":"2020-12-22","purchased_purges":0,"victory":false,"max_hp_per_floor":[75,75,75,68,68,68,68,68,68,68,68,68,68,68,68,68,68,68,68,68,68,68,68,68,68,68],"relic_stats":{"Regal Pillow":15,"counters":[11,49],"Golden Idol":60,"Blue Candle":[1],"Snecko Eye":[73,85,76,79],"MealTicket":30,"MawBank":84,"Cursed Key":1,"obtain_stats":[{"Regal Pillow":12,"Anchor":13,"Golden Idol":4,"Blue Candle":10,"Snecko Eye":0,"Oddly Smooth Stone":14,"MealTicket":9,"MawBank":7,"Cursed Key":17,"Burning Blood":0,"Meat on the Bone":20,"Paper Frog":22},{"Regal Pillow":6,"Anchor":7,"Golden Idol":2,"Blue Candle":6,"Snecko Eye":0,"Oddly Smooth Stone":7,"MealTicket":5,"MawBank":4,"Cursed Key":8,"Burning Blood":0,"Meat on the Bone":9,"Paper Frog":10},{"Regal Pillow":23,"Anchor":26,"Golden Idol":5,"Blue Candle":23,"Snecko Eye":0,"Oddly Smooth Stone":26,"MealTicket":15,"MawBank":13,"Cursed Key":35,"Burning Blood":0,"Meat on the Bone":41,"Paper Frog":44}],"Meat on the Bone":12},"card_choices":[{"not_picked":["Twin Strike","Havoc"],"picked":"Rupture","floor":1.0},{"not_picked":["Pommel Strike","Rupture"],"picked":"Heavy Blade","floor":2.0},{"not_picked":["Metallicize","Sever Soul","Warcry"],"picked":"SKIP","floor":5.0},{"not_picked":["Warcry","Inflame"],"picked":"Shockwave","floor":7.0},{"not_picked":["Iron Wave","Pommel Strike"],"picked":"Shrug It Off","floor":8.0},{"not_picked":["Sever Soul","Metallicize"],"picked":"Flame Barrier","floor":10.0},{"not_picked":["Entrench","Sword Boomerang"],"picked":"Perfected Strike","floor":13.0},{"not_picked":["Offering","Exhume"],"picked":"Reaper","floor":16.0},{"not_picked":["Evolve","Warcry"],"picked":"Twin Strike","floor":18.0},{"not_picked":["Sword Boomerang","Headbutt","Flex"],"picked":"SKIP","floor":21.0}],"player_experience":1152550,"relics_obtained":[{"floor":7.0,"key":"MawBank"},{"floor":9.0,"key":"MealTicket"},{"floor":10.0,"key":"Blue Candle"},{"floor":13.0,"key":"Anchor"},{"floor":20.0,"key":"Meat on the Bone"}],"event_choices":[{"damage_healed":0.0,"max_hp_gain":0.0,"max_hp_loss":0.0,"gold_gain":55.0,"event_name":"Golden Wing","player_choice":"Gained Gold","floor":3.0,"gold_loss":0.0,"damage_taken":0.0},{"damage_healed":0.0,"max_hp_gain":0.0,"max_hp_loss":7.0,"gold_gain":0.0,"event_name":"Golden Idol","player_choice":"Lose Max HP","floor":4.0,"gold_loss":0.0,"damage_taken":0.0,"relics_obtained":["Golden Idol"]},{"damage_healed":0.0,"max_hp_gain":0.0,"max_hp_loss":0.0,"gold_gain":0.0,"event_name":"Dead Adventurer","player_choice":"Searched \u00271\u0027 times","floor":12.0,"gold_loss":0.0,"damage_taken":0.0,"relics_obtained":["Regal Pillow"]},{"damage_healed":0.0,"max_hp_gain":0.0,"max_hp_loss":0.0,"gold_gain":0.0,"event_name":"Drug Dealer","player_choice":"Obtain J.A.X.","floor":19.0,"gold_loss":0.0,"damage_taken":0.0,"cards_obtained":["J.A.X."]},{"damage_healed":0.0,"max_hp_gain":0.0,"max_hp_loss":0.0,"gold_gain":50.0,"event_name":"Nest","player_choice":"Stole From Cult","floor":24.0,"gold_loss":0.0,"damage_taken":0.0}],"is_beta":false,"boss_relics":[{"not_picked":["Runic Dome","Pandora\u0027s Box"],"picked":"Cursed Key"}],"items_purged_floors":[],"is_endless":false,"potions_floor_spawned":[7,8,10,16,18],"killed_by":"Slavers","ascension_level":20}}