{"host":"n7gt2lywuauec2nz","time":1613477278,"event":{"mods":["100% Spire Juice","2.2 Compatiblity","Act Like it!","Aspiration","BaseMod","Better Third Choice","Colored Powertips","DeckTracker","GifTheSpireLib","Highlight Path","HololiveMod","Hubris","Infinite Spire","Minty Spire (QoL Compilation)","Quick Restart","Random Character Button","Relic Sorter","Replay The Spire","Retaliation","Ruina","Shapeshifter Mod","StSLib","Synergy Search","The IronCluck"],"gold_per_floor":[359,380,92,112,112,134,134,158,158,91,117,138,138,183,358,367,367],"floor_reached":16,"language":"ENG","playtime":624,"items_purged":["StSShapeShifter:ShapeShifter_Defend"],"score":104,"play_id":"d3d7e018-7986-436a-9599-5435a93b2c14","local_time":"20210216040758","is_ascension_mode":false,"campfire_choices":[{"floor":13,"key":"REST"}],"circlet_count":0,"master_deck":["StSShapeShifter:ShapeShifter_Strike","StSShapeShifter:ShapeShifter_Strike","StSShapeShifter:ShapeShifter_Strike","StSShapeShifter:ShapeShifter_Strike","StSShapeShifter:ShapeShifter_Strike","StSShapeShifter:ShapeShifter_Defend","StSShapeShifter:ShapeShifter_Defend","StSShapeShifter:ShapeShifter_Defend","StSShapeShifter:Tortoise_Form","StSShapeShifter:Lynx_Form","StSShapeShifter:FoxForm","StSShapeShifter:ForestFire","StSShapeShifter:FoxForm","StSShapeShifter:Rabid","StSShapeShifter:Rabid","StSShapeShifter:AdaptiveStrikes","StSShapeShifter:CosmicShifter","StSShapeShifter:ShiftingStrike","StSShapeShifter:Mystical_Branch","StSShapeShifter:FoxForm","StSShapeShifter:AdaptiveStrikes","Doubt"],"relics":["StSShapeShifter:AnimalHeart","StSShapeShifter:TheShapeShiftersMagnolia","DollysMirror","StSShapeShifter:EmeraldPantherFigurine","Replay:Multitool","hubris:Potato","Pet Ghost","Lantern"],"acts_visited":["Exordium"],"potions_floor_usage":[11,14,14],"damage_taken":[{"damage":0,"enemies":"Small Slimes","floor":1,"turns":2},{"damage":1,"enemies":"Jaw Worm","floor":2,"turns":4},{"damage":0,"enemies":"Cultist","floor":4,"turns":3},{"damage":0,"enemies":"Exordium Wildlife","floor":6,"turns":3},{"damage":10,"enemies":"Looter","floor":8,"turns":3},{"damage":9,"enemies":"Red Slaver","floor":11,"turns":3},{"damage":5,"enemies":"Gremlin Gang","floor":12,"turns":2},{"damage":11,"enemies":"Lagavulin","floor":14,"turns":4},{"damage":22,"enemies":"Fading Forest","floor":16,"turns":7}],"seed_played":"-8517427595697057724","potions_obtained":[{"floor":1,"key":"LifebloodPotion"},{"floor":2,"key":"Block Potion"},{"floor":8,"key":"Death Potion"}],"is_trial":false,"path_per_floor":["M","M","$","M","?","M","?","M","T","$","M","M","R","E","R","B"],"character_chosen":"SHAPESHIFTER","items_purchased":["DollysMirror","StSShapeShifter:Rabid","StSShapeShifter:Mystical_Branch"],"campfire_rested":1,"item_purchase_floors":[3,3,10],"current_hp_per_floor":[71,70,70,70,53,53,46,36,36,36,27,22,43,32,32,20,20],"gold":367,"neow_bonus":"TWO_FIFTY_GOLD","is_daily":false,"chose_seed":false,"campfire_upgraded":0,"win_rate":0.0,"timestamp":1613477278,"path_taken":["M","M","$","M","?","M","?","M","T","$","M","M","R","E","R","BOSS"],"items_purchased_type":["Relic","Card","Card"],"build_version":"2020-12-22","purchased_purges":1,"victory":false,"max_hp_per_floor":[71,71,71,71,71,71,71,71,71,71,71,71,71,71,71,71,71],"card_choices":[{"not_picked":["StSShapeShifter:ForestFire","StSShapeShifter:BarkSkin"],"picked":"StSShapeShifter:FoxForm","floor":1},{"not_picked":["StSShapeShifter:ThornToss","StSShapeShifter:SquirrelForm"],"picked":"StSShapeShifter:ForestFire","floor":2},{"not_picked":["StSShapeShifter:MonkeyForm","StSShapeShifter:FlamingoForm"],"picked":"StSShapeShifter:AdaptiveStrikes","floor":4},{"not_picked":["StSShapeShifter:Guard","StSShapeShifter:RatForm"],"picked":"StSShapeShifter:CosmicShifter","floor":6},{"not_picked":["StSShapeShifter:LeapingSlash","StSShapeShifter:SquirrelForm"],"picked":"StSShapeShifter:ShiftingStrike","floor":8},{"not_picked":["StSShapeShifter:BloomingSlash","StSShapeShifter:Guard","StSShapeShifter:ThornToss"],"picked":"SKIP","floor":11},{"not_picked":["StSShapeShifter:CursedApple","StSShapeShifter:Rest"],"picked":"StSShapeShifter:FoxForm","floor":12},{"not_picked":["StSShapeShifter:VineHandcuffs","StSShapeShifter:PoisonIvy"],"picked":"StSShapeShifter:AdaptiveStrikes","floor":14}],"player_experience":151229,"relics_obtained":[{"floor":9,"key":"hubris:Potato"},{"floor":14,"key":"Pet Ghost"},{"floor":14,"key":"Lantern"}],"event_choices":[{"damage_healed":0,"gold_gain":1,"player_choice":"Relic Relic ","damage_taken":17,"max_hp_gain":0,"max_hp_loss":0,"event_name":"betterThird:BetterScrap","floor":5,"gold_loss":0,"cards_obtained":["Terror"]},{"cards_removed":["StSShapeShifter:ShapeShifter_Defend"],"damage_healed":0,"gold_gain":0,"player_choice":"Card Removal","damage_taken":7,"max_hp_gain":0,"max_hp_loss":0,"event_name":"Golden Wing","floor":7,"gold_loss":0},{"damage_healed":0,"gold_gain":175,"player_choice":"AGREE","damage_taken":183,"max_hp_gain":0,"max_hp_loss":0,"event_name":"betterThird:BetterSerpent","floor":15,"gold_loss":0}],"is_beta":false,"boss_relics":[],"items_purged_floors":[3],"is_endless":false,"potions_floor_spawned":[1,2,8],"killed_by":"Fading Forest","ascension_level":0}}