{"host":"agl6880ykeaxaurv","time":1613514906,"event":{"mods":["AchievementEnabler","BaseMod","Colored Map","Colored Powertips","Downfall","Hermit","Highlight Path","Minty Spire (QoL Compilation)","Robot Space Explorer","StSLib","The Cursed","The Servant 0.9.4"],"gold_per_floor":[99,99,99,115,13,33,85,24,43,70,70,28,28,53,67,170,220,20,37,52,37,37,95,95,150,203,139,139,139,39,89,140,277,277,277,335,391,391,531,6,6,22,72,84,84,84,84,131,151,151,151,183,17,17,17,17,17,17],"floor_reached":56,"language":"ENG","playtime":7256,"items_purged":["Doubt","Pain"],"score":757,"play_id":"3e504d16-c4bd-411e-bb90-6e12adc7552d","local_time":"20210216223506","is_ascension_mode":false,"campfire_choices":[{"data":"champ:Taunt","floor":1,"key":"SMITH"},{"data":"champ:PerfectedStrike","floor":11,"key":"SMITH"},{"data":"champ:StanceDance","floor":13,"key":"SMITH"},{"floor":18,"key":"RECALL"},{"floor":30,"key":"REST"},{"data":"champ:PerfectedStrike","floor":35,"key":"SMITH"},{"floor":45,"key":"REST"},{"floor":47,"key":"REST"},{"floor":54,"key":"REST"}],"circlet_count":0,"master_deck":["champ:Strike","champ:Strike","champ:Strike","champ:Strike","champ:Defend+1","champ:Defend","champ:Defend","champ:Defend","champ:Execute+1","champ:Taunt+1","champ:CrookedStrike","champ:EnGarde","champ:GladiatorStyle","champ:Backstep","champ:RapidStrikes","champ:DefensiveShout+1","champ:PerfectedStrike+1","champ:FaceSlap","champ:Endure","champ:StanceDance+1","champ:AdrenalArmor","champ:PreciseThrust","champ:BladeFlurry","champ:TripleStrike","champ:PerfectedStrike","champ:CalledShot+1","champ:BladeFlurry","champ:CrookedStrike+1","champ:GladiatorStyle","champ:FlashCut","champ:PerfectedStrike+1","champ:RapidStrikes","champ:PerfectedStrike","champ:CheapShot","champ:ShieldWall+1","champ:ShieldWall","champ:GladiatorStyle","champ:PerfectedStrike","expansioncontent:GuardianWhirl","champ:BladeFlurry","expansioncontent:AwakenDeath","expansioncontent:YouAreMine","expansioncontent:Hexaburn","champ:GladiatorForm","champ:ShieldWall"],"relics":["champ:ChampionCrown","champ:LiftRelic","White Beast Statue","Nunchaku","Tiny House","downfall:HeartBlessingGreen","downfall:HeartBlessingBlue","downfall:KnowingSkull","Boot","Ice Cream","InkBottle","downfall:HeartBlessingRed","Velvet Choker","Potion Belt","Sling","Bottled Flame","Lizard Tail","FossilizedHelix","Toy Ornithopter"],"acts_visited":["Exordium","TheCity","TheBeyond","TheEnding"],"potions_floor_usage":[14,16,16,21,21,27,33,33,33,33,33,44,48,50,50,50,52,55,55,55,55,55,55,55,55],"damage_taken":[{"damage":10,"enemies":"Jaw Worm","floor":4,"turns":4},{"damage":20,"enemies":"downfall:FleeingMerchant","floor":5,"turns":4},{"damage":10,"enemies":"2 Louse","floor":6,"turns":3},{"damage":10,"enemies":"downfall:FleeingMerchant","floor":8,"turns":4},{"damage":0,"enemies":"Cultist","floor":9,"turns":2},{"damage":29,"enemies":"3 Sentries","floor":10,"turns":6},{"damage":18,"enemies":"downfall:FleeingMerchant","floor":12,"turns":4},{"damage":58,"enemies":"Gremlin Nob","floor":14,"turns":5},{"damage":10,"enemies":"Red Slaver","floor":15,"turns":3},{"damage":34,"enemies":"IC_STATUS_ARCHETYPE","floor":16,"turns":6},{"damage":10,"enemies":"Chosen","floor":19,"turns":3},{"damage":15,"enemies":"Shell Parasite","floor":20,"turns":2},{"damage":23,"enemies":"downfall:FleeingMerchant","floor":21,"turns":4},{"damage":18,"enemies":"3 Cultists","floor":23,"turns":5},{"damage":3,"enemies":"Sentry and Sphere","floor":25,"turns":4},{"damage":29,"enemies":"Centurion and Healer","floor":26,"turns":6},{"damage":12,"enemies":"downfall:FleeingMerchant","floor":27,"turns":3},{"damage":18,"enemies":"Snecko","floor":31,"turns":2},{"damage":17,"enemies":"Cultist and Chosen","floor":32,"turns":4},{"damage":49,"enemies":"SI_MIRROR_ARCHETYPE","floor":33,"turns":11},{"damage":14,"enemies":"Orb Walker","floor":36,"turns":2},{"damage":10,"enemies":"3 Darklings","floor":37,"turns":3},{"damage":51,"enemies":"downfall:LadyInBlue","floor":39,"turns":8},{"damage":2,"enemies":"Sphere and 2 Shapes","floor":42,"turns":2},{"damage":25,"enemies":"Sphere and 2 Shapes","floor":43,"turns":4},{"damage":30,"enemies":"Writhing Mass","floor":44,"turns":4},{"damage":16,"enemies":"2 Orb Walkers","floor":48,"turns":3},{"damage":5,"enemies":"Transient","floor":49,"turns":5},{"damage":38,"enemies":"WA_ARCHETYPE_DIVINITY","floor":50,"turns":10},{"damage":88,"enemies":"downfall:CharBossMerchant","floor":52,"turns":7},{"damage":92,"enemies":"downfall:NeowBoss","floor":55,"turns":13},{"damage":117,"enemies":"downfall:NeowBossFinal","floor":56,"turns":9}],"seed_played":"3830014692370866010","potions_obtained":[{"floor":4,"key":"BlessingOfTheForge"},{"floor":10,"key":"EssenceOfSteel"},{"floor":12,"key":"SkillPotion"},{"floor":14,"key":"sneckomod:MuddlingPotion"},{"floor":15,"key":"Fire Potion"},{"floor":16,"key":"SkillPotion"},{"floor":17,"key":"PowerPotion"},{"floor":20,"key":"Regen Potion"},{"floor":21,"key":"LiquidMemories"},{"floor":23,"key":"SmokeBomb"},{"floor":25,"key":"EntropicBrew"},{"floor":27,"key":"Block Potion"},{"floor":31,"key":"SteroidPotion"},{"floor":33,"key":"DuplicationPotion"},{"floor":36,"key":"SpeedPotion"},{"floor":37,"key":"champ:UltimateStancePotion"},{"floor":39,"key":"champ:UltimateStancePotion"},{"floor":39,"key":"BlessingOfTheForge"},{"floor":39,"key":"ColorlessPotion"},{"floor":44,"key":"sneckomod:MuddlingPotion"},{"floor":48,"key":"Guardian:BlockOnCardUsePotion"},{"floor":49,"key":"Regen Potion"},{"floor":52,"key":"champ:CounterPotion"}],"is_trial":false,"path_per_floor":["R","?","?","M","$","M","T","$","M","E","R","$","R","E","M","B",null,"R","M","M","$","?","M","T","M","M","$","?","?","R","M","M","B",null,"R","M","M","?","?","$","T","M","?","M","R","?","R","?","M","B",null,"E","$","R","B","B"],"character_chosen":"THE_CHAMP","items_purchased":["champ:GladiatorStyle","champ:Backstep","champ:PerfectedStrike","champ:AdrenalArmor","Ice Cream","champ:PerfectedStrike","champ:RapidStrikes","champ:GladiatorStyle","champ:PerfectedStrike","Sling","expansioncontent:GuardianWhirl","champ:BladeFlurry","champ:ShieldWall","EntropicBrew"],"campfire_rested":4,"item_purchase_floors":[5,5,8,12,27,27,27,40,40,40,40,40,53,53],"current_hp_per_floor":[99,99,99,99,99,99,99,99,99,90,90,82,82,44,44,30,104,114,114,114,101,92,74,74,71,62,59,59,59,93,75,68,19,114,114,110,100,100,74,74,74,72,62,32,66,56,90,74,84,86,114,26,26,60,38,0,0,0],"gold":17,"neow_bonus":"TEN_PERCENT_HP_BONUS","is_daily":false,"chose_seed":false,"campfire_upgraded":4,"win_rate":0.0,"timestamp":1613514906,"path_taken":["R","?","?","M","$","?","T","?","M","E","R","$","R","E","M","BOSS","R","M","M","$","?","M","T","?","M","?","?","?","R","M","M","BOSS","R","M","?","?","?","$","T","?","?","M","R","?","R","?","M","BOSS","E","$","R","BOSS","BOSS"],"items_purchased_type":["Card","Card","Card","Card","Relic","Card","Card","Card","Card","Relic","Card","Card","Card","Potion"],"build_version":"2020-12-22","purchased_purges":2,"victory":false,"max_hp_per_floor":[99,99,99,99,99,99,99,99,99,99,99,99,99,99,99,99,104,114,114,114,114,114,114,114,114,114,114,114,114,114,114,114,114,114,114,114,114,114,114,114,114,114,114,114,114,114,114,114,114,114,114,114,114,114,114,114,114,114],"card_choices":[{"not_picked":["champ:BerserkersShout","champ:TornadoPunch"],"picked":"champ:CrookedStrike","floor":4},{"not_picked":["champ:ArenaPreparation","champ:TornadoPunch"],"picked":"champ:EnGarde","floor":5},{"not_picked":["champ:Backstep","champ:CrownThrow"],"picked":"champ:RapidStrikes","floor":6},{"not_picked":["champ:Lariat","champ:EndlessRage"],"picked":"champ:DefensiveShout","floor":8},{"not_picked":["champ:DeathBlow","champ:Parry"],"picked":"champ:FaceSlap","floor":9},{"not_picked":["champ:BerserkersShout","champ:PreciseThrust"],"picked":"champ:Endure","floor":10},{"not_picked":["champ:FalseCounter","champ:SwordThrow"],"picked":"champ:StanceDance","floor":12},{"not_picked":["champ:BringItOn","champ:CrownThrow"],"picked":"champ:PreciseThrust","floor":14},{"not_picked":["champ:Shatter","champ:AdrenalArmor"],"picked":"champ:BladeFlurry","floor":15},{"not_picked":["champ:Improvising","champ:ShieldThrow"],"picked":"champ:TripleStrike","floor":16},{"not_picked":["champ:FanOfKnives","champ:Lariat"],"picked":"champ:PerfectedStrike","floor":17},{"not_picked":["champ:AdrenalArmor","champ:CrownThrow"],"picked":"champ:CalledShot+1","floor":19},{"not_picked":["champ:DeathBlow+1","champ:FocusedDefense","champ:FanOfKnives"],"picked":"SKIP","floor":20},{"not_picked":["champ:DeathBlow","champ:PreciseThrust"],"picked":"champ:BladeFlurry","floor":21},{"not_picked":["champ:ArenaPreparation","champ:TornadoPunch+1"],"picked":"champ:CrookedStrike+1","floor":23},{"not_picked":["champ:ArenaPreparation+1","champ:EndlessRage+1"],"picked":"champ:GladiatorStyle","floor":25},{"not_picked":["champ:CrownThrow+1","champ:Haymaker","champ:Encircle+1"],"picked":"SKIP","floor":26},{"not_picked":["champ:FocusedDefense","champ:TornadoPunch"],"picked":"champ:FlashCut","floor":27},{"not_picked":["champ:RisingSlash+1","champ:BerserkersShout"],"picked":"champ:PerfectedStrike","floor":31},{"not_picked":["champ:BringItOn","champ:Circumvent+1","champ:Haymaker+1"],"picked":"SKIP","floor":32},{"not_picked":["champ:SteelEdge","champ:LastStand"],"picked":"champ:CheapShot","floor":33},{"not_picked":["champ:RapidStrikes+1","champ:Shatter","champ:Lariat"],"picked":"SKIP","floor":36},{"not_picked":["champ:Lariat+1","champ:RisingSlash+1"],"picked":"champ:ShieldWall+1","floor":37},{"not_picked":["champ:FanOfKnives","champ:CrookedStrike"],"picked":"champ:ShieldWall","floor":39},{"not_picked":["champ:BringItOn+1","champ:GutPunch","champ:AdrenalArmor+1"],"picked":"SKIP","floor":42},{"not_picked":["champ:FaceSlap+1","champ:GutPunch+1","champ:FanOfKnives"],"picked":"SKIP","floor":44},{"not_picked":["expansioncontent:InvincibleStrength","expansioncontent:HyperBeam"],"picked":"expansioncontent:AwakenDeath","floor":46},{"not_picked":["expansioncontent:PolyBeam","expansioncontent:InvincibleStrength"],"picked":"expansioncontent:YouAreMine","floor":46},{"not_picked":["expansioncontent:PrepareCrush","expansioncontent:HyperBeam"],"picked":"expansioncontent:Hexaburn","floor":46},{"not_picked":["champ:ShieldSlam","champ:GutPunch+1","champ:Backstep+1"],"picked":"SKIP","floor":49},{"not_picked":["champ:EnragedBash","champ:HoldFirm"],"picked":"champ:GladiatorForm","floor":52}],"player_experience":276712,"relics_obtained":[{"floor":10,"key":"White Beast Statue"},{"floor":14,"key":"Nunchaku"},{"floor":24,"key":"Boot"},{"floor":39,"key":"Potion Belt"},{"floor":41,"key":"Bottled Flame"},{"floor":43,"key":"Lizard Tail"},{"floor":48,"key":"FossilizedHelix"},{"floor":52,"key":"Toy Ornithopter"}],"event_choices":[{"damage_healed":0,"gold_gain":0,"player_choice":"Fight","damage_taken":0,"max_hp_gain":0,"max_hp_loss":0,"event_name":"Mysterious Sphere","floor":48,"gold_loss":0}],"is_beta":false,"boss_relics":[{"not_picked":["Runic Pyramid","bronze:MakeshiftBattery"],"picked":"Tiny House"},{"not_picked":["Astrolabe","Cursed Key"],"picked":"Velvet Choker"}],"items_purged_floors":[27,40],"is_endless":false,"potions_floor_spawned":[4,10,12,14,15,16,19,20,21,23,25,26,27,31,32,33,36,37,39,42,43,44,48,49,52],"killed_by":"downfall:NeowBossFinal","ascension_level":0}}