{"host":"yhipfp2q5jnlph7f","time":1613475320,"event":{"mods":["BaseMod","Minty Spire (QoL Compilation)","Quick Restart"],"gold_per_floor":[114,114,289,60,74,104,104,129,129,143,157,183,209,250,262,372,384,384,140,140,140,140,140,140,140,140,140,140,140,140,55,55,55,55,55,55,55,55,55],"floor_reached":38,"language":"JPN","playtime":2896,"items_purged":["Doubt","Strike_P"],"score":638,"play_id":"23068541-c00c-4f44-99a9-9480b1da22c8","local_time":"20210216203520","is_ascension_mode":true,"campfire_choices":[{"data":"Vigilance","floor":7,"key":"SMITH"},{"data":"Eruption","floor":15,"key":"SMITH"},{"data":"LessonLearned","floor":24,"key":"SMITH"},{"data":"Alpha","floor":27,"key":"SMITH"},{"data":"JustLucky","floor":32,"key":"SMITH"}],"circlet_count":0,"master_deck":["Strike_P","Strike_P+1","Strike_P+1","Defend_P+1","Defend_P+1","Defend_P+1","Defend_P+1","Eruption+1","Vigilance+1","JustLucky+1","JustLucky","Consecrate","Halt+1","LessonLearned+1","JustLucky","FlurryOfBlows","Blasphemy","Alpha+1","FlurryOfBlows+1","Consecrate+1","DevaForm","JustLucky+1"],"relics":["PureWater","NeowsBlessing","Shuriken","Toolbox","War Paint","Unceasing Top","Gremlin Horn","MawBank","Ancient Tea Set","Ectoplasm","Orrery","Vajra","Letter Opener","PreservedInsect","Bronze Scales","Bag of Marbles","Black Star"],"acts_visited":["Exordium","TheCity","TheBeyond"],"potions_floor_usage":[8,21,22,30],"damage_taken":[{"damage":0,"enemies":"2 Louse","floor":1,"turns":1},{"damage":0,"enemies":"Jaw Worm","floor":5,"turns":1},{"damage":0,"enemies":"Gremlin Nob","floor":6,"turns":1},{"damage":4,"enemies":"3 Sentries","floor":8,"turns":3},{"damage":0,"enemies":"Cultist","floor":10,"turns":2},{"damage":0,"enemies":"2 Fungi Beasts","floor":11,"turns":4},{"damage":0,"enemies":"3 Louse","floor":13,"turns":4},{"damage":8,"enemies":"Lagavulin","floor":14,"turns":6},{"damage":27,"enemies":"The Guardian","floor":16,"turns":9},{"damage":9,"enemies":"Spheric Guardian","floor":18,"turns":5},{"damage":0,"enemies":"Chosen","floor":20,"turns":2},{"damage":0,"enemies":"Snecko","floor":21,"turns":2},{"damage":7,"enemies":"Chosen and Byrds","floor":22,"turns":4},{"damage":9,"enemies":"Book of Stabbing","floor":23,"turns":4},{"damage":0,"enemies":"Slavers","floor":25,"turns":2},{"damage":0,"enemies":"Cultist and Chosen","floor":28,"turns":3},{"damage":0,"enemies":"Centurion and Healer","floor":29,"turns":2},{"damage":0,"enemies":"Gremlin Leader","floor":30,"turns":2},{"damage":11,"enemies":"Collector","floor":33,"turns":6},{"damage":14,"enemies":"Orb Walker","floor":35,"turns":4},{"damage":8,"enemies":"3 Shapes","floor":36,"turns":1},{"damage":24,"enemies":"Sphere and 2 Shapes","floor":37,"turns":3},{"damage":28,"enemies":"Maw","floor":38,"turns":2}],"seed_played":"8076454853995573749","potions_obtained":[{"floor":1,"key":"SteroidPotion"},{"floor":5,"key":"FearPotion"},{"floor":6,"key":"SkillPotion"},{"floor":16,"key":"Weak Potion"},{"floor":18,"key":"Explosive Potion"},{"floor":29,"key":"Swift Potion"},{"floor":30,"key":"BlessingOfTheForge"}],"is_trial":false,"path_per_floor":["M","?","?","$","M","E","R","E","T","M","M","T","M","E","R","B",null,"M","$","M","M","M","E","R","E","T","R","M","M","E","?","R","B",null,"M","M","M","M"],"character_chosen":"WATCHER","items_purchased":["Toolbox","Orrery"],"campfire_rested":0,"item_purchase_floors":[4,19],"current_hp_per_floor":[72,69,69,69,69,69,69,65,65,65,65,65,65,57,57,30,72,63,63,63,63,56,47,47,47,47,47,47,47,47,47,47,36,72,58,50,26,0,0],"gold":55,"neow_bonus":"THREE_ENEMY_KILL","is_daily":false,"chose_seed":false,"campfire_upgraded":5,"win_rate":0.0,"timestamp":1613475320,"path_taken":["M","?","?","$","M","E","R","E","T","M","M","?","M","E","R","BOSS","M","$","M","M","?","E","R","E","T","R","M","M","E","?","R","BOSS","M","M","M","M"],"items_purchased_type":["Relic","Relic"],"build_version":"2020-12-22","purchased_purges":2,"victory":false,"max_hp_per_floor":[72,72,72,72,72,72,72,72,72,72,72,72,72,72,72,72,72,72,72,72,72,72,72,72,72,72,72,72,72,72,72,72,72,72,72,72,72,72,72],"card_choices":[{"not_picked":["SandsOfTime","EmptyFist","Wireheading"],"picked":"SKIP","floor":1},{"not_picked":["BowlingBash","Protect","WheelKick"],"picked":"SKIP","floor":5},{"not_picked":["Vengeance","ReachHeaven"],"picked":"JustLucky","floor":6},{"not_picked":["CrushJoints","Swivel","EmptyFist"],"picked":"SKIP","floor":8},{"not_picked":["Perseverance","SignatureMove","BattleHymn"],"picked":"SKIP","floor":10},{"not_picked":["ClearTheMind","PathToVictory"],"picked":"JustLucky","floor":11},{"not_picked":["Crescendo","FollowUp"],"picked":"Consecrate","floor":13},{"not_picked":["PathToVictory","Evaluate"],"picked":"Halt","floor":14},{"not_picked":["Establishment","Scrawl"],"picked":"LessonLearned","floor":16},{"not_picked":["ThirdEye","CutThroughFate","FollowUp"],"picked":"SKIP","floor":18},{"not_picked":["ThirdEye+1","Crescendo"],"picked":"JustLucky","floor":19},{"not_picked":["ClearTheMind","FlyingSleeves"],"picked":"FlurryOfBlows","floor":19},{"not_picked":["CutThroughFate","ThirdEye"],"picked":"Blasphemy","floor":19},{"not_picked":["CrushJoints","Crescendo","Scrawl"],"picked":"SKIP","floor":20},{"not_picked":["FollowUp","FlyingSleeves+1","SashWhip"],"picked":"SKIP","floor":21},{"not_picked":["Crescendo","Protect+1","CarveReality"],"picked":"SKIP","floor":22},{"not_picked":["Conclude+1","Meditate+1","Protect"],"picked":"SKIP","floor":23},{"not_picked":["FollowUp","Scrawl"],"picked":"Alpha","floor":25},{"not_picked":["Evaluate+1","DeceiveReality"],"picked":"FlurryOfBlows+1","floor":28},{"not_picked":["BowlingBash","EmptyMind","EmptyFist"],"picked":"SKIP","floor":29},{"not_picked":["TalkToTheHand","Devotion"],"picked":"Consecrate","floor":30},{"not_picked":["Devotion","Establishment"],"picked":"DevaForm","floor":33},{"not_picked":["DeceiveReality","EmptyBody","SashWhip"],"picked":"SKIP","floor":35},{"not_picked":["EmptyFist+1","Pray","MentalFortress+1"],"picked":"SKIP","floor":36},{"not_picked":["ClearTheMind","CrushJoints"],"picked":"JustLucky+1","floor":37}],"player_experience":1908400,"relics_obtained":[{"floor":6,"key":"War Paint"},{"floor":8,"key":"Unceasing Top"},{"floor":9,"key":"Gremlin Horn"},{"floor":12,"key":"MawBank"},{"floor":14,"key":"Ancient Tea Set"},{"floor":23,"key":"Vajra"},{"floor":25,"key":"Letter Opener"},{"floor":26,"key":"PreservedInsect"},{"floor":30,"key":"Bronze Scales"}],"event_choices":[{"damage_healed":0,"gold_gain":0,"player_choice":"Success","damage_taken":3,"relics_obtained":["Shuriken"],"max_hp_gain":0,"max_hp_loss":0,"event_name":"Scrap Ooze","floor":2,"gold_loss":0},{"damage_healed":0,"gold_gain":175,"player_choice":"AGREE","damage_taken":0,"max_hp_gain":0,"max_hp_loss":0,"event_name":"Liars Game","floor":3,"gold_loss":0,"cards_obtained":["Doubt"]},{"damage_healed":0,"gold_gain":0,"player_choice":"Obtained Relic","damage_taken":0,"relics_obtained":["Bag of Marbles"],"max_hp_gain":0,"max_hp_loss":0,"event_name":"Addict","floor":31,"gold_loss":85}],"is_beta":false,"boss_relics":[{"not_picked":["HolyWater","SlaversCollar"],"picked":"Ectoplasm"},{"not_picked":["Snecko Eye","Calling Bell"],"picked":"Black Star"}],"items_purged_floors":[4,19],"is_endless":false,"potions_floor_spawned":[1,5,6,16,18,20,29,30],"killed_by":"Maw","ascension_level":3}}