{"host":"g2yp6paluzgljz05","time":1613435023,"event":{"mods":["BaseMod","Bestiary","Colored Powertips","DeckTracker","Highlight Path","Minty Spire (QoL Compilation)","Quick Restart"],"gold_per_floor":[112,126,301,301,154,189,189,224,306,321,107,118,118,133,133,238,238,253,273,68,68,18,18,47,78,105,117,117],"floor_reached":27,"language":"ENG","playtime":1156,"items_purged":["Doubt","Strike_B","Strike_B","Strike_B"],"score":330,"play_id":"dc72590b-6983-4284-ad9b-4f93daeeb249","local_time":"20210216112343","is_ascension_mode":true,"campfire_choices":[{"data":"White Noise","floor":7,"key":"SMITH"},{"data":"Loop","floor":13,"key":"SMITH"},{"floor":15,"key":"REST"},{"floor":23,"key":"REST"}],"circlet_count":0,"master_deck":["Strike_B","Defend_B","Defend_B","Defend_B","Defend_B","Zap","Dualcast","Loop+1","White Noise+1","Defragment","Coolheaded","Flash of Steel","Loop","FTL","FTL","Meteor Strike","Defragment+1"],"relics":["Cracked Core","NeowsBlessing","Smiling Mask","InkBottle","Symbiotic Virus","Snecko Eye","Anchor","Potion Belt","Red Mask","MawBank"],"acts_visited":["Exordium","TheCity"],"potions_floor_usage":[12,25],"damage_taken":[{"damage":0,"enemies":"Small Slimes","floor":1,"turns":1},{"damage":0,"enemies":"2 Louse","floor":2,"turns":1},{"damage":0,"enemies":"Lagavulin","floor":6,"turns":1},{"damage":34,"enemies":"Gremlin Nob","floor":8,"turns":4},{"damage":0,"enemies":"Cultist","floor":10,"turns":3},{"damage":14,"enemies":"Gremlin Gang","floor":12,"turns":3},{"damage":18,"enemies":"Exordium Wildlife","floor":14,"turns":4},{"damage":2,"enemies":"The Guardian","floor":16,"turns":5},{"damage":22,"enemies":"2 Thieves","floor":18,"turns":2},{"damage":12,"enemies":"3 Byrds","floor":19,"turns":4},{"damage":27,"enemies":"Book of Stabbing","floor":24,"turns":5},{"damage":2,"enemies":"Masked Bandits","floor":25,"turns":3},{"damage":20,"enemies":"Shelled Parasite and Fungi","floor":27,"turns":2}],"seed_played":"8733574661627796644","potions_obtained":[{"floor":6,"key":"Fire Potion"},{"floor":8,"key":"Ancient Potion"},{"floor":24,"key":"SkillPotion"},{"floor":25,"key":"FocusPotion"}],"is_trial":false,"path_per_floor":["M","M","?","?","$","E","R","E","T","M","$","M","R","M","R","B",null,"M","M","$","?","$","R","E","?","T","M"],"character_chosen":"DEFECT","items_purchased":["Loop","Flash of Steel","Loop","Anchor"],"campfire_rested":2,"item_purchase_floors":[5,11,11,20],"current_hp_per_floor":[75,75,75,75,75,75,75,41,41,41,41,27,27,9,31,29,64,42,30,30,16,16,40,13,11,11,0,0],"gold":117,"neow_bonus":"THREE_ENEMY_KILL","is_daily":false,"chose_seed":false,"campfire_upgraded":2,"win_rate":0.0,"timestamp":1613435023,"path_taken":["M","M","?","?","$","E","R","E","T","M","$","M","R","?","R","BOSS","M","?","$","?","$","R","E","?","T","M"],"items_purchased_type":["Card","Card","Card","Relic"],"build_version":"2020-12-22","purchased_purges":4,"victory":false,"max_hp_per_floor":[75,75,75,75,75,75,75,75,75,75,75,75,75,75,75,75,75,75,75,75,80,80,80,80,80,80,80,80],"card_choices":[{"not_picked":["Cold Snap","Glacier","Turbo"],"picked":"SKIP","floor":1},{"not_picked":["Ball Lightning","Steam","Steam Power"],"picked":"SKIP","floor":2},{"not_picked":["Leap","Conserve Battery"],"picked":"White Noise","floor":6},{"not_picked":["Conserve Battery","Stack"],"picked":"Defragment","floor":8},{"not_picked":["Streamline","Redo"],"picked":"Coolheaded","floor":10},{"not_picked":["Static Discharge","Beam Cell"],"picked":"FTL","floor":12},{"not_picked":["All For One","Cold Snap"],"picked":"FTL","floor":14},{"not_picked":["Biased Cognition","Core Surge"],"picked":"Meteor Strike","floor":16},{"not_picked":["Redo","Ball Lightning","Lockon+1"],"picked":"SKIP","floor":18},{"not_picked":["Conserve Battery","Sweeping Beam","Double Energy"],"picked":"SKIP","floor":19},{"not_picked":["Conserve Battery","Steam+1"],"picked":"Defragment+1","floor":24}],"player_experience":376005,"relics_obtained":[{"floor":6,"key":"Smiling Mask"},{"floor":8,"key":"InkBottle"},{"floor":9,"key":"Symbiotic Virus"},{"floor":24,"key":"Potion Belt"},{"floor":25,"key":"Red Mask"},{"floor":26,"key":"MawBank"}],"event_choices":[{"damage_healed":0,"gold_gain":175,"player_choice":"AGREE","damage_taken":0,"max_hp_gain":0,"max_hp_loss":0,"event_name":"Liars Game","floor":3,"gold_loss":0,"cards_obtained":["Doubt"]},{"damage_healed":0,"gold_gain":0,"player_choice":"Bought 0 Potions","damage_taken":0,"max_hp_gain":0,"max_hp_loss":0,"event_name":"The Woman in Blue","floor":4,"gold_loss":0},{"damage_healed":0,"gold_gain":0,"player_choice":"Shed Blood","damage_taken":19,"max_hp_gain":5,"max_hp_loss":0,"event_name":"Forgotten Altar","floor":21,"gold_loss":0},{"damage_healed":0,"gold_gain":0,"player_choice":"Fought Bandits","damage_taken":0,"max_hp_gain":0,"max_hp_loss":0,"event_name":"Masked Bandits","floor":25,"gold_loss":0}],"is_beta":false,"boss_relics":[{"not_picked":["Philosopher\u0027s Stone","Black Star"],"picked":"Snecko Eye"}],"items_purged_floors":[5,11,20,22],"is_endless":false,"potions_floor_spawned":[6,8,24,25],"killed_by":"Shelled Parasite and Fungi","ascension_level":5}}