{"host":"3c8x8j1h2jyrixpf","time":1613436995,"event":{"mods":["BaseMod","Colored Powertips","Highlight Path","Minty Spire (QoL Compilation)","StSLib"],"gold_per_floor":[110,110,123,42,117,117,145,145,145,157,157,196,213,33,33,33,33],"floor_reached":16,"language":"ENG","playtime":315,"items_purged":[],"score":167,"play_id":"f377b095-155a-4a57-9960-d883463d863b","local_time":"20210215185635","is_ascension_mode":true,"campfire_choices":[{"data":"Consume","floor":6,"key":"SMITH"},{"data":"Sunder","floor":8,"key":"SMITH"},{"data":"Loop","floor":15,"key":"SMITH"}],"circlet_count":0,"master_deck":["AscendersBane","Strike_B","Strike_B","Strike_B","Strike_B","Defend_B","Defend_B","Defend_B","Defend_B","Zap","Dualcast","Sunder+1","Glacier","Consume+1","Capacitor","Melter","Steam","Loop+1"],"relics":["Black Star","Peace Pipe","MealTicket","Bag of Marbles","CeramicFish","Boot","Membership Card"],"acts_visited":["Exordium"],"potions_floor_usage":[7,13],"damage_taken":[{"damage":0,"enemies":"Small Slimes","floor":1,"turns":3},{"damage":3,"enemies":"Jaw Worm","floor":3,"turns":4},{"damage":24,"enemies":"Gremlin Nob","floor":7,"turns":4},{"damage":8,"enemies":"2 Louse","floor":10,"turns":3},{"damage":14,"enemies":"3 Sentries","floor":12,"turns":6},{"damage":0,"enemies":"2 Fungi Beasts","floor":13,"turns":3},{"damage":25,"enemies":"The Guardian","floor":16,"turns":2}],"seed_played":"-4480473174910767558","potions_obtained":[{"floor":1,"key":"EssenceOfDarkness"},{"floor":3,"key":"AttackPotion"},{"floor":12,"key":"SkillPotion"}],"is_trial":false,"path_per_floor":["M","?","M","$","?","R","E","R","T","M","?","E","M","$","R","B"],"character_chosen":"DEFECT","items_purchased":["Consume","Loop","Membership Card"],"campfire_rested":0,"item_purchase_floors":[4,14,14],"current_hp_per_floor":[68,68,65,65,54,54,30,30,30,22,22,8,8,23,23,0,0],"gold":33,"neow_bonus":"BOSS_RELIC","is_daily":false,"chose_seed":false,"campfire_upgraded":3,"win_rate":0.0,"timestamp":1613436995,"path_taken":["M","?","M","$","?","R","E","R","T","M","?","E","M","$","R","BOSS"],"items_purchased_type":["Card","Card","Relic"],"build_version":"2020-12-22","purchased_purges":0,"victory":false,"max_hp_per_floor":[75,75,75,75,75,75,75,75,75,75,75,75,75,75,75,75,75],"card_choices":[{"not_picked":["Conserve Battery","Steam"],"picked":"Sunder","floor":1},{"not_picked":["Tempest","Barrage"],"picked":"Glacier","floor":3},{"not_picked":["Reprogram","Conserve Battery"],"picked":"Capacitor","floor":7},{"not_picked":["Auto Shields","Storm"],"picked":"Melter","floor":10},{"not_picked":["Stack","Compile Driver"],"picked":"Steam","floor":12},{"not_picked":["Scrape","Hello World","All For One"],"picked":"SKIP","floor":13}],"player_experience":255692,"relics_obtained":[{"floor":7,"key":"Peace Pipe"},{"floor":7,"key":"MealTicket"},{"floor":9,"key":"Bag of Marbles"},{"floor":12,"key":"CeramicFish"},{"floor":12,"key":"Boot"}],"event_choices":[{"damage_healed":0,"gold_gain":0,"player_choice":"Ignored","damage_taken":0,"max_hp_gain":0,"max_hp_loss":0,"event_name":"Liars Game","floor":2,"gold_loss":0},{"damage_healed":0,"gold_gain":75,"player_choice":"Gather Gold","damage_taken":11,"max_hp_gain":0,"max_hp_loss":0,"event_name":"World of Goop","floor":5,"gold_loss":0},{"damage_healed":0,"gold_gain":0,"player_choice":"Ignored","damage_taken":0,"max_hp_gain":0,"max_hp_loss":0,"event_name":"Shining Light","floor":11,"gold_loss":0}],"is_beta":false,"boss_relics":[],"items_purged_floors":[],"is_endless":false,"potions_floor_spawned":[1,3,12],"killed_by":"The Guardian","ascension_level":11}}