{"host":"t1puqh5lxz8sp6fn","time":1613505541,"event":{"mods":["AchievementEnabler","BaseMod","Colored Powertips","Minty Spire (QoL Compilation)","Rare Cards Sparkle","Relic Stats","StSLib"],"gold_per_floor":[116,116,130,193,27,57,57,132,181,16,27,27,27,38,38,116,116,127,127,143,155,155,155],"floor_reached":22,"playtime":788,"items_purged":[],"score":322,"play_id":"12063238-8768-4f93-87d8-3d7c928c4614","local_time":"20210216165901","is_ascension_mode":true,"campfire_choices":[{"data":"Go for the Eyes","floor":7,"key":"SMITH"},{"data":"Defragment","floor":15,"key":"SMITH"}],"circlet_count":0,"master_deck":["AscendersBane","Strike_B","Strike_B","Strike_B","Defend_B","Defend_B","Defend_B","Zap","Dualcast","Sunder+1","Genetic Algorithm","Beam Cell+1","Discovery","Go for the Eyes+1","Melter","Dramatic Entrance","Glacier","Defragment+1","Buffer","Fusion+1","Hologram"],"relics":["Sozu","Whetstone","Empty Cage","Nilry\u0027s Codex"],"acts_visited":["Exordium","TheCity"],"potions_floor_usage":[],"damage_taken":[{"damage":2,"enemies":"2 Louse","floor":1,"turns":3},{"damage":10,"enemies":"Small Slimes","floor":3,"turns":3},{"damage":24,"enemies":"3 Sentries","floor":6,"turns":6},{"damage":7,"enemies":"Jaw Worm","floor":11,"turns":2},{"damage":8,"enemies":"Blue Slaver","floor":14,"turns":3},{"damage":11,"enemies":"Hexaghost","floor":16,"turns":9},{"damage":9,"enemies":"Shell Parasite","floor":18,"turns":5},{"damage":0,"enemies":"Spheric Guardian","floor":20,"turns":1},{"damage":7,"enemies":"Centurion and Healer","floor":21,"turns":6},{"damage":20,"enemies":"Shelled Parasite and Fungi","floor":22,"turns":2}],"seed_played":"-4380513120663932281","potions_obtained":[],"is_trial":false,"path_per_floor":["M","?","M","?","$","E","R","?","T","$","M","?","$","M","R","B",null,"M","?","M","M","M"],"character_chosen":"DEFECT","items_purchased":["Beam Cell","Discovery","Go for the Eyes","Dramatic Entrance","Glacier"],"campfire_rested":0,"item_purchase_floors":[5,5,5,10,10],"current_hp_per_floor":[62,62,52,52,52,28,28,17,17,17,10,33,33,25,25,14,57,48,27,27,20,0,0],"gold":155,"neow_bonus":"BOSS_RELIC","is_daily":false,"chose_seed":false,"campfire_upgraded":2,"win_rate":0.0,"timestamp":1613505541,"path_taken":["M","?","M","?","$","E","R","?","T","$","M","?","$","M","R","BOSS","M","?","M","M","M"],"items_purchased_type":["Card","Card","Card","Card","Card"],"build_version":"2020-12-13","purchased_purges":0,"victory":false,"max_hp_per_floor":[71,71,71,71,71,71,71,71,71,71,71,71,71,71,71,71,71,71,71,71,71,71,71],"relic_stats":{"Sozu":5,"counters":[10,40],"Whetstone":["Sunder","Beam Cell"],"obtain_stats":[{"Sozu":0,"Nilry\u0027s Codex":19,"Whetstone":6,"Cracked Core":0,"Empty Cage":17},{"Sozu":0,"Nilry\u0027s Codex":7,"Whetstone":3,"Cracked Core":0,"Empty Cage":6},{"Sozu":0,"Nilry\u0027s Codex":31,"Whetstone":12,"Cracked Core":0,"Empty Cage":26}]},"card_choices":[{"not_picked":["Compile Driver","Turbo"],"picked":"Sunder","floor":1},{"not_picked":["Compile Driver","Cold Snap"],"picked":"Genetic Algorithm","floor":3},{"not_picked":["Go for the Eyes","Aggregate"],"picked":"Melter","floor":6},{"not_picked":["Amplify","Consume","Redo"],"picked":"SKIP","floor":11},{"not_picked":["Rebound","Steam Power"],"picked":"Defragment","floor":14},{"not_picked":["Creative AI","Core Surge"],"picked":"Buffer","floor":16},{"not_picked":["Stack","Redo","Reprogram"],"picked":"SKIP","floor":18},{"not_picked":["Double Energy","Beam Cell"],"picked":"Fusion+1","floor":20},{"not_picked":["Leap","Gash"],"picked":"Hologram","floor":21}],"player_experience":534537,"relics_obtained":[{"floor":6,"key":"Whetstone"},{"floor":19,"key":"Nilry\u0027s Codex"}],"event_choices":[{"damage_healed":0,"gold_gain":0,"player_choice":"Leave","damage_taken":0,"max_hp_gain":0,"max_hp_loss":0,"event_name":"The Cleric","floor":2,"gold_loss":0},{"damage_healed":0,"gold_gain":63,"player_choice":"Gained Gold","damage_taken":0,"max_hp_gain":0,"max_hp_loss":0,"event_name":"Golden Wing","floor":4,"gold_loss":0},{"damage_healed":0,"gold_gain":75,"player_choice":"Gather Gold","damage_taken":11,"max_hp_gain":0,"max_hp_loss":0,"event_name":"World of Goop","floor":8,"gold_loss":0},{"damage_healed":23,"gold_gain":0,"player_choice":"Banana","damage_taken":0,"max_hp_gain":0,"max_hp_loss":0,"event_name":"Big Fish","floor":12,"gold_loss":0},{"damage_healed":0,"gold_gain":0,"player_choice":"Obtained Book","damage_taken":21,"max_hp_gain":0,"max_hp_loss":0,"event_name":"Cursed Tome","floor":19,"gold_loss":0}],"is_beta":false,"boss_relics":[{"not_picked":["Snecko Eye","Philosopher\u0027s Stone"],"picked":"Empty Cage"}],"items_purged_floors":[],"is_endless":false,"potions_floor_spawned":[11,14,16,18,20],"killed_by":"Shelled Parasite and Fungi","ascension_level":15}}