{"host":"e8tokx78z9vc2suo","time":1613479986,"event":{"mods":["100% Spire Juice","ATMod(阿瑾Mod)","Act Like it!","Arknights","BaseMod","Colored Powertips","Conspire","Energized Spire","Gensokyo","Hallownest","HololiveMod","KinomotoSakuraMod(木之本樱)","Koishi","LagranYue(拉格朗・月)","Lobotomy","LobotomyExtend","Mari Mod (Legacy)","Mari\u0027s V1 Patch","Marisa（F雨　魔理沙）","Minty Spire (QoL Compilation)","MostiFishMod","Pale of the Ancients","Reimu（博丽灵梦）","Replay The Spire","RumiaBox-露米娅的神秘盒子","SIMod","StSLib","TestMod","The Administrix","The Animator","The Bug Knight","WarShipGirlsR/战舰少女R mod","Yakumo Yukari mod","Youmu（魂魄妖梦）","Yuyuko","【遗物卡牌】REMEMod"],"gold_per_floor":[113,13,24,4,20,46,62,62,62,96,125,42,70,110,122,256,268,404,416,428,488,500,512,597,609,669,723,216,286,346,399,399,556,556,652,-1199,-1199,-1199,-1157,-1157,-1097,-1027,-1004,-1004,-941,-941,-883,-845,-845,-711],"floor_reached":51,"language":"ZHS","playtime":2712,"items_purged":[],"score":1188,"play_id":"a6685668-5487-4c76-8f41-88d8d89c4ee2","local_time":"20210216205306","is_ascension_mode":true,"campfire_choices":[{"floor":15.0,"key":"RECALL"},{"data":"StrangeHalfBody","floor":23.0,"key":"SMITH"},{"data":"WickedSoul","floor":25.0,"key":"SMITH"},{"data":"SwordExtraction","floor":32.0,"key":"SMITH"},{"data":"HeartExcerptSlash","floor":40.0,"key":"SMITH"}],"circlet_count":0,"master_deck":["Strike_YM","Strike_YM","Defend_YM","Defend_YM","Defend_YM","Defend_YM","SlashOfPresentWorld","WheelOfPainOfLivingAndDead","LagranYue:SapphirePrayerCard","AT_Dispersion","SwordExtraction","SanzenSekai","LotusPostureSlash","LotusPostureSlash","FlashingScatteredFlowers","ObsessionWithThePresentWorld","SwordExtraction","SanzenSekai","HeartExcerptSlash","StrangeHalfBody+1","FourBirthsSword","Injury","CherryBlossomFlashing+1","CelestialStarSword","TurningAngelCut","SlashOfDepartureFromHesitation","WickedSoul+1","CherryBlossomFlashing+1","LifeCuttingSword","RapidSlash+1","HellFireSword+1","FiveSignsOfTheDyingDeva","AsuraSword","SwordExtraction+1","SanzenSekai+1","SlashOfTheEternalFuture","WickedSoul","HumanGodSword+1","SanzenSekai+1","BizarrenessOfSixRealms+1","RapidSlash+1","SlashClearingTheSixSenses"],"relics":["HalfPhantom","testmod-TestBox","DaveBox","REME_ComplimentaryCards","AT_ATBox","LagranYue:RandomDrawCardRelic","Civilization","testmod-Alchemist","NeowsBlessing","SynthV:TestCard","testmod-IndustrialRevolution","conspire:BottledYoYo","Mirror","AT_SunfireAegis","AT_MibuBalloonWealth","MawBank","Hololive_Finger","REME_ArchaeologicalTools","Gensokyo:ConquerorOfFear","SynthV:C4","Mercury Hourglass","Ccalipers","DianPoetry","testmod-LifeArmor","conspire:TopHat","ReplayTheSpireMod:Lightbulb","NightmareShop","AT_PhaseBoots","conspire:GiftBox","SynthV:MejaisSoulstealer","DianDianMeat","Replay:Rubber Ducky","ChestCloth","Replay:Bottled Eggs"],"acts_visited":["Gensokyo:Gensokyo","Gensokyo:Gensokyoer","Gensokyo:Gensokyoest"],"potions_floor_usage":[51,51],"damage_taken":[{"damage":0.0,"enemies":"Gensokyo:2_Kodama","floor":1.0,"turns":1.0},{"damage":0.0,"enemies":"Gensokyo:3_Fairies","floor":3.0,"turns":1.0},{"damage":0.0,"enemies":"Gensokyo:Gryphon","floor":5.0,"turns":1.0},{"damage":12.0,"enemies":"Gensokyo:Cirno","floor":6.0,"turns":5.0},{"damage":3.0,"enemies":"Gensokyo:2_Rabbits","floor":7.0,"turns":2.0},{"damage":2.0,"enemies":"Gensokyo:Mamizou","floor":10.0,"turns":3.0},{"damage":2.0,"enemies":"Gensokyo:Mamizou","floor":11.0,"turns":3.0},{"damage":2.0,"enemies":"Gensokyo:Aya","floor":13.0,"turns":4.0},{"damage":2.0,"enemies":"Gensokyo:VengefulSpirit","floor":14.0,"turns":3.0},{"damage":55.0,"enemies":"Gensokyo:Yukari","floor":16.0,"turns":8.0},{"damage":4.0,"enemies":"Gensokyo:2_Gloops","floor":18.0,"turns":4.0},{"damage":0.0,"enemies":"Gensokyo:Chomper","floor":21.0,"turns":1.0},{"damage":0.0,"enemies":"Gensokyo:Slime_Group","floor":24.0,"turns":2.0},{"damage":0.0,"enemies":"Gensokyo:Swordslinger","floor":27.0,"turns":2.0},{"damage":0.0,"enemies":"Gensokyo:Koishi","floor":29.0,"turns":3.0},{"damage":10.0,"enemies":"Gensokyo:Monolith_and_Dog","floor":30.0,"turns":2.0},{"damage":23.0,"enemies":"Gensokyo:Tenshi","floor":31.0,"turns":2.0},{"damage":35.0,"enemies":"Gensokyo:Eternal_Rivals","floor":33.0,"turns":4.0},{"damage":0.0,"enemies":"Gensokyo:3_Boulders","floor":35.0,"turns":2.0},{"damage":0.0,"enemies":"Gensokyo:AncientGuardian","floor":39.0,"turns":2.0},{"damage":0.0,"enemies":"Gensokyo:Marisa","floor":41.0,"turns":2.0},{"damage":0,"enemies":"Gensokyo:Dusk_and_Dawn","floor":42,"turns":1},{"damage":0,"enemies":"Gensokyo:Doremy","floor":45,"turns":2},{"damage":0,"enemies":"conspire:MimicChest","floor":47,"turns":1},{"damage":0,"enemies":"Gensokyo:Rafflesia","floor":48,"turns":2},{"damage":0,"enemies":"Gensokyo:Yuyuko","floor":50,"turns":2},{"damage":0,"enemies":"Malkuth","floor":51,"turns":3},{"damage":0,"enemies":"Hod","floor":51,"turns":3},{"damage":89,"enemies":"Tiphereth","floor":51,"turns":7},{"damage":23,"enemies":"Hokma","floor":51,"turns":3},{"damage":8,"enemies":"Angela","floor":51,"turns":3}],"seed_played":"-3566643920331572552","potions_obtained":[{"floor":7.0,"key":"Regen Potion"},{"floor":11.0,"key":"Block Potion"},{"floor":13.0,"key":"CausticAgent"},{"floor":14.0,"key":"Death Potion"},{"floor":18.0,"key":"conspire:TimeTravelPotion"}],"is_trial":false,"path_per_floor":["M","$","M","?","M","E","M","?","T","?","E","COS","E","M","R","B",null,"M","?","?","M","T","R","M","R","T","M","$","E","M","E","R","B",null,"M","$","?","?","M","R","E","M","T","?","E","$","?","M","R","B",null],"character_chosen":"YOUMU","items_purchased":["SanzenSekai","LotusPostureSlash","FiveSignsOfTheDyingDeva","DianPoetry","testmod-LifeArmor","AT_SpeedBoots","conspire:GiftBox","SynthV:MejaisSoulstealer"],"campfire_rested":0,"item_purchase_floors":[2,2,28,28,28,36,36,36],"current_hp_per_floor":[77,77,79,79,82,73,75,75,75,78,81,81,84,87,87,37,115,120,120,111,116,116,116,121,121,121,126,126,131,126,108,108,78,146,151,151,151,129,134,134,140,147,147,147,155,155,160,169,169,169],"gold":100,"neow_bonus":"THREE_ENEMY_KILL","is_daily":false,"chose_seed":false,"campfire_upgraded":4,"win_rate":0.0,"timestamp":1613479986,"path_taken":["M","?","M","?","?","E","M","?","T","?","E","COS","E","M","R","BOSS","M","?","?","?","?","R","M","R","T","M","$","E","M","E","R","BOSS","M","$","?","?","M","R","E","M","T","?","E","$","?","M","R","BOSS"],"items_purchased_type":["Card","Card","Card","Relic","Relic","Relic","Relic","Relic"],"build_version":"2020-12-22","purchased_purges":0,"victory":true,"max_hp_per_floor":[77,77,79,79,82,85,90,90,90,95,100,100,105,110,110,115,115,120,120,111,116,116,116,121,121,121,126,126,131,136,141,141,146,146,151,151,151,151,156,156,162,169,169,169,177,177,182,191,191,196],"card_choices":[{"not_picked":["HumanKnowledgeSword","SlashClearingTheSixSenses"],"picked":"SwordExtraction","floor":1.0},{"not_picked":["DoubleWheelOfPain","PhosphoricSlash","SwordExtraction","SwordOfBindingDesires"],"picked":"FlashingScatteredFlowers","floor":3.0},{"not_picked":[],"picked":"ObsessionWithThePresentWorld","floor":4.0},{"not_picked":[],"picked":"SwordExtraction","floor":4.0},{"not_picked":[],"picked":"SanzenSekai","floor":4.0},{"not_picked":["ConstancyOfTheConventionalTruth","HesitationCuttingSword","PhosphoricSlash","LowerRealmReflectionSlash"],"picked":"HeartExcerptSlash","floor":5.0},{"not_picked":["SlashOfDepartureFromHesitation","EchoesOfTheInclemencyOfAllBeings","ThreeKonsSevenHakus","DoubleWheelOfPain"],"picked":"StrangeHalfBody","floor":6.0},{"not_picked":["SwordOfBindingDesires","AsTheSilentNirvana","SlashOfMeditation","BizarrenessOfSixRealms"],"picked":"FourBirthsSword","floor":7.0},{"not_picked":["ThreeKonsSevenHakus","SanzenSekai","FlashingScatteredFlowers","PhosphoricSlash"],"picked":"CherryBlossomFlashing","floor":10.0},{"not_picked":["LowerRealmReflectionSlash","SlashOfMeditation","EchoesOfTheInclemencyOfAllBeings","HumanKnowledgeSword"],"picked":"CelestialStarSword","floor":11.0},{"not_picked":["HumanKnowledgeSword","CherryBlossomFlashing","HeartExcerptSlash","SpiritCuttingSword"],"picked":"TurningAngelCut","floor":13.0},{"not_picked":["SpiritCuttingSword","TwoHundredYojanaInOneSlash","HumanKnowledgeSword","DispleasureOfTheSevenHakus"],"picked":"SlashOfDepartureFromHesitation","floor":14.0},{"not_picked":["FastingOfTheYoungPreta","MatsuyoiReflectingSatelliteSlash","SlashOfSaigyouSpringWind","GreatEnlightenmentAppearingAndDisappearing"],"picked":"WickedSoul","floor":16.0},{"not_picked":["SpiritMediumsBind","ObsessionSword","HumanRealmSword","PretaSword"],"picked":"CherryBlossomFlashing","floor":18.0},{"not_picked":["GhostSword","ObsessionSword","FlashingScatteredFlowers","SpiritCuttingSword"],"picked":"LifeCuttingSword","floor":21.0},{"not_picked":["BizarrenessOfSixRealms","EchoesOfTheInclemencyOfAllBeings+1","ThreeKonsSevenHakus+1","SpiritCuttingSword"],"picked":"RapidSlash+1","floor":24.0},{"not_picked":["SwordOfBindingDesires+1","TurningAngelCut","LowerRealmReflectionSlash","ObsessionWithThePresentWorld"],"picked":"HellFireSword+1","floor":27.0},{"not_picked":["LowerRealmReflectionSlash","SlashOfSaigyouSpringWind","AsTheSilentNirvana","FantasyOfEnteringEnlightenment"],"picked":"AsuraSword","floor":29.0},{"not_picked":["SlashClearingTheSixSenses","DispleasureOfTheSevenHakus+1","CherryBlossomFlashing+1","LifeCuttingSword"],"picked":"SwordExtraction","floor":30.0},{"not_picked":["SpiritCuttingSword","LifeCuttingSword","TwoHundredYojanaInOneSlash+1","FlashingScatteredFlowers"],"picked":"SanzenSekai+1","floor":31.0},{"not_picked":["ASingleThoughtAndInfiniteKalpas","AsuraSword","CherryBlossomSword","IrresoluteSoul"],"picked":"SlashOfTheEternalFuture","floor":33.0},{"not_picked":["BizarrenessOfSixRealms+1","HellFireSword","PretaSword","LifeCuttingSword+1"],"picked":"HeartExcerptSlash","floor":35.0},{"not_picked":["ASingleThoughtAndInfiniteKalpas","CherryBlossomSword"],"picked":"WickedSoul","floor":36.0},{"not_picked":["DoubleWheelOfPain","HumanKnowledgeSword+1","LifeCuttingSword","DispleasureOfTheSevenHakus"],"picked":"HumanGodSword+1","floor":39.0},{"not_picked":["TransmigrationSlash","SwordOfBindingDesires+1","SlashOfMeditation","SwordExtraction+1"],"picked":"SanzenSekai+1","floor":41.0},{"not_picked":["LifeCuttingSword+1","PhosphoricSlash+1","AsTheSilentNirvana","VoidnessSword"],"picked":"BizarrenessOfSixRealms+1","floor":42},{"not_picked":["HumanKnowledgeSword+1","DispleasureOfTheSevenHakus","FlashingScatteredFlowers","EchoesOfTheInclemencyOfAllBeings"],"picked":"RapidSlash+1","floor":45},{"not_picked":["FlashingScatteredFlowers","TwoHundredYojanaInOneSlash+1","SpiritCuttingSword","BloodOfAsura+1"],"picked":"SlashClearingTheSixSenses","floor":48}],"player_experience":230408,"relics_obtained":[{"floor":1.0,"key":"SynthV:TestCard"},{"floor":6.0,"key":"testmod-IndustrialRevolution"},{"floor":10.0,"key":"Mirror"},{"floor":11.0,"key":"AT_SunfireAegis"},{"floor":13.0,"key":"AT_MibuBalloonWealth"},{"floor":21.0,"key":"Gensokyo:ConquerorOfFear"},{"floor":22.0,"key":"Mercury Hourglass"},{"floor":26.0,"key":"Ccalipers"},{"floor":29.0,"key":"conspire:TopHat"},{"floor":31.0,"key":"ReplayTheSpireMod:Lightbulb"},{"floor":41.0,"key":"DianDianMeat"},{"floor":43,"key":"Replay:Rubber Ducky"},{"floor":45,"key":"ChestCloth"},{"floor":47,"key":"Replay:Bottled Eggs"}],"event_choices":[{"damage_healed":0,"gold_gain":0,"player_choice":"Ignored","damage_taken":0,"max_hp_gain":0,"max_hp_loss":0,"event_name":"给自己的盒子","floor":49,"gold_loss":0}],"is_beta":false,"boss_relics":[{"not_picked":["conspire:SeveredTorchhead","testmod-Prudence"],"picked":"Hololive_Finger"},{"not_picked":["Replay:Bronze Core","Runic Dome"],"picked":"NightmareShop"}],"items_purged_floors":[],"is_endless":false,"potions_floor_spawned":[7,11,13,14,18,21,27,30,33,35,48],"ascension_level":1}}