{"host":"sav7uxregyirlf69","time":1613435350,"event":{"mods":["AchievementEnabler","BaseMod","Colored Map","DeckTracker","Keyboard Shortcuts","Minty Spire (QoL Compilation)","READ ME - Guardian Mod","StSLib","SuperFastMode"],"gold_per_floor":[119,394,407,128,128,128,160,178,178,207,207,221,232,561,561,663,663,636,647,397,397,397,397,427,147,147,147,166,178,28,55,55,158,158,176,191,240,290,115,149,149,149,149,166,166,186,219,235,235,235,235,235,85,111,111],"floor_reached":56,"language":"KOR","playtime":1841,"items_purged":["Regret","Defend_G","Strike_G","Strike_G","Strike_G"],"score":1697,"play_id":"8a48e3b1-82a0-4da8-8139-f57f697c77a7","local_time":"20210216092910","daily_mods":["Heirloom"],"is_ascension_mode":true,"campfire_choices":[{"data":"Envenom","floor":6,"key":"SMITH"},{"data":"Tactician","floor":11,"key":"SMITH"},{"data":"Malaise","floor":15,"key":"SMITH"},{"data":"Well Laid Plans","floor":23,"key":"SMITH"},{"data":"Reflex","floor":27,"key":"SMITH"},{"data":"Acrobatics","floor":32,"key":"SMITH"},{"data":"Poisoned Stab","floor":41,"key":"PURGE"},{"data":"Defend_G","floor":42,"key":"PURGE"},{"floor":49,"key":"RECALL"},{"data":"Prepared","floor":52,"key":"SMITH"}],"circlet_count":0,"master_deck":["Defend_G","Defend_G","Survivor","Neutralize","Acrobatics+1","Envenom+1","Malaise+1","Tactician+1","Prepared+1","Backflip","Well Laid Plans+1","Blade Dance","Noxious Fumes","Reflex+1","Flechettes","Burst","Blur+1"],"relics":["Ring of the Snake","Mango","TheAbacus","Matryoshka","InkBottle","Kunai","Peace Pipe","Old Coin","Busted Crown","Pear","Bag of Preparation","Happy Flower","Tingsha","Blue Candle","Runic Pyramid","Bird Faced Urn","WingedGreaves","StrikeDummy","Ancient Tea Set","Torii","Medical Kit","Calipers"],"acts_visited":["Exordium","TheCity","TheBeyond","TheEnding"],"potions_floor_usage":[10,16,37,55,55,55],"damage_taken":[{"damage":0,"enemies":"Small Slimes","floor":1,"turns":3},{"damage":8,"enemies":"Cultist","floor":3,"turns":3},{"damage":12,"enemies":"Lagavulin","floor":7,"turns":7},{"damage":0,"enemies":"2 Louse","floor":8,"turns":3},{"damage":18,"enemies":"Gremlin Nob","floor":10,"turns":4},{"damage":13,"enemies":"Exordium Wildlife","floor":12,"turns":8},{"damage":3,"enemies":"3 Louse","floor":13,"turns":6},{"damage":0,"enemies":"Lagavulin","floor":14,"turns":8},{"damage":0,"enemies":"The Guardian","floor":16,"turns":8},{"damage":12,"enemies":"2 Thieves","floor":18,"turns":5},{"damage":17,"enemies":"3 Byrds","floor":19,"turns":7},{"damage":0,"enemies":"Book of Stabbing","floor":24,"turns":5},{"damage":0,"enemies":"Centurion and Healer","floor":28,"turns":5},{"damage":0,"enemies":"Chosen and Byrds","floor":29,"turns":4},{"damage":18,"enemies":"Slavers","floor":31,"turns":5},{"damage":3,"enemies":"Collector","floor":33,"turns":6},{"damage":0,"enemies":"3 Shapes","floor":35,"turns":5},{"damage":0,"enemies":"Orb Walker","floor":36,"turns":3},{"damage":22,"enemies":"2 Orb Walkers","floor":37,"turns":5},{"damage":0,"enemies":"Mind Bloom Boss Battle","floor":38,"turns":4},{"damage":0,"enemies":"Giant Head","floor":40,"turns":5},{"damage":0,"enemies":"4 Shapes","floor":44,"turns":3},{"damage":0,"enemies":"3 Darklings","floor":46,"turns":3},{"damage":0,"enemies":"Nemesis","floor":47,"turns":3},{"damage":0,"enemies":"Jaw Worm Horde","floor":48,"turns":3},{"damage":1,"enemies":"Time Eater","floor":50,"turns":8},{"damage":0,"enemies":"Shield and Spear","floor":54,"turns":4},{"damage":0,"enemies":"The Heart","floor":55,"turns":5}],"seed_played":"4742249415841218919","potions_obtained":[{"floor":3,"key":"Block Potion"},{"floor":7,"key":"BlessingOfTheForge"},{"floor":12,"key":"Explosive Potion"},{"floor":14,"key":"Strength Potion"},{"floor":29,"key":"Weak Potion"},{"floor":37,"key":"AttackPotion"},{"floor":40,"key":"BlessingOfTheForge"},{"floor":54,"key":"Dexterity Potion"}],"is_trial":true,"path_per_floor":["M","?","M","$","?","R","E","M","T","E","R","M","M","E","R","B",null,"M","M","$","?","?","R","E","$","T","R","M","M","$","E","R","B",null,"M","M","?","?","$","E","R","R","T","M","T","M","E","M","R","B",null,"R","$","E","B",null],"character_chosen":"THE_SILENT","items_purchased":["TheAbacus","Acrobatics","Noxious Fumes","Reflex","Bag of Preparation","Medical Kit"],"campfire_rested":0,"item_purchase_floors":[4,4,20,20,25,53],"current_hp_per_floor":[84,84,76,76,76,76,64,64,64,46,46,33,30,30,30,30,84,72,55,55,55,39,39,49,49,49,49,49,49,49,31,31,28,99,99,99,77,83,83,89,89,89,89,95,95,99,99,99,99,98,99,99,99,99,99],"gold":111,"neow_bonus":"","is_daily":false,"chose_seed":false,"campfire_upgraded":7,"win_rate":0.0,"timestamp":1613435350,"path_taken":["M","?","?","$","?","R","E","M","T","E","R","M","M","E","R","BOSS","M","M","$","?","?","R","E","$","T","R","M","M","$","E","R","BOSS","M","M","?","?","$","E","R","R","T","M","?","M","E","M","R","BOSS","R","$","E","BOSS"],"items_purchased_type":["Relic","Card","Card","Card","Relic","Relic"],"build_version":"2020-12-22","purchased_purges":5,"victory":true,"max_hp_per_floor":[84,84,84,84,84,84,84,84,84,84,84,84,84,84,84,84,84,84,84,84,84,89,89,99,99,99,99,99,99,99,99,99,99,99,99,99,99,99,99,99,99,99,99,99,99,99,99,99,99,99,99,99,99,99,99],"card_choices":[{"not_picked":["Slice","Quick Slash"],"picked":"Poisoned Stab","floor":1},{"not_picked":["Dodge and Roll","Bane","Outmaneuver"],"picked":"SKIP","floor":3},{"not_picked":["Cloak And Dagger","Dagger Throw"],"picked":"Malaise","floor":7},{"not_picked":["Predator","Dagger Spray"],"picked":"Tactician","floor":8},{"not_picked":["Wraith Form v2","Caltrops"],"picked":"Prepared","floor":10},{"not_picked":["Finisher","Concentrate"],"picked":"Backflip","floor":12},{"not_picked":["Quick Slash","Deadly Poison"],"picked":"Well Laid Plans","floor":13},{"not_picked":["Distraction","Leg Sweep"],"picked":"Blade Dance","floor":14},{"not_picked":["Quick Slash"],"picked":"SKIP","floor":18},{"not_picked":["Masterful Stab"],"picked":"SKIP","floor":19},{"not_picked":["Flying Knee"],"picked":"SKIP","floor":24},{"not_picked":["Leg Sweep"],"picked":"SKIP","floor":28},{"not_picked":["Quick Slash+1"],"picked":"SKIP","floor":29},{"not_picked":["Acrobatics"],"picked":"SKIP","floor":31},{"not_picked":["Sucker Punch+1"],"picked":"SKIP","floor":35},{"not_picked":["Dagger Throw+1"],"picked":"SKIP","floor":36},{"not_picked":["Slice"],"picked":"SKIP","floor":40},{"not_picked":["Backflip"],"picked":"SKIP","floor":44},{"not_picked":["Bouncing Flask"],"picked":"SKIP","floor":46},{"not_picked":[],"picked":"Blur+1","floor":47},{"not_picked":["Underhanded Strike+1"],"picked":"SKIP","floor":48},{"not_picked":["Night Terror"],"picked":"SKIP","floor":54}],"player_experience":1587448,"relics_obtained":[{"floor":7,"key":"Matryoshka"},{"floor":9,"key":"InkBottle"},{"floor":9,"key":"Kunai"},{"floor":10,"key":"Peace Pipe"},{"floor":14,"key":"Old Coin"},{"floor":24,"key":"Pear"},{"floor":26,"key":"Happy Flower"},{"floor":26,"key":"Tingsha"},{"floor":31,"key":"Blue Candle"},{"floor":37,"key":"Bird Faced Urn"},{"floor":38,"key":"WingedGreaves"},{"floor":40,"key":"StrikeDummy"},{"floor":45,"key":"Ancient Tea Set"},{"floor":47,"key":"Torii"},{"floor":54,"key":"Calipers"}],"event_choices":[{"damage_healed":0,"gold_gain":275,"player_choice":"Desecrate","damage_taken":0,"max_hp_gain":0,"max_hp_loss":0,"event_name":"Golden Shrine","floor":2,"gold_loss":0,"cards_obtained":["Regret"]},{"damage_healed":0,"gold_gain":0,"cards_transformed":["Strike_G"],"player_choice":"Change","damage_taken":0,"max_hp_gain":0,"max_hp_loss":0,"event_name":"Living Wall","floor":5,"gold_loss":0,"cards_obtained":["Envenom"]},{"damage_healed":0,"gold_gain":0,"cards_transformed":["Strike_G","Defend_G"],"player_choice":"Became Test Subject","damage_taken":0,"max_hp_gain":0,"max_hp_loss":0,"event_name":"Drug Dealer","floor":21,"gold_loss":0,"cards_obtained":["Flechettes","Burst"]},{"damage_healed":0,"gold_gain":0,"player_choice":"Shed Blood","damage_taken":21,"max_hp_gain":5,"max_hp_loss":0,"event_name":"Forgotten Altar","floor":22,"gold_loss":0},{"damage_healed":0,"gold_gain":0,"player_choice":"Fight","damage_taken":0,"max_hp_gain":0,"max_hp_loss":0,"event_name":"Mysterious Sphere","floor":37,"gold_loss":0},{"damage_healed":0,"gold_gain":0,"player_choice":"Fight","damage_taken":0,"max_hp_gain":0,"max_hp_loss":0,"event_name":"MindBloom","floor":38,"gold_loss":0}],"is_beta":false,"boss_relics":[{"not_picked":["Ectoplasm","Snecko Eye"],"picked":"Busted Crown"},{"not_picked":["HoveringKite","SlaversCollar"],"picked":"Runic Pyramid"}],"items_purged_floors":[4,20,25,30,39],"is_endless":false,"potions_floor_spawned":[3,7,12,14,29,31,35,37,40,46,48,54],"ascension_level":1}}