{"host":"e1dlxrn9xf91lno8","time":1613500689,"event":{"mods":["AchievementEnabler","Aspiration","Bard","BaseMod","Beaked The Cultist","Bestiary","Better Altar","Better Sensory Stone","Better Third Choice","BetterRewards","Bossed Relics","Colored Map","Colored Powertips","Energized Spire","Filter the Spire","GungeonMod","Hermit","Highlight Path","Hubris","Infinite Spire","Mimic Mod","Minty Spire (QoL Compilation)","Morshu Shopkeeper","Morshu Shopkeeper - ENHANCED","Quick Restart","Rare Cards Sparkle","Reliquary","Replay The Spire","Shop Mod","Smile Girya","Somnambulant","StSLib","The Blue Laboratory","The Cursed","The Disciple","The Runesmith","Together in Spire","Uncapped","everything is the same but u backflip on backflip","slay the spire mod where everything is the same but ironclad has a cowboy hat"],"gold_per_floor":[116,116,187,197,197,197,197],"floor_reached":6,"language":"ENG","playtime":127,"items_purged":[],"score":34,"play_id":"9b0ba0f8-5031-4ef5-9a6e-9708bbae76a3","local_time":"20210216133809","is_ascension_mode":false,"campfire_choices":[],"circlet_count":0,"master_deck":["hermit:Strike_Hermit","hermit:Strike_Hermit","hermit:Strike_Hermit","hermit:Strike_Hermit","hermit:Defend_Hermit","hermit:Defend_Hermit","hermit:Defend_Hermit","hermit:Defend_Hermit","hermit:Snapshot","hermit:Covet","hermit:GhostlyPresence","Burn","hermit:Ricochet"],"relics":["hermit:Momento","aspiration:Nostalgia","bard:BagPipes","hubris:EvacipatedBox","hubris:FruitBowl","hubris:Macrotransations"],"acts_visited":["Exordium"],"potions_floor_usage":[],"damage_taken":[{"damage":4,"enemies":"Small Slimes","floor":1,"turns":3},{"damage":13,"enemies":"Jaw Worm","floor":4,"turns":4},{"damage":8,"enemies":"3 Sentries","floor":6,"turns":2}],"seed_played":"-5815937447300476488","potions_obtained":[],"is_trial":false,"path_per_floor":["M","?","?","M","$","E"],"character_chosen":"HERMIT","items_purchased":["hubris:EvacipatedBox","hubris:FruitBowl","hubris:Macrotransations"],"campfire_rested":0,"item_purchase_floors":[5,5,5],"current_hp_per_floor":[71,71,71,58,1,0,0],"gold":197,"neow_bonus":"NOSTALGIA","is_daily":false,"chose_seed":false,"campfire_upgraded":0,"win_rate":0.0,"timestamp":1613500689,"path_taken":["M","?","?","M","?","E"],"items_purchased_type":["Relic","Relic","Relic"],"build_version":"2020-12-22","purchased_purges":0,"victory":false,"max_hp_per_floor":[75,75,75,75,75,75,75],"card_choices":[{"not_picked":["hermit:HighCaliber","hermit:SprayPray"],"picked":"hermit:GhostlyPresence","floor":1},{"not_picked":["hermit:Headshot","hermit:Spite"],"picked":"hermit:Ricochet","floor":4}],"player_experience":26114,"relics_obtained":[],"event_choices":[{"damage_healed":71,"gold_gain":0,"player_choice":"Embrace Burn","damage_taken":0,"max_hp_gain":0,"max_hp_loss":75,"event_name":"betterThird:BetterShining","floor":2,"gold_loss":0},{"damage_healed":0,"gold_gain":71,"player_choice":"Gained Gold","damage_taken":0,"max_hp_gain":0,"max_hp_loss":0,"event_name":"Golden Wing","floor":3,"gold_loss":0}],"is_beta":false,"boss_relics":[],"items_purged_floors":[],"is_endless":false,"potions_floor_spawned":[],"killed_by":"3 Sentries","ascension_level":0}}