{"host":"dpjm9ksidutf4nb4","time":1613492311,"event":{"mods":["2.2 Compatiblity","AchievementEnabler","Bartender","BaseMod","BetterRewards","Duelist Mod","Fireblade Mod","Hermit","Infinite Spire","Minty Spire (QoL Compilation)","Rare Cards Sparkle","Replay The Spire","Shade Mod","Small Relic Pack","StSLib","The Bladedancer","The Cursed","The Judge","The Servant 0.9.4","The Wild Card","Yuri Mod"],"gold_per_floor":[13,13,13,25,37,63,63,163,231,231,256,5,35,47,47,147,147,164,184,201,201,221,221,237,237,237,257,257,271,340,340,340,439,439,451,461,441,457,475,507,507,524,524,524,542,561,589,589,589,589,589,589,49,74,74],"floor_reached":56,"language":"ENG","playtime":3953,"items_purged":[],"score":1381,"play_id":"fab581f9-d573-40fc-acd8-15387cdc0e3d","local_time":"20210216101831","is_ascension_mode":false,"campfire_choices":[{"data":"theWildCard:Alice","floor":10.0,"key":"SMITH"},{"floor":15.0,"key":"REST"},{"data":"theDuelist:MonsterMetronome","floor":23.0,"key":"SMITH"},{"floor":25.0,"key":"RECALL"},{"data":"Shade:LoseControl","floor":28.0,"key":"SMITH"},{"data":"Atom Bomb","floor":32.0,"key":"SMITH"},{"data":"Shade:Strike_Shade","floor":44,"key":"SMITH"},{"data":"Shade:Strike_Shade","floor":49,"key":"SMITH"},{"data":"Shade:Strike_Shade","floor":49,"key":"SMITH"},{"data":"Shade:Strike_Shade","floor":52,"key":"SMITH"},{"data":"Shade:Strike_Shade","floor":52,"key":"SMITH"}],"circlet_count":0,"master_deck":["Shade:Strike_Shade","Shade:Strike_Shade+7","Shade:Strike_Shade","Shade:Defend_Shade","Shade:Defend_Shade","Shade:Defend_Shade","Shade:Defend_Shade","Shade:AnimateDead+1","Shade:CarefulCut+1","Shade:LoseControl+1","Shade:SensePrey+1","Regret","theWildCard:Alice+1","Shade:Excise+1","Shade:FleshToFlesh+1","Shade:DarkOfNight+1","ReplayTheSpireMod:IOU","Atom Bomb+1","ShiftingGears+1","theDuelist:MonsterMetronome+1","Burst+1","TheCursedMod:CursedSpellbook+1","theDuelist:AgainstTheWind+1","theDuelist:InvitationDarkSleep+1","Evaluate+1","theDuelist:SphereChaos+1","theDuelist:CyberRevsystem+1","theDuelist:GeminiElf+1","infinitespire:Punishment+1","Adrenaline+1","Replay:Bootleg Shield Generator+1","hermit:ItchyTrigger+1","theDuelist:EgoBoost+1","Backflip+1","theDuelist:GhostReaper","Shade:AuraOfUnlife+1","Replay:Sssssssssstrike","Shade:CommandSoldier"],"relics":["Shade:YorickPolishedSkull","Simple Rune","Orichalcum","PrismaticShard","infinitespire:FocusingShard","Replay:Bottled Snecko","Bottled Flame","Replay:WaspNest","Choco_Feather","Eternal Feather","ReplayTheSpireMod:Lightbulb","Coffee Dripper","Black Star","Replay:Bottled Steam","yuri:PortableGlitches","Dream Catcher","Replay:Arrowhead","Bronze Scales","ReplayTheSpireMod:Ninjato","Pet Ghost","Power_Wrist","infinitespire:Joker Card"],"acts_visited":["Exordium","TheCity","TheBeyond","TheEnding"],"potions_floor_usage":[38,40,50,55,55,55],"damage_taken":[{"damage":0.0,"enemies":"Jaw Worm","floor":1.0,"turns":4.0},{"damage":4.0,"enemies":"2 Louse","floor":4.0,"turns":2.0},{"damage":2.0,"enemies":"Small Slimes","floor":5.0,"turns":2.0},{"damage":14.0,"enemies":"Gremlin Nob","floor":6.0,"turns":3.0},{"damage":9.0,"enemies":"Lagavulin","floor":11.0,"turns":11.0},{"damage":18.0,"enemies":"Gremlin Nob","floor":13.0,"turns":5.0},{"damage":4.0,"enemies":"Gremlin Gang","floor":14.0,"turns":2.0},{"damage":29.0,"enemies":"The Guardian","floor":16.0,"turns":10.0},{"damage":11.0,"enemies":"2 Thieves","floor":18.0,"turns":3.0},{"damage":0.0,"enemies":"Shell Parasite","floor":19.0,"turns":4.0},{"damage":4.0,"enemies":"Centurion and Healer","floor":20.0,"turns":13.0},{"damage":0.0,"enemies":"Snecko","floor":22.0,"turns":7.0},{"damage":0.0,"enemies":"Cultist and Chosen","floor":24.0,"turns":6.0},{"damage":3.0,"enemies":"Chosen and Byrds","floor":27.0,"turns":4.0},{"damage":0.0,"enemies":"Sentry and Sphere","floor":29.0,"turns":5.0},{"damage":26.0,"enemies":"Automaton","floor":33.0,"turns":3.0},{"damage":0.0,"enemies":"3 Darklings","floor":35.0,"turns":5.0},{"damage":0,"enemies":"Orb Walker","floor":36,"turns":3},{"damage":10,"enemies":"Transient","floor":38,"turns":5},{"damage":4,"enemies":"Sphere and 2 Shapes","floor":39,"turns":2},{"damage":43,"enemies":"Giant Head","floor":40,"turns":10},{"damage":0,"enemies":"Maw","floor":42,"turns":6},{"damage":8,"enemies":"Jaw Worm Horde","floor":45,"turns":3},{"damage":0,"enemies":"Sphere and 2 Shapes","floor":46,"turns":1},{"damage":0,"enemies":"Reptomancer","floor":47,"turns":3},{"damage":17,"enemies":"infinitespire:MassOfShapes","floor":50,"turns":13},{"damage":0,"enemies":"Shield and Spear","floor":54,"turns":2},{"damage":11,"enemies":"The Heart","floor":55,"turns":7}],"seed_played":"5956484887439743397","potions_obtained":[{"floor":1.0,"key":"BlessingOfTheForge"},{"floor":5.0,"key":"FearPotion"},{"floor":13.0,"key":"BlessingOfTheForge"},{"floor":14.0,"key":"SteroidPotion"},{"floor":16.0,"key":"Swift Potion"},{"floor":20.0,"key":"Dexterity Potion"},{"floor":24.0,"key":"Fire Potion"},{"floor":27.0,"key":"Elixir"},{"floor":37,"key":"ColorlessPotion"},{"floor":38,"key":"Doom Potion"},{"floor":42,"key":"Cursed Concoction"},{"floor":45,"key":"SkillPotion"},{"floor":46,"key":"Elixir"},{"floor":54,"key":"Adrenaline Potion"}],"is_trial":false,"path_per_floor":["M","?","?","M","M","E","?","?","T","R","E","$","E","M","R","B",null,"M","M","M","?","M","R","M","R","T","M","R","M","T","AVR","R","B",null,"M","M","?","M","M","E","T","M","T","R","M","M","E","?","R","B",null,"R","$","E","B",null],"character_chosen":"SHADE","items_purchased":["Bottled Flame","ReplayTheSpireMod:Ninjato","Pet Ghost","Shade:AuraOfUnlife+1","Replay:Sssssssssstrike"],"campfire_rested":1,"item_purchase_floors":[12,53,53,53,53],"current_hp_per_floor":[65,65,65,61,59,45,45,45,45,45,36,36,18,14,33,4,65,54,54,50,50,50,50,50,50,50,47,47,47,47,47,65,39,65,65,65,65,55,51,8,8,8,8,29,21,21,21,21,42,25,65,65,65,65,54],"gold":74,"neow_bonus":"THREE_RARE_CARDS","is_daily":false,"chose_seed":false,"campfire_upgraded":9,"win_rate":0.0,"timestamp":1613492311,"path_taken":["M","?","?","M","M","E","?","?","T","R","E","$","E","?","R","BOSS","M","M","M","?","M","R","M","R","T","M","R","?","?","AVR","R","BOSS","M","M","?","?","M","E","?","M","T","R","?","M","E","?","R","BOSS","R","$","E","BOSS"],"items_purchased_type":["Relic","Relic","Relic","Card","Card"],"build_version":"2020-12-22","purchased_purges":0,"victory":true,"max_hp_per_floor":[65,65,65,65,65,65,65,65,65,65,65,65,65,65,65,65,65,65,65,65,65,65,65,65,65,65,65,65,65,65,65,65,65,65,65,65,65,65,65,65,65,65,65,65,65,65,65,65,65,65,65,65,65,65,65],"card_choices":[{"not_picked":["Shade:SoulPierce","Shade:OfferingToTheBeyond"],"picked":"Shade:LoseControl","floor":0.0},{"not_picked":["Shade:FleshLikeOak","Shade:RitualOffering"],"picked":"Shade:SensePrey","floor":1.0},{"not_picked":["Shade:GreyBargain","Shade:WallOfFlesh"],"picked":"Shade:Excise","floor":4.0},{"not_picked":["Shade:FreshBones","Shade:WallOfFlesh"],"picked":"Shade:FleshToFlesh","floor":5.0},{"not_picked":["Shade:WallOfFlesh","Shade:GreyBargain"],"picked":"Shade:DarkOfNight","floor":6.0},{"not_picked":["theDuelist:ReptiliannePoison","theDuelist:LeviairSeaDragon"],"picked":"Atom Bomb","floor":11.0},{"not_picked":["theDuelist:Beatraptor","theDuelist:GoldenBlastJuggler"],"picked":"ShiftingGears","floor":13.0},{"not_picked":["Adaptation","theDuelist:GhostrickGhoul"],"picked":"theDuelist:MonsterMetronome","floor":14.0},{"not_picked":["TheCursedMod:Neurasthenia","theDuelist:SpiderEgg"],"picked":"Burst","floor":16.0},{"not_picked":["theDuelist:SuperPolymerization+1","theDuelist:FrontlineObserver"],"picked":"TheCursedMod:CursedSpellbook","floor":18.0},{"not_picked":["hermit:HighCaliber","yuri:ReactiveMadness"],"picked":"theDuelist:AgainstTheWind","floor":19.0},{"not_picked":["hermit:HighCaliber+1","Dagger Spray"],"picked":"theDuelist:InvitationDarkSleep+1","floor":20.0},{"not_picked":["blademaster:BladeMastery+1","theDuelist:DarkMagicianGirl"],"picked":"Evaluate+1","floor":22.0},{"not_picked":["theDuelist:ToadallyAwesome+1","theDuelist:SeedSacredTree+1"],"picked":"theDuelist:SphereChaos","floor":24.0},{"not_picked":["theDuelist:AllyJustice","Redo"],"picked":"theDuelist:CyberRevsystem+1","floor":27.0},{"not_picked":["Shade:Trample","theDuelist:BabyDragon"],"picked":"theDuelist:GeminiElf+1","floor":29.0},{"not_picked":["theDuelist:SeaLordAmulet","theDuelist:ArmageddonDragonEmp"],"picked":"Adrenaline","floor":33.0},{"not_picked":["hermit:TrackingShot","Hidden Blade"],"picked":"Replay:Bootleg Shield Generator+1","floor":35.0},{"not_picked":["theWildCard:Polydeuces+1","theDuelist:RevivalJam"],"picked":"hermit:ItchyTrigger+1","floor":36},{"not_picked":["theDuelist:ToonBarrelDragon","hermit:NoHoldsBarred+1"],"picked":"theDuelist:EgoBoost","floor":38},{"not_picked":["theDuelist:AncientGearChimera+1","Pummel+1"],"picked":"Backflip+1","floor":39},{"not_picked":["theDuelist:GhostrickSpecter+1","WordoMod:Plague","theDuelist:ToonCannonSoldier+1"],"picked":"SKIP","floor":40},{"not_picked":["theDuelist:ToonBarrelDragon+1","Shade:SoulPierce","blademaster:AirSlash"],"picked":"SKIP","floor":42},{"not_picked":["theDuelist:ToonBarrelDragon+1","Shade:SoulPierce","blademaster:AirSlash"],"picked":"SKIP","floor":42},{"not_picked":["Ball Lightning+1","Melter+1"],"picked":"theDuelist:GhostReaper","floor":45},{"not_picked":["theDuelist:CyberDragonCore+1","theDuelist:RelinquishedSpider","theDuelist:RainbowDragon+1"],"picked":"SKIP","floor":46},{"not_picked":["theDuelist:Geargiauger+1","theDuelist:AtomicFirefly+1","theDuelist:SnowdustDragon"],"picked":"SKIP","floor":47},{"not_picked":["theDuelist:CactusBouncer","FireBladeMod:AdrenalineBoost"],"picked":"Shade:CommandSoldier","floor":54}],"player_experience":719290,"relics_obtained":[{"floor":6.0,"key":"Orichalcum"},{"floor":9.0,"key":"infinitespire:FocusingShard"},{"floor":11.0,"key":"Replay:Bottled Snecko"},{"floor":13.0,"key":"Replay:WaspNest"},{"floor":26.0,"key":"Choco_Feather"},{"floor":30.0,"key":"Eternal Feather"},{"floor":40,"key":"Replay:Bottled Steam"},{"floor":40,"key":"yuri:PortableGlitches"},{"floor":43,"key":"Dream Catcher"},{"floor":47,"key":"Replay:Arrowhead"},{"floor":47,"key":"Bronze Scales"},{"floor":54,"key":"Power_Wrist"},{"floor":54,"key":"infinitespire:Joker Card"}],"event_choices":[{"damage_healed":0.0,"max_hp_gain":0.0,"max_hp_loss":0.0,"gold_gain":0.0,"event_name":"Big Fish","player_choice":"Box","floor":2.0,"gold_loss":0.0,"damage_taken":0.0,"relics_obtained":["Simple Rune"],"cards_obtained":["Regret"]},{"damage_healed":0.0,"max_hp_gain":0.0,"max_hp_loss":0.0,"gold_gain":100.0,"event_name":"Wheel of Change","player_choice":"Gold","floor":8.0,"gold_loss":0.0,"damage_taken":0.0},{"damage_healed":0.0,"max_hp_gain":0.0,"max_hp_loss":0.0,"gold_gain":0.0,"event_name":"Upgrade Shrine","player_choice":"Upgraded","floor":21.0,"gold_loss":0.0,"damage_taken":0.0,"cards_upgraded":["Burst"]},{"damage_healed":0,"gold_gain":0,"player_choice":"Bought 1 Potion","damage_taken":0,"max_hp_gain":0,"max_hp_loss":0,"event_name":"The Woman in Blue","floor":37,"gold_loss":0},{"cards_removed":["Shade:Strike_Shade"],"damage_healed":0,"gold_gain":0,"player_choice":"Removed Attack","damage_taken":0,"max_hp_gain":0,"max_hp_loss":0,"event_name":"Falling","floor":48,"gold_loss":0}],"is_beta":false,"boss_relics":[{"not_picked":["Replay:Drink Me","ReplayTheSpireMod:DimensionalGlitch"],"picked":"Shade:YorickPolishedSkull"},{"not_picked":["Replay:Bronze Core","SlaversCollar"],"picked":"Black Star"}],"items_purged_floors":[],"is_endless":false,"potions_floor_spawned":[1,5,13,14,16,20,24,27,33,38,42,45,46,54],"ascension_level":0}}