{"host":"2ty4h143nj8vwezc","time":1613453267,"event":{"mods":["BaseMod","Colored Map","Googly Eyes","Highlight Path","Minty Spire (QoL Compilation)","Quick Restart","StSLib"],"gold_per_floor":[113,123,123,123,143,143,156,188,188,188,31,31,58,78,78,176,226,243,243,260,260,276,306,306,317,342,342,360,360,389,132,132,233,233,249,324,15,31,46,46,57,135,135,135,135,135,164,179,179,179],"floor_reached":51,"language":"ENG","playtime":2390,"items_purged":["Strike_B"],"score":1121,"play_id":"f405ae57-5ad0-4e45-99fd-0543b2790d23","local_time":"20210216002747","is_ascension_mode":true,"campfire_choices":[{"data":"Defragment","floor":6.0,"key":"SMITH"},{"floor":10.0,"key":"REST"},{"data":"Rainbow","floor":12.0,"key":"SMITH"},{"floor":15.0,"key":"REST"},{"floor":24.0,"key":"REST"},{"floor":27.0,"key":"REST"},{"data":"Buffer","floor":29.0,"key":"SMITH"},{"data":"Echo Form","floor":32.0,"key":"SMITH"},{"floor":40.0,"key":"REST"},{"floor":46.0,"key":"REST"},{"floor":49,"key":"REST"}],"circlet_count":0,"master_deck":["AscendersBane","Strike_B","Strike_B","Defend_B+1","Defend_B+1","Defend_B+1","Defend_B","Zap","Dualcast","Defragment","Defragment+1","Biased Cognition","Rainbow+1","Hologram","Cold Snap+1","Buffer+1","Blizzard+1","Genetic Algorithm","Genetic Algorithm","Echo Form+1","Cold Snap+1","Fusion","Go for the Eyes+1","Steam+1","Storm","Skim+1","Darkness+1","Reinforced Body+1","Storm","Biased Cognition","Darkness+1","Go for the Eyes+1","Steam+1","Barrage+1","Aggregate+1"],"relics":["Nuclear Battery","Tiny Chest","Torii","Molten Egg 2","MealTicket","Symbiotic Virus","Tiny House","Bottled Flame","War Paint","Art of War","Gremlin Horn","Orrery","Inserter","Letter Opener","Unceasing Top","Ornamental Fan","Frozen Egg 2","Bottled Lightning"],"acts_visited":["Exordium","TheCity","TheBeyond"],"potions_floor_usage":[50],"damage_taken":[{"damage":3.0,"enemies":"2 Louse","floor":1.0,"turns":4.0},{"damage":1.0,"enemies":"Small Slimes","floor":2.0,"turns":4.0},{"damage":8.0,"enemies":"Jaw Worm","floor":5.0,"turns":4.0},{"damage":16.0,"enemies":"Red Slaver","floor":7.0,"turns":4.0},{"damage":10.0,"enemies":"Lagavulin","floor":8.0,"turns":6.0},{"damage":24.0,"enemies":"Gremlin Nob","floor":13.0,"turns":4.0},{"damage":8.0,"enemies":"Exordium Wildlife","floor":14.0,"turns":3.0},{"damage":12.0,"enemies":"Slime Boss","floor":16.0,"turns":9.0},{"damage":8.0,"enemies":"3 Byrds","floor":18.0,"turns":6.0},{"damage":2.0,"enemies":"Shell Parasite","floor":20.0,"turns":6.0},{"damage":7.0,"enemies":"Centurion and Healer","floor":22.0,"turns":7.0},{"damage":24.0,"enemies":"Slavers","floor":23.0,"turns":7.0},{"damage":8.0,"enemies":"Shelled Parasite and Fungi","floor":25.0,"turns":6.0},{"damage":0.0,"enemies":"Cultist and Chosen","floor":28.0,"turns":8.0},{"damage":15.0,"enemies":"Book of Stabbing","floor":30.0,"turns":7.0},{"damage":7.0,"enemies":"Automaton","floor":33.0,"turns":8.0},{"damage":13.0,"enemies":"3 Shapes","floor":35.0,"turns":5.0},{"damage":11.0,"enemies":"3 Darklings","floor":38.0,"turns":4.0},{"damage":44.0,"enemies":"Jaw Worm Horde","floor":39.0,"turns":4.0},{"damage":13.0,"enemies":"Sphere and 2 Shapes","floor":41.0,"turns":8.0},{"damage":21.0,"enemies":"Reptomancer","floor":47.0,"turns":5.0},{"damage":0,"enemies":"Writhing Mass","floor":48,"turns":5},{"damage":38,"enemies":"Awakened One","floor":50,"turns":9}],"seed_played":"329994497897657584","potions_obtained":[{"floor":1.0,"key":"SneckoOil"},{"floor":8.0,"key":"BlessingOfTheForge"},{"floor":13.0,"key":"Explosive Potion"},{"floor":16.0,"key":"GamblersBrew"},{"floor":17.0,"key":"EntropicBrew"},{"floor":18.0,"key":"DuplicationPotion"},{"floor":23.0,"key":"FocusPotion"},{"floor":25.0,"key":"DuplicationPotion"},{"floor":30.0,"key":"LiquidBronze"},{"floor":33.0,"key":"FearPotion"},{"floor":35.0,"key":"CultistPotion"},{"floor":41.0,"key":"DuplicationPotion"}],"is_trial":false,"path_per_floor":["M","M","?","?","M","R","M","E","T","R","$","R","E","M","R","B",null,"M","T","M","?","M","E","R","M","T","R","M","R","E","$","R","B",null,"M","T","$","M","M","R","M","T","T","$","?","R","E","M","R","B",null],"character_chosen":"DEFECT","items_purchased":["MealTicket","Orrery","Storm","Unceasing Top"],"campfire_rested":7,"item_purchase_floors":[11,31,31,37],"current_hp_per_floor":[65,64,64,57,49,49,33,23,23,45,45,45,21,13,35,23,67,59,59,57,57,50,26,50,42,42,66,66,66,51,66,66,59,75,62,62,77,66,22,46,33,33,33,48,48,72,51,51,75,37],"gold":179,"neow_bonus":"BOSS_RELIC","is_daily":false,"chose_seed":false,"campfire_upgraded":4,"win_rate":0.0,"timestamp":1613453267,"path_taken":["M","M","?","?","M","R","M","E","T","R","?","R","E","?","R","BOSS","M","?","?","?","M","E","R","M","T","R","M","R","E","$","R","BOSS","M","?","$","M","M","R","M","?","T","$","?","R","E","M","R","BOSS"],"items_purchased_type":["Relic","Relic","Card","Relic"],"build_version":"2020-12-22","purchased_purges":1,"victory":true,"max_hp_per_floor":[75,75,75,75,75,75,75,75,75,75,75,75,75,75,75,75,80,80,80,80,80,80,80,80,80,80,80,80,80,80,80,80,80,80,80,80,80,80,80,80,80,80,80,80,80,80,80,80,80,80],"card_choices":[{"not_picked":["Stack","Leap"],"picked":"Defragment","floor":1.0},{"not_picked":["Conserve Battery","Hologram","Stack"],"picked":"SKIP","floor":2.0},{"not_picked":["Go for the Eyes","Rebound"],"picked":"Defragment","floor":5.0},{"not_picked":["Force Field","Conserve Battery"],"picked":"Biased Cognition","floor":7.0},{"not_picked":["Leap","Compile Driver"],"picked":"Rainbow","floor":8.0},{"not_picked":["Gash+1","Beam Cell+1"],"picked":"Hologram","floor":13.0},{"not_picked":["Steam Power","Skim"],"picked":"Cold Snap+1","floor":14.0},{"not_picked":["Seek","Thunder Strike+1"],"picked":"Buffer","floor":16.0},{"not_picked":["Redo","Compile Driver+1"],"picked":"Blizzard+1","floor":17.0},{"not_picked":["Steam+1","Conserve Battery"],"picked":"Genetic Algorithm","floor":18.0},{"not_picked":["Go for the Eyes+1","Blizzard+1"],"picked":"Genetic Algorithm","floor":20.0},{"not_picked":["Compile Driver+1","Coolheaded"],"picked":"Cold Snap+1","floor":22.0},{"not_picked":["Creative AI","Reprogram"],"picked":"Fusion","floor":23.0},{"not_picked":["Gash+1","Rebound+1","Undo"],"picked":"SKIP","floor":25.0},{"not_picked":["Reprogram","Hologram"],"picked":"Go for the Eyes+1","floor":28.0},{"not_picked":["Thunder Strike+1","Coolheaded"],"picked":"Steam+1","floor":30.0},{"not_picked":["Stack","FTL+1"],"picked":"Storm","floor":31.0},{"not_picked":["Sweeping Beam+1","Gash+1"],"picked":"Skim+1","floor":31.0},{"not_picked":["Conserve Battery","Blizzard+1"],"picked":"Darkness+1","floor":31.0},{"not_picked":["Steam","Streamline+1"],"picked":"Reinforced Body+1","floor":31.0},{"not_picked":["Multi-Cast","Thunder Strike+1"],"picked":"Biased Cognition","floor":33.0},{"not_picked":["Recycle","Self Repair+1"],"picked":"Darkness+1","floor":35.0},{"not_picked":["FTL+1","Leap+1"],"picked":"Go for the Eyes+1","floor":38.0},{"not_picked":["Barrage+1","Rip and Tear+1","Coolheaded+1"],"picked":"SKIP","floor":39.0},{"not_picked":["Capacitor+1","Conserve Battery+1"],"picked":"Steam+1","floor":41.0},{"not_picked":["Rip and Tear+1","Fusion"],"picked":"Barrage+1","floor":47.0},{"not_picked":["Barrage+1","Redo"],"picked":"Aggregate+1","floor":48}],"player_experience":428961,"relics_obtained":[{"floor":8.0,"key":"Torii"},{"floor":9.0,"key":"Molten Egg 2"},{"floor":13.0,"key":"Symbiotic Virus"},{"floor":19.0,"key":"Bottled Flame"},{"floor":23.0,"key":"War Paint"},{"floor":26.0,"key":"Art of War"},{"floor":30.0,"key":"Gremlin Horn"},{"floor":36.0,"key":"Letter Opener"},{"floor":42.0,"key":"Ornamental Fan"},{"floor":43.0,"key":"Frozen Egg 2"},{"floor":47.0,"key":"Bottled Lightning"}],"event_choices":[{"damage_healed":0.0,"max_hp_gain":0.0,"max_hp_loss":0.0,"gold_gain":0.0,"event_name":"Big Fish","player_choice":"Box","floor":3.0,"gold_loss":0.0,"damage_taken":0.0,"relics_obtained":["Tiny Chest"],"cards_obtained":["Regret"]},{"cards_removed":["Regret"],"damage_healed":0.0,"max_hp_gain":0.0,"max_hp_loss":0.0,"gold_gain":0.0,"event_name":"Golden Wing","player_choice":"Card Removal","floor":4.0,"gold_loss":0.0,"damage_taken":7.0},{"damage_healed":0.0,"max_hp_gain":0.0,"max_hp_loss":0.0,"gold_gain":0.0,"cards_transformed":["Strike_B"],"event_name":"Transmorgrifier","player_choice":"Transformed","floor":21.0,"gold_loss":0.0,"damage_taken":0.0,"cards_obtained":["Echo Form"]},{"damage_healed":0.0,"max_hp_gain":0.0,"max_hp_loss":0.0,"gold_gain":0.0,"event_name":"Lab","player_choice":"Got Potions","floor":45.0,"gold_loss":0.0,"damage_taken":0.0}],"is_beta":false,"boss_relics":[{"not_picked":["Snecko Eye","Ectoplasm"],"picked":"Tiny House"},{"not_picked":["SacredBark","Fusion Hammer"],"picked":"Inserter"}],"items_purged_floors":[31],"is_endless":false,"potions_floor_spawned":[1,8,13,16,18,23,25,30,33,35,41],"ascension_level":11}}