{"host":"n605f8gctjc87d7h","time":1613497372,"event":{"mods":["Aspiration","Bard","BaseMod","Better Match","Better Note","Better Skull","Better Third Choice","Conspire","Downfall","Halation","Hermit","Infinite Spire","Minty Spire (QoL Compilation)","Reliquary","Replay The Spire","Retaliation","Shade Mod","Spicy Shops","StSLib","The IronCluck","The Jungle","The Runesmith"],"gold_per_floor":[211,211,229,154,154,154,197,197,224,224,224,239,239,239,139,179,179,292,292,334,385,389,389,423,423,454,454,479,324,393,419,419],"floor_reached":31,"language":"ENG","playtime":1881,"items_purged":["Injury","Regret"],"score":469,"play_id":"44ed9bb0-72c7-46fc-bfbc-b557a984953f","local_time":"20210216094252","is_ascension_mode":true,"campfire_choices":[{"data":"Deflect","floor":6,"key":"SMITH"},{"floor":8,"key":"REST"},{"floor":13,"key":"REST"},{"floor":17,"key":"REST"},{"floor":25,"key":"REST"},{"floor":27,"key":"REST"}],"circlet_count":0,"master_deck":["AscendersBane","Strike_G","Strike_G","Strike_G","Strike_G","Strike_G","Defend_G","Defend_G","Defend_G","Defend_G","Defend_G","Survivor","Neutralize","Dagger Throw","Deflect+1","Finesse+1","Fluid Movement","Quick Slash","Blade Dance","Corpse Explosion","Acrobatics","Underhanded Strike+1","Fluid Movement+1","Escape Plan"],"relics":["Ring of the Snake","Golden Idol","aspiration:FetidBarrel","halation:PrussianBluePaint","Bag of Preparation","Replay:Bandana","Red Mask","halation:EternalFortune","halation:IllGainedPizza","Vampiric Spirits","PreservedInsect"],"acts_visited":["Exordium","TheCity"],"potions_floor_usage":[7,16,18,22,26],"damage_taken":[{"damage":10,"enemies":"Jaw Worm","floor":1,"turns":7},{"damage":1,"enemies":"2 Louse","floor":3,"turns":4},{"damage":37,"enemies":"Lagavulin","floor":7,"turns":9},{"damage":4,"enemies":"infinitespire:Voidling","floor":12,"turns":6},{"damage":7,"enemies":"Replay:BlueRogue","floor":16,"turns":10},{"damage":38,"enemies":"Fading Forest","floor":18,"turns":11},{"damage":3,"enemies":"Chosen","floor":20,"turns":5},{"damage":6,"enemies":"Masked Bandits","floor":21,"turns":3},{"damage":0,"enemies":"conspire:FuzzyDice","floor":22,"turns":1},{"damage":21,"enemies":"Centurion and Healer","floor":24,"turns":5},{"damage":4,"enemies":"Snake Plant","floor":26,"turns":4},{"damage":49,"enemies":"Replay:Snechameleon","floor":30,"turns":8},{"damage":36,"enemies":"Chosen and Byrds","floor":31,"turns":6}],"seed_played":"1512745251786903061","potions_obtained":[{"floor":1,"key":"LiquidMemories"},{"floor":7,"key":"Adrenaline Potion"},{"floor":16,"key":"Fire Potion"},{"floor":18,"key":"SmokeBomb"},{"floor":24,"key":"infinitespire:BlackPotion"}],"is_trial":false,"path_per_floor":["M","?","M","$","?","R","E","R","T","PTL","PTL","M","R","?","$","E","R","B",null,"M","?","M","?","M","R","M","R","T","$","E","M"],"character_chosen":"THE_SILENT","items_purchased":["Vampiric Spirits"],"campfire_rested":5,"item_purchase_floors":[29],"current_hp_per_floor":[53,53,52,52,52,52,15,36,36,36,36,32,53,53,53,46,67,29,60,57,51,51,54,33,54,50,71,71,71,27,0,0],"gold":419,"neow_bonus":"HUNDRED_GOLD","is_daily":false,"chose_seed":false,"campfire_upgraded":1,"win_rate":0.0,"timestamp":1613497372,"path_taken":["M","?","M","$","?","R","E","R","T","PTL","PTL","?","R","?","$","E","R","BOSS","M","?","M","?","M","R","M","R","T","$","E","M"],"items_purchased_type":["Relic"],"build_version":"2020-12-22","purchased_purges":2,"victory":false,"max_hp_per_floor":[70,70,70,70,70,70,70,70,70,70,70,70,70,70,70,70,70,70,70,70,70,70,73,73,73,73,73,73,73,76,76,76],"card_choices":[{"not_picked":["Hidden Blade","ReplayTheSpireMod:Shiv Toss"],"picked":"Dagger Throw","floor":1},{"not_picked":["Dodge and Roll","Hidden Blade"],"picked":"Deflect","floor":3},{"not_picked":["Replay:Sssssssssstrike+1","Replay:BasicMightCard+1"],"picked":"Finesse+1","floor":5},{"not_picked":["Poisoned Stab","conspire:PoisonWeapons"],"picked":"Fluid Movement","floor":7},{"not_picked":["Hidden Blade","Flying Knee"],"picked":"Quick Slash","floor":12},{"not_picked":["Masterful Stab","conspire:PoisonWeapons"],"picked":"Blade Dance","floor":16},{"not_picked":["Phantasmal Killer","Night Terror"],"picked":"Corpse Explosion","floor":18},{"not_picked":["Replay:Poison Smokescreen","Dagger Spray"],"picked":"Acrobatics","floor":20},{"not_picked":["Hidden Blade","Accuracy"],"picked":"Underhanded Strike+1","floor":21},{"not_picked":["Flying Knee+1","Bane"],"picked":"Fluid Movement+1","floor":24},{"not_picked":["Hidden Blade","Sucker Punch","Acrobatics"],"picked":"SKIP","floor":26},{"not_picked":["Unload","Acrobatics"],"picked":"Escape Plan","floor":30}],"player_experience":883681,"relics_obtained":[{"floor":7,"key":"aspiration:FetidBarrel"},{"floor":9,"key":"halation:PrussianBluePaint"},{"floor":16,"key":"Replay:Bandana"},{"floor":21,"key":"Red Mask"},{"floor":28,"key":"halation:IllGainedPizza"},{"floor":30,"key":"halation:EternalFortune"},{"floor":30,"key":"PreservedInsect"}],"event_choices":[{"damage_healed":0,"gold_gain":0,"player_choice":"Take Wound","damage_taken":0,"relics_obtained":["Golden Idol"],"max_hp_gain":0,"max_hp_loss":0,"event_name":"Golden Idol","floor":2,"gold_loss":0,"cards_obtained":["Injury"]},{"damage_healed":0,"gold_gain":0,"player_choice":"2","damage_taken":0,"max_hp_gain":0,"max_hp_loss":0,"event_name":"betterMatch:BetterMatch","floor":5,"gold_loss":0,"cards_obtained":["betterMatch:ColorlessUncommonCard"]},{"damage_healed":0,"gold_gain":0,"player_choice":"Box","damage_taken":0,"relics_obtained":["Bag of Preparation"],"max_hp_gain":0,"max_hp_loss":0,"event_name":"Big Fish","floor":14,"gold_loss":0,"cards_obtained":["Regret"]},{"damage_healed":0,"gold_gain":0,"player_choice":"Fought Bandits","damage_taken":0,"max_hp_gain":0,"max_hp_loss":0,"event_name":"Masked Bandits","floor":21,"gold_loss":0}],"is_beta":false,"boss_relics":[{"not_picked":["Snecko Heart","reliquary:RedCape","Replay:Bronze Core"]}],"items_purged_floors":[4,15],"is_endless":false,"potions_floor_spawned":[1,7,16,18,22,24],"killed_by":"Chosen and Byrds","ascension_level":13}}