{"host":"ormi09wwzv7sq47a","time":1613513791,"event":{"mods":["2.2 Compatiblity","AchievementEnabler","Act Like it!","BaseMod","Bestiary","Better Altar","Better Note","Better Sensory Stone","Better Silent Start","Better Skull","Better Third Choice","Better Vampires","BetterRewards","Block Reminder","Card Forge","Colored Map","Colored Powertips","Curses Come First","DeckTracker","Downfall","Highlight Path","Minty Spire (QoL Compilation)","Permanent Neow","Quick Restart","Rare Cards Sparkle","Relic Stats","Shop Mod","StSLib","The Jungle"],"gold_per_floor":[115,115,130,147,147,147,160,172,172,172,9,9,19,51,51,127,127,139,159,44,63,63,95,95,121,148,163,163,179,179,179,179,253,253,265,285,28,28,38,38,72,72,98,98,112,139,29,46,46,46,46,46,46,46,46],"floor_reached":54,"language":"ENG","playtime":2650,"items_purged":["Defend_R","Decay"],"score":1391,"play_id":"34deeda1-e07a-4f9a-b238-7b5b6f43fdbc","local_time":"20210216191631","is_ascension_mode":true,"campfire_choices":[{"data":"Juggernaut","floor":6.0,"key":"SMITH"},{"data":"Sadistic Nature","floor":10.0,"key":"SMITH"},{"data":"Perfected Strike","floor":12.0,"key":"SMITH"},{"data":"Barricade","floor":15.0,"key":"SMITH"},{"data":"Corruption","floor":24.0,"key":"SMITH"},{"data":"Dark Embrace","floor":28.0,"key":"SMITH"},{"data":"Disarm","floor":30.0,"key":"SMITH"},{"floor":32.0,"key":"REST"},{"floor":40.0,"key":"RECALL"},{"data":"Impervious","floor":42.0,"key":"SMITH"},{"data":"Sentinel","floor":44.0,"key":"SMITH"},{"data":"Iron Wave","floor":49.0,"key":"SMITH"},{"data":"Twin Strike","floor":52,"key":"SMITH"}],"circlet_count":0,"master_deck":["AscendersBane","Strike_R+1","Defend_R+1","Defend_R+1","Defend_R","Bash+1","Sadistic Nature+1","Flame Barrier+1","Juggernaut+1","Perfected Strike+1","Twin Strike+1","Shockwave+1","Body Slam+1","Clothesline+1","Metallicize+1","Iron Wave+1","Shrug It Off+1","Barricade+1","Corruption+1","Thunderclap+1","Battle Trance+1","Disarm+1","Shrug It Off","Intimidate","Dark Embrace+1","Sentinel+1","Impervious+1"],"relics":["Burning Blood","Hammer of Thor","Seething Fire","Anvil of the Gods","Paper Frog","Guardian:GemstoneGun","champ:Barbells","Orichalcum","Boot","Black Star","Sundial","Toy Ornithopter","Singing Bowl","Tiny Chest","Oddly Smooth Stone","Busted Crown","Bronze Scales","Incense Burner","Ancient Tea Set","Blood Vial"],"acts_visited":["Exordium","TheCity","TheBeyond","TheEnding"],"potions_floor_usage":[50,50],"damage_taken":[{"damage":10.0,"enemies":"Small Slimes","floor":1.0,"turns":4.0},{"damage":8.0,"enemies":"2 Louse","floor":3.0,"turns":3.0},{"damage":9.0,"enemies":"Jaw Worm","floor":4.0,"turns":6.0},{"damage":7.0,"enemies":"Large Slime","floor":7.0,"turns":4.0},{"damage":3.0,"enemies":"Red Slaver","floor":8.0,"turns":3.0},{"damage":0.0,"enemies":"Blue Slaver","floor":13.0,"turns":2.0},{"damage":7.0,"enemies":"3 Sentries","floor":14.0,"turns":4.0},{"damage":9.0,"enemies":"Hexaghost","floor":16.0,"turns":11.0},{"damage":0.0,"enemies":"3 Byrds","floor":18.0,"turns":5.0},{"damage":7.0,"enemies":"Chosen","floor":19.0,"turns":5.0},{"damage":0.0,"enemies":"3 Cultists","floor":21.0,"turns":4.0},{"damage":23.0,"enemies":"Book of Stabbing","floor":23.0,"turns":8.0},{"damage":13.0,"enemies":"Slavers","floor":25.0,"turns":4.0},{"damage":30.0,"enemies":"Shelled Parasite and Fungi","floor":27.0,"turns":5.0},{"damage":0.0,"enemies":"Cultist and Chosen","floor":29.0,"turns":6.0},{"damage":43.0,"enemies":"Collector","floor":33.0,"turns":7.0},{"damage":16.0,"enemies":"Orb Walker","floor":35.0,"turns":6.0},{"damage":0.0,"enemies":"3 Darklings","floor":36.0,"turns":6.0},{"damage":0.0,"enemies":"Transient","floor":39.0,"turns":6.0},{"damage":0.0,"enemies":"Giant Head","floor":41.0,"turns":7.0},{"damage":0.0,"enemies":"Jaw Worm Horde","floor":45.0,"turns":4.0},{"damage":0.0,"enemies":"3 Darklings","floor":48.0,"turns":2.0},{"damage":29,"enemies":"Donu and Deca","floor":50,"turns":7},{"damage":85,"enemies":"Shield and Spear","floor":54,"turns":3}],"seed_played":"-3865872169349039514","potions_obtained":[{"floor":1.0,"key":"BloodPotion"},{"floor":4.0,"key":"SkillPotion"},{"floor":8.0,"key":"SpeedPotion"},{"floor":13.0,"key":"SmokeBomb"},{"floor":18.0,"key":"SneckoOil"},{"floor":21.0,"key":"Block Potion"},{"floor":27.0,"key":"ElixirPotion"},{"floor":36.0,"key":"DistilledChaos"},{"floor":39.0,"key":"hexamod:SoulburnPotion"},{"floor":45.0,"key":"AttackPotion"}],"is_trial":false,"path_per_floor":["M","?","M","M","?","R","M","M","T","R","$","R","M","E","R","B",null,"M","M","$","M","?","E","R","E","T","M","R","M","R","?","R","B",null,"M","M","$","?","M","R","E","R","T","R","M","T","?","M","R","B",null,"R","$","E"],"character_chosen":"IRONCLAD","items_purchased":["Paper Frog","Sadistic Nature","champ:Barbells","Clothesline","Metallicize","Iron Wave","Disarm","Bronze Scales"],"campfire_rested":1,"item_purchase_floors":[0,0,0,11,11,11,20,37],"current_hp_per_floor":[44,44,42,39,32,32,31,34,34,34,34,34,40,39,39,36,65,71,70,70,75,75,58,58,51,51,29,29,35,35,35,58,26,64,56,64,64,64,77,77,81,81,81,81,83,83,83,85,85,62,79,79,79,0,0],"gold":46,"neow_bonus":"","is_daily":false,"chose_seed":false,"campfire_upgraded":11,"win_rate":0.0,"timestamp":1613513791,"path_taken":["M","?","M","M","?","R","M","?","T","R","$","R","M","E","R","BOSS","M","M","$","M","?","E","R","E","T","?","R","M","R","?","R","BOSS","M","M","$","?","M","R","E","R","T","R","M","?","?","?","R","BOSS","R","$","E"],"items_purchased_type":["Relic","Card","Relic","Card","Card","Card","Card","Relic"],"build_version":"2020-12-22","purchased_purges":2,"victory":false,"max_hp_per_floor":[75,75,75,75,75,75,75,75,75,75,75,75,75,75,75,75,75,75,75,75,75,75,75,75,75,75,77,77,77,77,77,77,77,77,79,81,81,77,79,79,81,81,81,81,83,83,83,85,85,85,85,85,85,85,85],"relic_stats":{"Singing Bowl":14,"counters":[24,122],"Orichalcum":[78],"Boot":[23],"Burning Blood":121,"Blood Vial":2,"Busted Crown":12,"Sundial":[14],"Bronze Scales":[83],"Tiny Chest":1,"Black Star":3,"obtain_stats":[{"champ:Barbells":0,"Singing Bowl":25,"Guardian:GemstoneGun":0,"Oddly Smooth Stone":26,"Hammer of Thor":0,"Incense Burner":41,"Seething Fire":0,"Orichalcum":9,"Boot":14,"Ancient Tea Set":41,"Burning Blood":0,"Blood Vial":46,"Busted Crown":34,"Anvil of the Gods":0,"Sundial":23,"Bronze Scales":37,"Tiny Chest":25,"Black Star":17,"Toy Ornithopter":23,"Paper Frog":0},{"champ:Barbells":0,"Singing Bowl":13,"Guardian:GemstoneGun":0,"Oddly Smooth Stone":13,"Hammer of Thor":0,"Incense Burner":20,"Seething Fire":0,"Orichalcum":5,"Boot":7,"Ancient Tea Set":20,"Burning Blood":0,"Blood Vial":21,"Busted Crown":16,"Anvil of the Gods":0,"Sundial":12,"Bronze Scales":18,"Tiny Chest":13,"Black Star":8,"Toy Ornithopter":12,"Paper Frog":0},{"champ:Barbells":0,"Singing Bowl":63,"Guardian:GemstoneGun":0,"Oddly Smooth Stone":63,"Hammer of Thor":0,"Incense Burner":106,"Seething Fire":0,"Orichalcum":20,"Boot":26,"Ancient Tea Set":106,"Burning Blood":0,"Blood Vial":110,"Busted Crown":81,"Anvil of the Gods":0,"Sundial":59,"Bronze Scales":93,"Tiny Chest":63,"Black Star":37,"Toy Ornithopter":59,"Paper Frog":0}],"Toy Ornithopter":10},"card_choices":[{"not_picked":["Ghostly Armor","Metallicize"],"picked":"Flame Barrier","floor":1.0},{"not_picked":["Warcry","Sword Boomerang"],"picked":"Perfected Strike","floor":3.0},{"not_picked":["Iron Wave","Inflame"],"picked":"Twin Strike","floor":4.0},{"not_picked":["Brutality","Heavy Blade"],"picked":"Shockwave","floor":7.0},{"not_picked":["Cleave","Heavy Blade"],"picked":"Body Slam","floor":8.0},{"not_picked":["Fire Breathing","Wild Strike"],"picked":"Shrug It Off","floor":13.0},{"not_picked":["Hemokinesis","Wild Strike"],"picked":"Barricade","floor":14.0},{"not_picked":["Limit Break","Exhume"],"picked":"Corruption","floor":16.0},{"not_picked":["Anger+1","Clash"],"picked":"Thunderclap","floor":18.0},{"not_picked":["Armaments+1","Pommel Strike"],"picked":"Battle Trance+1","floor":19.0},{"not_picked":["Spot Weakness","Combust+1"],"picked":"Shrug It Off","floor":21.0},{"not_picked":["Armaments","Burning Pact"],"picked":"Intimidate","floor":23.0},{"not_picked":["Combust+1","Metallicize+1"],"picked":"Dark Embrace","floor":25.0},{"not_picked":["Clothesline","Barricade","Cleave+1"],"picked":"Singing Bowl","floor":27.0},{"not_picked":["Heavy Blade+1","Ghostly Armor"],"picked":"Sentinel","floor":29.0},{"not_picked":["Fiend Fire","Berserk"],"picked":"Impervious","floor":33.0},{"not_picked":["Heavy Blade"],"picked":"Singing Bowl","floor":35.0},{"not_picked":["Whirlwind"],"picked":"Singing Bowl","floor":36.0},{"not_picked":["Cleave+1"],"picked":"Singing Bowl","floor":39.0},{"not_picked":["Warcry"],"picked":"Singing Bowl","floor":41.0},{"not_picked":["Body Slam"],"picked":"Singing Bowl","floor":45.0},{"not_picked":["Clothesline"],"picked":"Singing Bowl","floor":48.0}],"player_experience":1096905,"relics_obtained":[{"floor":9.0,"key":"Orichalcum"},{"floor":14.0,"key":"Boot"},{"floor":23.0,"key":"Sundial"},{"floor":23.0,"key":"Toy Ornithopter"},{"floor":25.0,"key":"Singing Bowl"},{"floor":25.0,"key":"Tiny Chest"},{"floor":26.0,"key":"Oddly Smooth Stone"},{"floor":41.0,"key":"Incense Burner"},{"floor":41.0,"key":"Ancient Tea Set"},{"floor":46.0,"key":"Blood Vial"}],"event_choices":[{"damage_healed":0.0,"max_hp_gain":0.0,"max_hp_loss":0.0,"gold_gain":0.0,"cards_transformed":["Strike_R"],"event_name":"Living Wall","player_choice":"Change","floor":2.0,"gold_loss":0.0,"damage_taken":0.0,"cards_obtained":["Juggernaut"]},{"cards_removed":["Strike_R"],"damage_healed":0.0,"max_hp_gain":0.0,"max_hp_loss":0.0,"gold_gain":0.0,"event_name":"Golden Wing","player_choice":"Card Removal","floor":5.0,"gold_loss":0.0,"damage_taken":7.0},{"cards_removed":["Strike_R"],"damage_healed":0.0,"max_hp_gain":0.0,"max_hp_loss":0.0,"gold_gain":0.0,"event_name":"Purifier","player_choice":"Purged","floor":22.0,"gold_loss":0.0,"damage_taken":0.0},{"damage_healed":0.0,"max_hp_gain":0.0,"max_hp_loss":0.0,"gold_gain":0.0,"event_name":"betterAltar:BetterAltar","player_choice":" Defy","floor":31.0,"gold_loss":0.0,"damage_taken":0.0,"cards_obtained":["Decay"]},{"damage_healed":0.0,"max_hp_gain":0.0,"max_hp_loss":4.0,"gold_gain":0.0,"event_name":"Winding Halls","player_choice":"Max HP","floor":38.0,"gold_loss":0.0,"damage_taken":0.0},{"cards_removed":["Strike_R"],"damage_healed":0.0,"max_hp_gain":0.0,"max_hp_loss":0.0,"gold_gain":0.0,"event_name":"Designer","player_choice":"Upgrade and Remove","floor":47.0,"gold_loss":110.0,"damage_taken":0.0,"cards_upgraded":["Thunderclap"]}],"is_beta":false,"boss_relics":[{"not_picked":["Fusion Hammer","SacredBark"],"picked":"Black Star"},{"not_picked":["Coffee Dripper","Empty Cage"],"picked":"Busted Crown"}],"items_purged_floors":[20,37],"is_endless":false,"potions_floor_spawned":[1,4,8,13,18,21,27,36,39,45],"killed_by":"Shield and Spear","ascension_level":18}}