{"host":"tqat8h9oealf2qov","time":1613479523,"event":{"mods":["Aspiration","BaseMod","Downfall","Duelist Mod","GifTheSpireLib","Minty Spire (QoL Compilation)","StSLib"],"gold_per_floor":[99,115,115,126,126,161,161,188,200,200,217,93,93,193,203,305,305,305,315,315,315,333,346,371,385,402,402,402,427,427,454,465,563,563,563,573,573,623,548,578,578,578,317,343,343,361,361,209,228,228],"floor_reached":51,"language":"ZHS","playtime":2885,"items_purged":["champ:Strike"],"score":928,"play_id":"9eb89b5c-93de-46b8-ac2c-1778101bbe6b","local_time":"20210216204523","is_ascension_mode":false,"campfire_choices":[{"data":"champ:Taunt","floor":1.0,"key":"SMITH"},{"floor":10,"key":"REST"},{"data":"champ:Execute","floor":13,"key":"SMITH"},{"data":"champ:SwordThrow","floor":18,"key":"SMITH"},{"data":"champ:IronFortress","floor":28,"key":"SMITH"},{"data":"champ:ArenaPreparation","floor":30,"key":"SMITH"},{"data":"champ:RapidStrikes","floor":35,"key":"SMITH"}],"circlet_count":0,"master_deck":["champ:Strike","champ:Strike","champ:Strike","champ:Defend","champ:Defend","champ:Defend","champ:Defend","champ:Execute+1","champ:Taunt+1","champ:IronFortress+1","champ:RecklessLeap","champ:RapidStrikes+1","champ:FaceSlap","champ:ArenaPreparation+1","champ:FocusedDefense","champ:ShieldWall","champ:SwordThrow+1","champ:SetATrap+1","champ:LastStand","champ:FancyFootwork"],"relics":["champ:ChampionCrown","Pantograph","aspiration:FetidBarrel","aspiration:HatOfInfinitePower","Bag of Preparation","CloakClasp","Busted Crown","aspiration:RitualStick","PreservedInsect","Calipers","aspiration:Stabinomicon","aspiration:RunicSpoon","Gremlin Horn","CaptainsWheel","Lizard Tail","Shovel","aspiration:SeaSaltIceCream","downfall:HeartsMalice","aspiration:StickyExplosives_weak","Strawberry","aspiration:FrozenJewel","champ:BerserkersGuideToSlaughter"],"acts_visited":["Exordium","TheCity","TheBeyond"],"potions_floor_usage":[],"damage_taken":[{"damage":11.0,"enemies":"Cultist","floor":2.0,"turns":3.0},{"damage":17.0,"enemies":"2 Louse","floor":4.0,"turns":4.0},{"damage":66,"enemies":"Gremlin Nob","floor":6,"turns":5},{"damage":50,"enemies":"3 Sentries","floor":8,"turns":8},{"damage":15,"enemies":"Small Slimes","floor":9,"turns":3},{"damage":27,"enemies":"2 Fungi Beasts","floor":11,"turns":4},{"damage":33,"enemies":"downfall:FleeingMerchant","floor":12,"turns":4},{"damage":52,"enemies":"downfall:FleeingMerchant","floor":14,"turns":7},{"damage":0,"enemies":"3 Louse","floor":15,"turns":2},{"damage":44,"enemies":"IC_STATUS_ARCHETYPE","floor":16,"turns":8},{"damage":25,"enemies":"downfall:LooterAlt2","floor":19,"turns":2},{"damage":10,"enemies":"3 Byrds","floor":22,"turns":4},{"damage":35,"enemies":"Centurion and Healer","floor":23,"turns":4},{"damage":15,"enemies":"Shelled Parasite and Fungi","floor":25,"turns":4},{"damage":29,"enemies":"Snake Plant","floor":26,"turns":3},{"damage":35,"enemies":"Gremlin Leader","floor":29,"turns":3},{"damage":13,"enemies":"Book of Stabbing","floor":31,"turns":3},{"damage":5,"enemies":"Snecko","floor":32,"turns":2},{"damage":74,"enemies":"DF_ARCHETYPE_CLAW","floor":33,"turns":5},{"damage":39,"enemies":"3 Shapes","floor":36,"turns":3},{"damage":95,"enemies":"3 Shapes","floor":38,"turns":6},{"damage":35,"enemies":"downfall:FleeingMerchant","floor":39,"turns":4},{"damage":95,"enemies":"Nemesis","floor":40,"turns":5},{"damage":0,"enemies":"Orb Walker","floor":42,"turns":1},{"damage":0,"enemies":"Reptomancer","floor":44,"turns":1},{"damage":0,"enemies":"Jaw Worm Horde","floor":45,"turns":1},{"damage":10,"enemies":"Maw","floor":46,"turns":4},{"damage":5,"enemies":"3 Darklings","floor":49,"turns":5},{"damage":60,"enemies":"WA_ARCHETYPE_DIVINITY","floor":50,"turns":8}],"seed_played":"8596945243735128900","potions_obtained":[{"floor":4.0,"key":"DistilledChaos"},{"floor":9,"key":"FairyPotion"},{"floor":11,"key":"PowerPotion"},{"floor":14,"key":"FairyPotion"}],"is_trial":false,"path_per_floor":["R","M","T","M","?","E","T","E","M","R","M","$","R","?","M","B",null,"R","M","?","?","M","M","T","M","M","?","R","E","R","E","M","B",null,"R","M","?","?","$","E","T","M","$","E","M","M","T","$","M","B",null],"character_chosen":"THE_CHAMP","items_purchased":["champ:ShieldWall","champ:FancyFootwork","Lizard Tail","aspiration:StickyExplosives_weak","champ:BerserkersGuideToSlaughter"],"campfire_rested":1,"item_purchase_floors":[12,39,39,43,48],"current_hp_per_floor":[99,98,98,91,91,65,65,40,35,64,52,44,44,37,37,48,99,99,99,79,79,79,79,79,74,60,60,60,60,60,57,57,68,99,99,90,90,89,89,54,54,54,54,61,61,61,61,61,71,96],"gold":228,"neow_bonus":"TEN_PERCENT_HP_BONUS","is_daily":false,"chose_seed":false,"campfire_upgraded":6,"win_rate":0.0,"timestamp":1613479523,"path_taken":["R","M","?","M","?","E","T","E","M","R","M","$","R","?","M","BOSS","R","M","?","?","?","?","T","M","M","?","R","E","R","E","M","BOSS","R","M","?","?","?","E","T","M","$","E","M","M","?","$","M","BOSS"],"items_purchased_type":["Card","Card","Relic","Relic","Relic"],"build_version":"2020-12-22","purchased_purges":1,"victory":true,"max_hp_per_floor":[99,99,99,99,99,99,99,99,99,99,99,99,99,99,99,99,99,99,99,99,99,99,99,99,99,99,99,99,99,99,99,99,99,99,99,99,99,99,99,99,99,99,99,106,106,106,106,106,106,106],"card_choices":[{"not_picked":["champ:Backstep","champ:FanOfKnives"],"picked":"champ:IronFortress","floor":2.0},{"not_picked":["champ:CalledShot","champ:Endure"],"picked":"champ:RecklessLeap","floor":4.0},{"not_picked":["champ:DefensiveShout","champ:PreciseThrust"],"picked":"champ:RapidStrikes","floor":6},{"not_picked":["champ:ArenaPreparation","champ:CrookedStrike"],"picked":"champ:FaceSlap","floor":8},{"not_picked":["champ:FalseCounter","champ:Shatter"],"picked":"champ:ArenaPreparation","floor":9},{"not_picked":["champ:RecklessLeap","champ:TornadoPunch"],"picked":"champ:FocusedDefense","floor":11},{"not_picked":["champ:BringItOn","champ:GutPunch","champ:Lariat"],"picked":"SKIP","floor":12},{"not_picked":["champ:BladeFlurry","champ:Shatter","champ:Backstep"],"picked":"SKIP","floor":15},{"not_picked":["champ:SteelEdge","champ:VampiricStrike"],"picked":"champ:SwordThrow","floor":16},{"not_picked":[],"picked":"champ:SetATrap+1","floor":19},{"not_picked":["champ:Shatter"],"picked":"SKIP","floor":22},{"not_picked":["champ:SwordThrow"],"picked":"SKIP","floor":23},{"not_picked":["champ:EndlessRage"],"picked":"SKIP","floor":25},{"not_picked":["champ:BringItOn"],"picked":"SKIP","floor":26},{"not_picked":["champ:FaceSlap"],"picked":"SKIP","floor":29},{"not_picked":["champ:Backstep"],"picked":"SKIP","floor":31},{"not_picked":["champ:BringItOn"],"picked":"SKIP","floor":32},{"not_picked":[],"picked":"champ:LastStand","floor":33},{"not_picked":["champ:BringItOn"],"picked":"SKIP","floor":36},{"not_picked":["champ:CrownThrow"],"picked":"SKIP","floor":39},{"not_picked":["champ:BladeFlurry"],"picked":"SKIP","floor":40},{"not_picked":["champ:Backstep+1"],"picked":"SKIP","floor":42},{"not_picked":["champ:EnGarde+1"],"picked":"SKIP","floor":44},{"not_picked":["champ:TornadoPunch"],"picked":"SKIP","floor":45},{"not_picked":["champ:CrownThrow"],"picked":"SKIP","floor":46},{"not_picked":["champ:GutPunch+1"],"picked":"SKIP","floor":49}],"player_experience":420754,"relics_obtained":[{"floor":3.0,"key":"Pantograph"},{"floor":6,"key":"aspiration:FetidBarrel"},{"floor":7,"key":"aspiration:HatOfInfinitePower"},{"floor":8,"key":"Bag of Preparation"},{"floor":14,"key":"CloakClasp"},{"floor":24,"key":"PreservedInsect"},{"floor":29,"key":"Calipers"},{"floor":31,"key":"aspiration:Stabinomicon"},{"floor":37,"key":"Gremlin Horn"},{"floor":38,"key":"CaptainsWheel"},{"floor":40,"key":"Shovel"},{"floor":41,"key":"aspiration:SeaSaltIceCream"},{"floor":44,"key":"Strawberry"},{"floor":47,"key":"aspiration:FrozenJewel"}],"event_choices":[],"is_beta":false,"boss_relics":[{"not_picked":["Snecko Eye","Cursed Key"],"picked":"Busted Crown"},{"not_picked":["Pandora\u0027s Box","SacredBark"],"picked":"aspiration:RunicSpoon"}],"items_purged_floors":[12],"is_endless":false,"potions_floor_spawned":[4,9,11,14,15,19,22,23,25,31,38,44,46],"ascension_level":0}}