{"host":"8anmd7ibyxevnonj","time":1613477552,"event":{"mods":["BaseMod","Curses Come First","Glutton Mod","Marisa????????","Minty Spire (QoL Compilation)","Reliquary","StSLib","The Cursed","The Marked","The Necromancer"],"gold_per_floor":[112,287,287,206,206,206,226,226,226,245,268,306,306,347,347,471,471,454,454,83,83,99,99,113,113,113,113,212,243,243,243],"floor_reached":30,"language":"ENG","playtime":1932,"items_purged":[],"score":369,"play_id":"c0b22b2c-5d3e-4610-9010-dc9bb6c6406c","local_time":"20210216131232","is_ascension_mode":false,"campfire_choices":[{"data":"TheCursedMod:CleanUpWorkshop","floor":6,"key":"SMITH"},{"data":"TheCursedMod:LuckyCharm","floor":8,"key":"SMITH"},{"data":"TheCursedMod:FleshFromBone","floor":13,"key":"SMITH"},{"data":"TheCursedMod:CircleOfFlame","floor":15,"key":"SMITH"},{"data":"TheCursedMod:DemonicPact","floor":23,"key":"SMITH"},{"data":"TheCursedMod:FleshFromBone","floor":25,"key":"SMITH"},{"data":"1","floor":27,"key":"LIFT"}],"circlet_count":0,"master_deck":["TheCursedMod:Strike_TheCursed","TheCursedMod:Strike_TheCursed","TheCursedMod:Strike_TheCursed","TheCursedMod:Strike_TheCursed","TheCursedMod:Defend_TheCursed","TheCursedMod:Defend_TheCursed","TheCursedMod:Defend_TheCursed","TheCursedMod:Defend_TheCursed","TheCursedMod:CursedWand+1","TheCursedMod:CleanUpWorkshop+1","TheCursedMod:Dregs","TheCursedMod:SurpriseAttack","Doubt","Injury","TheCursedMod:LuckyCharm+1","Regret","TheCursedMod:SurpriseAttack","TheCursedMod:TacticalStrike","TheCursedMod:FleshFromBone+1","TheCursedMod:DemonSword","TheCursedMod:CircleOfFlame+1","TheCursedMod:DemonicPact+1","TheCursedMod:RavingStaff+1","Shame","TheCursedMod:LuckyCharm","TheCursedMod:FleshFromBone+1","TheCursedMod:CursedRelics","TheCursedMod:VitalStrike","Shame","TheCursedMod:CursedAmulet"],"relics":["TheCursedMod:BlackMagic101","Golden Idol","reliquary:BoilingFlask","Odd Mushroom","Bag of Preparation","Cursed Key","Sundial","TheCursedMod:DemonicMark","Nloth\u0027s Gift","Girya","TheCursedMod:Tack"],"acts_visited":["Exordium","TheCity"],"potions_floor_usage":[14,16,16,24,24,29],"damage_taken":[{"damage":0,"enemies":"Small Slimes","floor":1,"turns":4},{"damage":14,"enemies":"Jaw Worm","floor":7,"turns":5},{"damage":0,"enemies":"2 Louse","floor":10,"turns":4},{"damage":0,"enemies":"2 Fungi Beasts","floor":11,"turns":4},{"damage":0,"enemies":"The Mushroom Lair","floor":12,"turns":5},{"damage":0,"enemies":"Gremlin Nob","floor":14,"turns":3},{"damage":26,"enemies":"The Guardian","floor":16,"turns":13},{"damage":9,"enemies":"2 Thieves","floor":18,"turns":4},{"damage":10,"enemies":"Shell Parasite","floor":22,"turns":3},{"damage":19,"enemies":"Snake Plant","floor":24,"turns":5},{"damage":48,"enemies":"Slavers","floor":29,"turns":7},{"damage":6,"enemies":"Centurion and Healer","floor":30,"turns":1}],"seed_played":"2002680757346341691","potions_obtained":[{"floor":11,"key":"AttackPotion"},{"floor":12,"key":"DistilledChaos"},{"floor":14,"key":"AttackPotion"},{"floor":16,"key":"SpeedPotion"},{"floor":22,"key":"Block Potion"},{"floor":24,"key":"Regen Potion"}],"is_trial":false,"path_per_floor":["M","?","?","$","?","R","M","R","T","M","M","?","R","E","R","B",null,"M","?","$","?","M","R","M","R","T","R","?","E","M"],"character_chosen":"THE_CURSED","items_purchased":["TheCursedMod:LuckyCharm","TheCursedMod:DemonicMark","TheCursedMod:LuckyCharm","TheCursedMod:FleshFromBone"],"campfire_rested":0,"item_purchase_floors":[4,20,20,20],"current_hp_per_floor":[75,75,75,75,75,75,61,61,61,61,61,61,61,61,61,35,75,66,66,66,66,56,56,37,37,37,37,37,4,0,0],"gold":243,"neow_bonus":"UPGRADE_CARD","is_daily":false,"chose_seed":false,"campfire_upgraded":6,"win_rate":0.0,"timestamp":1613477552,"path_taken":["M","?","?","$","?","R","M","R","T","M","M","?","R","E","R","BOSS","M","?","$","?","M","R","?","R","T","R","?","E","M"],"items_purchased_type":["Card","Relic","Card","Card"],"build_version":"2020-12-13","purchased_purges":0,"victory":false,"max_hp_per_floor":[75,75,75,75,75,75,75,75,75,75,75,75,75,75,75,75,75,75,75,75,75,75,75,75,75,75,75,75,75,75,75],"card_choices":[{"not_picked":["TheCursedMod:Stretching","TheCursedMod:TroublousMinions"],"picked":"TheCursedMod:SurpriseAttack","floor":1},{"not_picked":["TheCursedMod:PrepareRite","TheCursedMod:CursedArmor"],"picked":"TheCursedMod:SurpriseAttack","floor":7},{"not_picked":["TheCursedMod:BlessingInDisguise","TheCursedMod:CursedShiv"],"picked":"TheCursedMod:TacticalStrike","floor":10},{"not_picked":["TheCursedMod:TroublousMinions","TheCursedMod:Stigma"],"picked":"TheCursedMod:FleshFromBone","floor":11},{"not_picked":["TheCursedMod:WearCloak","TheCursedMod:SmokeScreen"],"picked":"TheCursedMod:DemonSword","floor":12},{"not_picked":["TheCursedMod:RavingStaff","TheCursedMod:Stigma"],"picked":"TheCursedMod:CircleOfFlame","floor":14},{"not_picked":["TheCursedMod:ManaCirculation","TheCursedMod:CursedRelics"],"picked":"TheCursedMod:DemonicPact","floor":16},{"not_picked":["TheCursedMod:TacticalStrike","TheCursedMod:SoulCrush"],"picked":"TheCursedMod:RavingStaff+1","floor":18},{"not_picked":["TheCursedMod:SpitefulStrike","TheCursedMod:Obscuration"],"picked":"TheCursedMod:CursedRelics","floor":22},{"not_picked":["TheCursedMod:TacticalStrike","TheCursedMod:BloodBarrier"],"picked":"TheCursedMod:VitalStrike","floor":24},{"not_picked":["TheCursedMod:VoidForm","TheCursedMod:OutForBlood"],"picked":"TheCursedMod:CursedAmulet","floor":29}],"player_experience":29976,"relics_obtained":[{"floor":9,"key":"reliquary:BoilingFlask"},{"floor":12,"key":"Odd Mushroom"},{"floor":14,"key":"Bag of Preparation"},{"floor":26,"key":"Girya"},{"floor":29,"key":"TheCursedMod:Tack"}],"event_choices":[{"damage_healed":0,"gold_gain":175,"player_choice":"AGREE","damage_taken":0,"max_hp_gain":0,"max_hp_loss":0,"event_name":"Liars Game","floor":2,"gold_loss":0,"cards_obtained":["Doubt"]},{"damage_healed":0,"gold_gain":0,"player_choice":"Take Wound","damage_taken":0,"relics_obtained":["Golden Idol"],"max_hp_gain":0,"max_hp_loss":0,"event_name":"Golden Idol","floor":3,"gold_loss":0,"cards_obtained":["Injury"]},{"damage_healed":0,"gold_gain":0,"player_choice":"Box","damage_taken":0,"relics_obtained":["reliquary:Knoch"],"max_hp_gain":0,"max_hp_loss":0,"event_name":"Big Fish","floor":5,"gold_loss":0,"cards_obtained":["Regret"]},{"damage_healed":0,"gold_gain":0,"player_choice":"Fought Mushrooms","damage_taken":0,"max_hp_gain":0,"max_hp_loss":0,"event_name":"Mushrooms","floor":12,"gold_loss":0},{"damage_healed":0,"gold_gain":0,"player_choice":"Stole Relic","damage_taken":0,"relics_obtained":["Sundial"],"max_hp_gain":0,"max_hp_loss":0,"event_name":"Addict","floor":19,"gold_loss":0,"cards_obtained":["Shame"]},{"damage_healed":0,"gold_gain":0,"player_choice":"Traded Relic","damage_taken":0,"relics_obtained":["Nloth\u0027s Gift"],"max_hp_gain":0,"max_hp_loss":0,"event_name":"N\u0027loth","floor":21,"relics_lost":["reliquary:Knoch"],"gold_loss":0},{"damage_healed":0,"gold_gain":99,"player_choice":"Stole From Cult","damage_taken":0,"max_hp_gain":0,"max_hp_loss":0,"event_name":"Nest","floor":28,"gold_loss":0}],"is_beta":false,"boss_relics":[{"not_picked":["SacredBark","Busted Crown"],"picked":"Cursed Key"}],"items_purged_floors":[],"is_endless":false,"potions_floor_spawned":[11,12,14,16,22,24],"killed_by":"Centurion and Healer","ascension_level":0}}