{"host":"by8i6f8xc0ywpsd5","time":1613505028,"event":{"mods":["BaseMod","Colored Map","Downfall","Minty Spire (QoL Compilation)","Relic Stats","StSLib"],"gold_per_floor":[99,118,118,118,28,40,40,70,70,123,147,177,89,118,144,257,269,281,313,325,354,366,378,390,302,344,373,405,35,68,82,94,191,191,91,101,21,31,41,41,341,373,69,69,115,135,166,184,199,199,199,227,47,47,47,47,47],"floor_reached":55,"language":"ENG","playtime":3534,"items_purged":["champ:Strike","champ:Strike"],"score":896,"play_id":"38e367c7-3b9e-49e7-aa79-ea4741d8a62d","local_time":"20210216215028","is_ascension_mode":false,"campfire_choices":[{"data":"champ:Taunt","floor":1,"key":"SMITH"},{"data":"champ:EnragedBash","floor":9,"key":"SMITH"},{"data":"champ:ShieldWall","floor":13,"key":"SMITH"},{"data":"champ:Shatter","floor":18,"key":"SMITH"},{"data":"champ:Execute","floor":23,"key":"SMITH"},{"floor":25,"key":"RECALL"},{"data":"champ:IronFortress","floor":35,"key":"SMITH"},{"data":"champ:StrikeOfGenius","floor":44,"key":"SMITH"},{"data":"champ:GladiatorForm","floor":54,"key":"SMITH"}],"circlet_count":0,"master_deck":["champ:Strike","champ:Defend","champ:Defend","champ:Defend","champ:Defend","champ:Execute+1","champ:Taunt+1","champ:EnragedBash+1","champ:Shatter+1","champ:FocusedBerserking","champ:HeartStrike+1","champ:ShieldWall+1","champ:DeathBlow+1","champ:RecklessLeap+1","champ:TripleStrike+1","champ:Shatter+1","champ:RapidStrikes+1","champ:BringItOn+1","champ:RapidStrikes+1","champ:IronFortress+1","champ:FanOfKnives+1","champ:CrookedStrike+1","champ:VampiricStrike+1","champ:StrikeOfGenius+1","expansioncontent:DashGenerateEvil+1","champ:GladiatorStyle","champ:AdrenalArmor+1","champ:Endure","champ:GladiatorForm+1","champ:CrookedStrike+1","champ:RapidStrikes+1","champ:CheapShot+1","champ:Duel+1","champ:EndlessRage+1","champ:RapidStrikes+1","champ:PerfectedStrike+1","champ:Backstep+1","champ:PerfectedStrike+1"],"relics":["champ:ChampionCrown","Matryoshka","Molten Egg 2","MawBank","Akabeko","downfall:HeartBlessingGreen","Philosopher\u0027s Stone","StrikeDummy","downfall:HeartBlessingBlue","Art of War","Bag of Marbles","champ:FightingForDummies","Coffee Dripper","downfall:HeartBlessingRed","Vajra","Old Coin","Letter Opener","Centennial Puzzle","Orrery","Dream Catcher","Dead Branch","Toy Ornithopter","OrangePellets"],"acts_visited":["Exordium","TheCity","TheBeyond","TheEnding"],"potions_floor_usage":[8,14,21,26,29,30,30,33,42,47,50,50],"damage_taken":[{"damage":11,"enemies":"Jaw Worm","floor":2,"turns":6},{"damage":40,"enemies":"downfall:FleeingMerchant","floor":5,"turns":4},{"damage":18,"enemies":"2 Louse","floor":6,"turns":3},{"damage":64,"enemies":"Gremlin Nob","floor":8,"turns":5},{"damage":26,"enemies":"Cultist","floor":11,"turns":3},{"damage":5,"enemies":"2 Fungi Beasts","floor":12,"turns":2},{"damage":0,"enemies":"Blue Slaver","floor":14,"turns":3},{"damage":20,"enemies":"3 Louse","floor":15,"turns":3},{"damage":44,"enemies":"SI_SHIV_ARCHETYPE","floor":16,"turns":6},{"damage":0,"enemies":"Spheric Guardian","floor":19,"turns":1},{"damage":31,"enemies":"downfall:LooterAlt2","floor":21,"turns":3},{"damage":70,"enemies":"Gremlin Leader","floor":26,"turns":3},{"damage":30,"enemies":"Centurion and Healer","floor":27,"turns":4},{"damage":20,"enemies":"Cultist and Chosen","floor":28,"turns":3},{"damage":50,"enemies":"downfall:FleeingMerchant","floor":29,"turns":4},{"damage":31,"enemies":"Book of Stabbing","floor":30,"turns":2},{"damage":10,"enemies":"Shelled Parasite and Fungi","floor":31,"turns":3},{"damage":20,"enemies":"Snake Plant","floor":32,"turns":1},{"damage":45,"enemies":"IC_MUSHROOM_ARCHETYPE","floor":33,"turns":4},{"damage":20,"enemies":"3 Shapes","floor":36,"turns":4},{"damage":20,"enemies":"downfall:FleeingMerchant","floor":37,"turns":3},{"damage":25,"enemies":"3 Darklings","floor":38,"turns":4},{"damage":88,"enemies":"Maw","floor":39,"turns":6},{"damage":61,"enemies":"Giant Head","floor":42,"turns":4},{"damage":38,"enemies":"Writhing Mass","floor":46,"turns":3},{"damage":35,"enemies":"Reptomancer","floor":47,"turns":2},{"damage":20,"enemies":"Jaw Worm Horde","floor":48,"turns":2},{"damage":9,"enemies":"4 Shapes","floor":49,"turns":4},{"damage":39,"enemies":"DF_ARCHETYPE_ORBS","floor":50,"turns":3},{"damage":81,"enemies":"downfall:CharBossMerchant","floor":52,"turns":6},{"damage":129,"enemies":"downfall:NeowBoss","floor":55,"turns":5}],"seed_played":"-1013614629613561415","potions_obtained":[{"floor":6,"key":"Energy Potion"},{"floor":8,"key":"Strength Potion"},{"floor":12,"key":"Block Potion"},{"floor":15,"key":"bronze:BurnAndBuffPotion"},{"floor":16,"key":"Swift Potion"},{"floor":21,"key":"champ:OpenerPotion"},{"floor":27,"key":"Weak Potion"},{"floor":30,"key":"Slimebound:ThreeZeroPotion"},{"floor":31,"key":"SpeedPotion"},{"floor":39,"key":"Regen Potion"},{"floor":47,"key":"FearPotion"},{"floor":48,"key":"DistilledChaos"}],"is_trial":false,"path_per_floor":["R","M","?","?","$","M","T","E","R","T","M","M","R","M","M","B",null,"R","M","?","M","?","R","T","R","E","M","M","$","E","M","M","B",null,"R","M","$","M","M","$","T","E","$","R","?","M","E","M","M","B",null,"E","$","R","B"],"character_chosen":"THE_CHAMP","items_purchased":["champ:IronFortress","Bag of Marbles","bronze:BurnAndBuffPotion","expansioncontent:DashGenerateEvil","Vajra","champ:GladiatorStyle","Centennial Puzzle","Orrery","champ:PerfectedStrike+1","OrangePellets"],"campfire_rested":0,"item_purchase_floors":[29,29,29,37,37,37,43,43,53,53],"current_hp_per_floor":[99,98,98,98,88,85,85,51,51,51,45,45,45,45,45,38,99,99,99,99,83,83,83,83,93,71,71,71,71,55,50,50,50,109,109,109,109,109,81,81,81,75,75,75,75,57,62,62,53,39,109,63,63,63,0,0,0],"gold":47,"neow_bonus":"TEN_PERCENT_HP_BONUS","is_daily":false,"chose_seed":false,"campfire_upgraded":8,"win_rate":0.0,"timestamp":1613505028,"path_taken":["R","M","?","?","?","M","T","E","R","?","M","M","R","M","M","BOSS","R","M","?","M","?","R","T","R","E","M","M","$","E","M","M","BOSS","R","M","$","M","M","$","T","E","$","R","?","M","E","M","M","BOSS","E","$","R","BOSS"],"items_purchased_type":["Card","Relic","Potion","Card","Relic","Card","Relic","Relic","Card","Relic"],"build_version":"2020-12-22","purchased_purges":2,"victory":false,"max_hp_per_floor":[99,99,99,99,99,99,99,99,99,99,99,99,99,99,99,99,99,99,99,99,99,99,99,99,109,109,109,109,109,109,109,109,109,109,109,109,109,109,109,109,109,109,109,109,109,109,109,109,109,109,109,109,109,109,109,109,109],"relic_stats":{"OrangePellets":[3],"Centennial Puzzle":[21],"Dream Catcher":0,"counters":[31,109],"Dead Branch":[21],"Art of War":[2],"Letter Opener":[18],"MawBank":228,"obtain_stats":[{"downfall:HeartBlessingRed":35,"Dead Branch":47,"Vajra":37,"champ:ChampionCrown":0,"downfall:HeartBlessingGreen":13,"Letter Opener":42,"MawBank":10,"Akabeko":10,"Old Coin":41,"OrangePellets":53,"Centennial Puzzle":43,"Dream Catcher":45,"Matryoshka":7,"downfall:HeartBlessingBlue":25,"Orrery":43,"Molten Egg 2":8,"Philosopher\u0027s Stone":17,"Art of War":26,"Bag of Marbles":29,"Coffee Dripper":34,"champ:FightingForDummies":30,"StrikeDummy":24,"Toy Ornithopter":52},{"downfall:HeartBlessingRed":19,"Dead Branch":26,"Vajra":21,"champ:ChampionCrown":0,"downfall:HeartBlessingGreen":6,"Letter Opener":24,"MawBank":4,"Akabeko":4,"Old Coin":23,"OrangePellets":30,"Centennial Puzzle":24,"Dream Catcher":24,"Matryoshka":3,"downfall:HeartBlessingBlue":11,"Orrery":24,"Molten Egg 2":4,"Philosopher\u0027s Stone":9,"Art of War":12,"Bag of Marbles":15,"Coffee Dripper":19,"champ:FightingForDummies":16,"StrikeDummy":11,"Toy Ornithopter":30},{"downfall:HeartBlessingRed":63,"Dead Branch":89,"Vajra":70,"champ:ChampionCrown":0,"downfall:HeartBlessingGreen":23,"Letter Opener":84,"MawBank":18,"Akabeko":18,"Old Coin":80,"OrangePellets":104,"Centennial Puzzle":84,"Dream Catcher":84,"Matryoshka":13,"downfall:HeartBlessingBlue":39,"Orrery":84,"Molten Egg 2":18,"Philosopher\u0027s Stone":35,"Art of War":42,"Bag of Marbles":53,"Coffee Dripper":63,"champ:FightingForDummies":55,"StrikeDummy":39,"Toy Ornithopter":104}],"Toy Ornithopter":0},"card_choices":[{"not_picked":["champ:Backstep","champ:BerserkersShout"],"picked":"champ:EnragedBash","floor":2},{"not_picked":["champ:FancyFootwork","champ:RapidStrikes"],"picked":"champ:Shatter","floor":5},{"not_picked":["champ:DefensiveShout","champ:TornadoPunch"],"picked":"champ:FocusedBerserking","floor":6},{"not_picked":["champ:FalseCounter","champ:Shatter+1"],"picked":"champ:HeartStrike+1","floor":8},{"not_picked":["champ:StanceDance","champ:Haymaker+1"],"picked":"champ:ShieldWall","floor":11},{"not_picked":["champ:HeartStrike+1","champ:DefensiveShout","champ:Endure"],"picked":"SKIP","floor":12},{"not_picked":["champ:DancingMaster","champ:FalseCounter"],"picked":"champ:DeathBlow+1","floor":14},{"not_picked":["champ:FalseCounter","champ:GutPunch+1"],"picked":"champ:RecklessLeap+1","floor":15},{"not_picked":["champ:SwordThrow+1","champ:Improvising"],"picked":"champ:TripleStrike+1","floor":16},{"not_picked":["champ:ShieldWall","champ:AdrenalArmor"],"picked":"champ:Shatter+1","floor":19},{"not_picked":["champ:SkillfulDodge+1","champ:FanOfKnives+1"],"picked":"champ:RapidStrikes+1","floor":21},{"not_picked":["champ:RisingSlash+1","champ:GladiatorStyle","champ:EndlessRage"],"picked":"SKIP","floor":26},{"not_picked":["champ:DefensiveShout","champ:FlashCut+1"],"picked":"champ:BringItOn+1","floor":27},{"not_picked":["champ:Shatter+1","champ:GladiatorStyle"],"picked":"champ:RapidStrikes+1","floor":28},{"not_picked":["champ:FlashCut+1","champ:FocusedDefense+1","champ:Shatter+1"],"picked":"SKIP","floor":29},{"not_picked":["champ:StanceDance","champ:Circumvent"],"picked":"champ:FanOfKnives+1","floor":30},{"not_picked":["champ:RapidStrikes+1","champ:Circumvent","champ:StanceDance"],"picked":"SKIP","floor":31},{"not_picked":["champ:FlashCut+1","champ:BringItOn"],"picked":"champ:CrookedStrike+1","floor":32},{"not_picked":["champ:ShieldThrow+1","champ:UltimateStance"],"picked":"champ:VampiricStrike+1","floor":33},{"not_picked":["champ:CalledShot","champ:CrownThrow+1","champ:PreemptiveStrike+1"],"picked":"SKIP","floor":36},{"not_picked":["champ:Improvising","champ:RecklessLeap+1"],"picked":"champ:StrikeOfGenius","floor":37},{"not_picked":["champ:PreemptiveStrike+1","champ:PreciseThrust+1"],"picked":"champ:AdrenalArmor+1","floor":38},{"not_picked":["champ:DefensiveShout","champ:RisingSlash+1"],"picked":"champ:Endure","floor":39},{"not_picked":["champ:BladeFlurry+1","champ:CalledShot+1"],"picked":"champ:GladiatorForm","floor":42},{"not_picked":["champ:FlashCut+1","champ:DefensiveShout"],"picked":"champ:CrookedStrike+1","floor":43},{"not_picked":["champ:BladeFlurry+1","champ:AdrenalArmor"],"picked":"champ:RapidStrikes+1","floor":43},{"not_picked":["champ:SkillfulDodge","champ:StanceDance"],"picked":"champ:CheapShot+1","floor":43},{"not_picked":["champ:CrownThrow+1","champ:CalledShot"],"picked":"champ:Duel+1","floor":43},{"not_picked":["champ:BringItOn","champ:Circumvent"],"picked":"champ:EndlessRage+1","floor":43},{"not_picked":["champ:BringItOn","champ:SetATrap+1","champ:CrownThrow+1"],"picked":"SKIP","floor":46},{"not_picked":["champ:GladiatorForm","champ:UltimateStance"],"picked":"champ:RapidStrikes+1","floor":47},{"not_picked":["champ:PreciseThrust+1","champ:GutPunch+1","champ:EnragedBash+1"],"picked":"SKIP","floor":48},{"not_picked":["champ:StanceDance","champ:ShieldSlam"],"picked":"champ:PerfectedStrike+1","floor":49},{"not_picked":["champ:EndlessRage","champ:CrownThrow+1"],"picked":"champ:Backstep+1","floor":52}],"player_experience":1795982,"relics_obtained":[{"floor":7,"key":"Matryoshka"},{"floor":8,"key":"Molten Egg 2"},{"floor":10,"key":"MawBank"},{"floor":10,"key":"Akabeko"},{"floor":24,"key":"StrikeDummy"},{"floor":26,"key":"Art of War"},{"floor":30,"key":"champ:FightingForDummies"},{"floor":41,"key":"Old Coin"},{"floor":42,"key":"Letter Opener"},{"floor":45,"key":"Dream Catcher"},{"floor":47,"key":"Dead Branch"},{"floor":52,"key":"Toy Ornithopter"}],"event_choices":[{"damage_healed":0,"gold_gain":0,"player_choice":"Ignored","damage_taken":0,"max_hp_gain":0,"max_hp_loss":0,"event_name":"Ghosts","floor":22,"gold_loss":0}],"is_beta":false,"boss_relics":[{"not_picked":["Astrolabe","Runic Dome"],"picked":"Philosopher\u0027s Stone"},{"not_picked":["Sozu","Calling Bell"],"picked":"Coffee Dripper"}],"items_purged_floors":[5,29],"is_endless":false,"potions_floor_spawned":[6,8,12,15,16,21,27,30,31,39,47,48,49],"killed_by":"downfall:NeowBoss","ascension_level":0}}