{"host":"og21o26alpnbwmz8","time":1613489729,"event":{"mods":["Act Like it!","Aspiration","BaseMod","Conspire","Downfall","Gensokyo","GungeonMod","Halation","Hubris","Jedi Mod","Mimic Mod","Minty Spire (QoL Compilation)","Pale of the Ancients","Reliquary","Replay The Spire","Shop Mod","Spikes Relics","StSLib","The Alterego","The Blue Laboratory","The Poker Player","The Problem Sleuth","Waifu the Spire","Yuri Mod"],"gold_per_floor":[349,362,362,377,139,151,151,51,15,29,48,73,73,99,110,214,214,114,129,141,141,76,95,95,115,115,133,133,146,146,157,169,270,270,270,289,70,87,87,309,309,344,356,356,356,371,271,284,298,298,298,323,22,22,22,22,22,22],"floor_reached":56,"language":"ENG","playtime":2544,"items_purged":["champ:Strike","Atom Bomb","Flechettes","Sucker Punch"],"score":845,"play_id":"00281b1f-3bc0-40b5-a8dc-5019af0eb52f","local_time":"20210216103529","is_ascension_mode":false,"campfire_choices":[{"data":"champ:Taunt","floor":1.0,"key":"SMITH"},{"data":"champ:DefensiveStyle","floor":8.0,"key":"SMITH"},{"data":"champ:DefensiveShout","floor":18,"key":"SMITH"},{"data":"champ:Duel","floor":26,"key":"SMITH"},{"data":"champ:HoldFirm","floor":28,"key":"SMITH"},{"data":"champ:HoldFirm","floor":35,"key":"SMITH"},{"floor":45,"key":"RECALL"},{"data":"champ:ShieldSigil","floor":47,"key":"SMITH"},{"floor":54,"key":"REST"}],"circlet_count":0,"master_deck":["champ:Defend+1","champ:Defend+1","champ:Defend+1","champ:Execute+1","champ:Taunt+1","champ:DefensiveStyle+1","champ:ShieldSigil+1","champ:ShieldWall+1","champ:Lariat+1","champ:Duel+1","champ:Lariat+1","champ:ShieldWall+1","champ:ShieldThrow+1","champ:DefensiveShout+1","champ:HoldFirm+1","hubris:DuctTapeCard+2","champ:Duel+1","champ:EnGarde+1","champ:HoldFirm+1","champ:PreemptiveStrike+1","champ:FalseCounter+1","champ:Lariat+1"],"relics":["champ:ChampionCrown","downfall:HeartBlessingBlue","Smiling Mask","Centennial Puzzle","reliquary:RedCape","downfall:HeartBlessingGreen","hubris:DuctTape","Iron Hammer","halation:HeavySnake","DemoMod:MeatBun","hubris:Towel","Gremlin Horn","DemoMod:MeltedRock","downfall:HeartBlessingRed","Nunchaku","reliquary:CitrusReamer"],"acts_visited":["Exordium","TheCity","TheBeyond","TheEnding"],"potions_floor_usage":[42,56],"damage_taken":[{"damage":20.0,"enemies":"Gensokyo:3_Fairies","floor":2.0,"turns":4.0},{"damage":10.0,"enemies":"Gensokyo:Gryphon","floor":4.0,"turns":4.0},{"damage":20.0,"enemies":"downfall:FleeingMerchant","floor":5.0,"turns":4.0},{"damage":10.0,"enemies":"Gensokyo:2_Kodama","floor":6.0,"turns":2.0},{"damage":20.0,"enemies":"Gensokyo:2_Rabbits","floor":10.0,"turns":5.0},{"damage":0.0,"enemies":"Gensokyo:VengefulSpirit","floor":11.0,"turns":2.0},{"damage":0.0,"enemies":"Gensokyo:Aya","floor":12.0,"turns":3.0},{"damage":0.0,"enemies":"Gensokyo:Mamizou","floor":14.0,"turns":5.0},{"damage":0.0,"enemies":"Gensokyo:LivingMonolith","floor":15.0,"turns":3.0},{"damage":18.0,"enemies":"DF_ARCHETYPE_STREAMLINE","floor":16.0,"turns":5.0},{"damage":36,"enemies":"conspire:FuzzyDice","floor":19,"turns":7},{"damage":4,"enemies":"downfall:LooterAlt2","floor":20,"turns":4},{"damage":4,"enemies":"downfall:FleeingMerchant","floor":22,"turns":4},{"damage":0,"enemies":"Centurion and Healer","floor":23,"turns":4},{"damage":0,"enemies":"Cultist and Chosen","floor":25,"turns":4},{"damage":0,"enemies":"Snake Plant","floor":27,"turns":2},{"damage":0,"enemies":"Snecko","floor":29,"turns":2},{"damage":0,"enemies":"conspire:HollyBat","floor":31,"turns":6},{"damage":0,"enemies":"Cultist and Chosen","floor":32,"turns":4},{"damage":0,"enemies":"WA_ARCHETYPE_CALM","floor":33,"turns":7},{"damage":0,"enemies":"Orb Walker","floor":36,"turns":3},{"damage":2,"enemies":"downfall:FleeingMerchant","floor":37,"turns":4},{"damage":0,"enemies":"3 Shapes","floor":38,"turns":6},{"damage":0,"enemies":"downfall:FleeingMerchant","floor":40,"turns":1},{"damage":0,"enemies":"Giant Head","floor":42,"turns":6},{"damage":0,"enemies":"Jaw Worm Horde","floor":43,"turns":3},{"damage":0,"enemies":"4 Shapes","floor":46,"turns":5},{"damage":0,"enemies":"Spire Growth","floor":48,"turns":2},{"damage":0,"enemies":"Sphere and 2 Shapes","floor":49,"turns":3},{"damage":65,"enemies":"SI_POISON_ARCHETYPE","floor":50,"turns":12},{"damage":2,"enemies":"downfall:CharBossMerchant","floor":52,"turns":6},{"damage":33,"enemies":"downfall:NeowBoss","floor":55,"turns":17},{"damage":89,"enemies":"downfall:NeowBossFinal","floor":56,"turns":6}],"seed_played":"3432676297574312205","potions_obtained":[{"floor":10.0,"key":"blueLaboratory:BottleOfVodka"},{"floor":11.0,"key":"SmokeBomb"},{"floor":14.0,"key":"PowerPotion"},{"floor":16.0,"key":"blueLaboratory:BottleOfRum"},{"floor":23,"key":"Block Potion"},{"floor":43,"key":"ColorlessPotion"},{"floor":48,"key":"DuplicationPotion"}],"is_trial":false,"path_per_floor":["R","M","?","M","$","M","T","R","COS","M","M","E","?","E","M","B",null,"R","M","M","?","$","M","T","M","R","M","R","M","?","M","M","B",null,"R","M","$","M","?","$","T","E","M","?","R","M","R","M","M","B",null,"E","$","R","B","B"],"character_chosen":"THE_CHAMP","items_purchased":["champ:ShieldWall","champ:Lariat","DemoMod:MeatBun","champ:FalseCounter","reliquary:FerryPass","reliquary:CitrusReamer"],"campfire_rested":1,"item_purchase_floors":[5,5,37,40,53,53],"current_hp_per_floor":[63,63,63,63,63,63,63,73,73,73,73,73,73,73,73,55,100,100,64,60,60,56,56,56,56,56,56,56,56,56,56,56,56,100,100,100,100,100,100,100,100,100,100,100,100,100,100,100,100,35,100,98,98,100,77,0,0,0],"gold":22,"neow_bonus":"TWO_FIFTY_GOLD","is_daily":false,"chose_seed":false,"campfire_upgraded":7,"win_rate":0.0,"timestamp":1613489729,"path_taken":["R","M","?","M","$","M","T","R","COS","?","M","E","?","E","M","BOSS","R","M","M","?","$","M","T","M","R","M","R","M","?","?","M","BOSS","R","M","$","M","?","$","T","E","M","?","R","M","R","?","M","BOSS","E","$","R","BOSS","BOSS"],"items_purchased_type":["Card","Card","Relic","Card","Relic","Relic"],"build_version":"2020-12-22","purchased_purges":4,"victory":false,"max_hp_per_floor":[90,90,90,90,90,90,90,100,100,100,100,100,100,100,100,100,100,100,100,100,100,100,100,100,100,100,100,100,100,100,100,100,100,100,100,100,100,100,100,100,100,100,100,100,100,100,100,100,100,100,100,100,100,100,100,100,100,100],"card_choices":[{"not_picked":["champ:PreciseThrust","champ:SkillfulDodge"],"picked":"champ:DefensiveStyle","floor":2.0},{"not_picked":["champ:BladeFlurry","champ:Shatter"],"picked":"champ:RageSigil","floor":4.0},{"not_picked":["champ:SwordSigil","champ:EnGarde"],"picked":"champ:ShieldSigil","floor":5.0},{"not_picked":["champ:PerfectedStrike","champ:IronFortress"],"picked":"champ:Duel","floor":6.0},{"not_picked":["champ:Backstep","champ:CrownThrow"],"picked":"champ:Lariat","floor":10.0},{"not_picked":["champ:Haymaker","champ:GladiatorStyle","champ:PreciseThrust"],"picked":"SKIP","floor":11.0},{"not_picked":["champ:HeavySlash","champ:CrookedStrike"],"picked":"champ:ShieldWall","floor":12.0},{"not_picked":["champ:IronFortress+1","champ:BerserkersShout+1"],"picked":"champ:ShieldThrow+1","floor":14.0},{"not_picked":["champ:FlashCut","champ:Shatter","champ:IronFortress"],"picked":"SKIP","floor":14.0},{"not_picked":["champ:ShieldWall","champ:Lariat"],"picked":"champ:DefensiveShout","floor":15.0},{"not_picked":["champ:Devastate","champ:EnchantCrown"],"picked":"champ:HoldFirm","floor":16.0},{"not_picked":["champ:AdrenalArmor","champ:Endure","champ:DeathBlow"],"picked":"SKIP","floor":19},{"not_picked":["champ:StanceDance","champ:Haymaker+1","champ:FancyFootwork"],"picked":"SKIP","floor":20},{"not_picked":["champ:Haymaker","champ:Shatter","champ:PreemptiveStrike"],"picked":"SKIP","floor":22},{"not_picked":["champ:CrookedStrike","champ:GladiatorForm","champ:PreciseThrust"],"picked":"SKIP","floor":23},{"not_picked":["champ:Shatter","champ:BringItOn","champ:AdrenalArmor+1"],"picked":"SKIP","floor":25},{"not_picked":["champ:MurderStrike","champ:Haymaker"],"picked":"champ:Duel+1","floor":27},{"not_picked":["champ:GutPunch","champ:ShieldSigil"],"picked":"champ:EnGarde+1","floor":29},{"not_picked":["champ:Circumvent","champ:Haymaker","champ:Shatter"],"picked":"SKIP","floor":31},{"not_picked":["champ:ShieldSigil+1","champ:PerfectedStrike+1","champ:EnGarde+1"],"picked":"SKIP","floor":32},{"not_picked":["champ:LastStand","champ:SwordThrow"],"picked":"champ:HoldFirm","floor":33},{"not_picked":["champ:Circumvent+1","champ:PreciseThrust","champ:CalledShot"],"picked":"SKIP","floor":36},{"not_picked":["champ:EnGarde+1","champ:AdrenalArmor+1","champ:TornadoPunch+1"],"picked":"SKIP","floor":37},{"not_picked":["champ:Backstep","champ:DefensiveShout","champ:BladeFlurry"],"picked":"SKIP","floor":38},{"not_picked":["champ:CheapShot","champ:SetATrap"],"picked":"champ:PreemptiveStrike+1","floor":40},{"not_picked":["champ:FanOfKnives","champ:Devastate","champ:Circumvent+1"],"picked":"SKIP","floor":42},{"not_picked":["champ:Circumvent+1","champ:EnragedBash","champ:BringItOn"],"picked":"SKIP","floor":43},{"not_picked":["champ:EnGarde","champ:GutPunch+1","champ:FlashCut"],"picked":"SKIP","floor":46},{"not_picked":["champ:TornadoPunch","champ:FlashCut","champ:BringItOn"],"picked":"SKIP","floor":48},{"not_picked":["champ:FancyFootwork+1","champ:AdrenalArmor"],"picked":"champ:Lariat+1","floor":49},{"not_picked":["champ:Haymaker+1","champ:FancyFootwork+1","champ:BringItOn"],"picked":"SKIP","floor":52}],"player_experience":290727,"relics_obtained":[{"floor":12.0,"key":"Smiling Mask"},{"floor":14.0,"key":"Centennial Puzzle"},{"floor":24,"key":"hubris:DuctTape"},{"floor":41,"key":"Gremlin Horn"},{"floor":42,"key":"DemoMod:MeltedRock"},{"floor":52,"key":"Nunchaku"}],"event_choices":[],"is_beta":false,"boss_relics":[{"not_picked":["Runic Pyramid","jedi:paperlyon"],"picked":"reliquary:RedCape"},{"not_picked":["hubris:ScarierMask","Calling Bell"],"picked":"halation:HeavySnake"}],"items_purged_floors":[5,22,37,40],"is_endless":false,"potions_floor_spawned":[10,11,14,16,20,23,25,29,31,38,43,48],"killed_by":"downfall:NeowBossFinal","ascension_level":0}}