{"host":"4lqqtboa3hvdze4c","time":1613466926,"event":{"mods":["AchievementEnabler","BaseMod","BetterRewards","Colored Map","DeckTracker","Minty Spire (QoL Compilation)","Permanent Neow","SuperFastMode"],"gold_per_floor":[115,115,125,95,108,135,135,170,223,223,252,262,322,354,354,455,455,466,466,466,478,494,522,22,56,79,109,120,152,183,200,200,302,302,315,315,68,78,94,121,139,170,223,255,271,296,47,80,80,80],"floor_reached":51,"language":"KOR","playtime":7003,"items_purged":["Normality","Pain"],"score":1046,"play_id":"6c491036-4410-4371-8654-8a7d6780a24e","local_time":"20210216181526","daily_mods":["Heirloom","Elite Swarm"],"is_ascension_mode":true,"campfire_choices":[{"data":"Dual Wield","floor":7,"key":"SMITH"},{"floor":10,"key":"REST"},{"data":"Feed","floor":15,"key":"SMITH"},{"data":"Enlightenment","floor":32,"key":"SMITH"},{"data":"Demon Form","floor":49,"key":"SMITH"}],"circlet_count":0,"master_deck":["Strike_R","Strike_R","Strike_R","Strike_R","Strike_R","Defend_R","Defend_R","Defend_R","Defend_R+1","Bash","Twin Strike","Battle Trance","Dual Wield+1","Reaper","Feed+1","Demon Form+1","Clothesline","Perfected Strike","Juggernaut","Bludgeon","Disarm+1","Rampage","Heavy Blade","Double Tap","Enlightenment+1","Fire Breathing","Perfected Strike+1","Feed+1","Offering","Armaments+1","Shrug It Off+1","Immolate+1","Perfected Strike+1","Immolate+1","Headbutt+1","Rampage+1","Pommel Strike+1","Reaper+1","Warcry+1","Feed+1","Offering","Pommel Strike+1","Double Tap","Corruption"],"relics":["Black Blood","CaptainsWheel","Unceasing Top","Regal Pillow","Bag of Preparation","Self Forming Clay","Happy Flower","Sundial","Cursed Key","Kunai","Molten Egg 2","Meat on the Bone","Lantern","Juzu Bracelet","Pear","Red Mask","Letter Opener","Blue Candle","Centennial Puzzle","Shovel","Ancient Tea Set","Bottled Flame","Incense Burner","Nunchaku","War Paint"],"acts_visited":["Exordium","TheCity","TheBeyond"],"potions_floor_usage":[6,8,8,11,13,14,23,29,39,39,50,50,50],"damage_taken":[{"damage":1,"enemies":"Cultist","floor":1,"turns":4},{"damage":7,"enemies":"2 Louse","floor":3,"turns":4},{"damage":0,"enemies":"Small Slimes","floor":5,"turns":3},{"damage":43,"enemies":"3 Sentries","floor":6,"turns":9},{"damage":39,"enemies":"Lagavulin","floor":8,"turns":7},{"damage":16,"enemies":"Gremlin Nob","floor":11,"turns":4},{"damage":13,"enemies":"2 Fungi Beasts","floor":12,"turns":5},{"damage":7,"enemies":"Gremlin Nob","floor":13,"turns":4},{"damage":7,"enemies":"Lagavulin","floor":14,"turns":6},{"damage":32,"enemies":"Slime Boss","floor":16,"turns":15},{"damage":24,"enemies":"2 Thieves","floor":18,"turns":5},{"damage":6,"enemies":"Chosen","floor":21,"turns":6},{"damage":10,"enemies":"Snecko","floor":22,"turns":6},{"damage":34,"enemies":"Book of Stabbing","floor":23,"turns":5},{"damage":34,"enemies":"Slavers","floor":25,"turns":5},{"damage":40,"enemies":"Book of Stabbing","floor":27,"turns":5},{"damage":38,"enemies":"Cultist and Chosen","floor":28,"turns":5},{"damage":11,"enemies":"Masked Bandits","floor":29,"turns":4},{"damage":39,"enemies":"Gremlin Leader","floor":30,"turns":6},{"damage":0,"enemies":"Snake Plant","floor":31,"turns":1},{"damage":67,"enemies":"Collector","floor":33,"turns":8},{"damage":6,"enemies":"3 Shapes","floor":35,"turns":1},{"damage":0,"enemies":"Orb Walker","floor":38,"turns":1},{"damage":13,"enemies":"Maw","floor":39,"turns":6},{"damage":33,"enemies":"Giant Head","floor":40,"turns":6},{"damage":10,"enemies":"Transient","floor":41,"turns":5},{"damage":75,"enemies":"Nemesis","floor":42,"turns":7},{"damage":13,"enemies":"Reptomancer","floor":44,"turns":5},{"damage":13,"enemies":"3 Darklings","floor":45,"turns":2},{"damage":82,"enemies":"Giant Head","floor":46,"turns":7},{"damage":35,"enemies":"Nemesis","floor":48,"turns":3},{"damage":66,"enemies":"Time Eater","floor":50,"turns":8}],"seed_played":"-8372738139272479454","potions_obtained":[{"floor":3,"key":"Weak Potion"},{"floor":4,"key":"Energy Potion"},{"floor":4,"key":"SkillPotion"},{"floor":6,"key":"BlessingOfTheForge"},{"floor":8,"key":"DistilledChaos"},{"floor":12,"key":"ElixirPotion"},{"floor":13,"key":"HeartOfIron"},{"floor":21,"key":"BlessingOfTheForge"},{"floor":25,"key":"Fire Potion"},{"floor":30,"key":"ElixirPotion"},{"floor":33,"key":"LiquidMemories"},{"floor":38,"key":"Block Potion"},{"floor":39,"key":"Fire Potion"},{"floor":41,"key":"DistilledChaos"},{"floor":44,"key":"Energy Potion"},{"floor":48,"key":"SkillPotion"}],"is_trial":true,"path_per_floor":["M","?","M","?","M","E","R","E","T","R","E","M","?","E","R","B",null,"M","?","T","M","M","E","$","E","T","E","M","?","E","M","R","B",null,"M","?","$","M","M","E","M","E","T","E","M","E","$","E","R","B",null],"character_chosen":"IRONCLAD","items_purchased":["Enlightenment","Fire Breathing","Perfected Strike+1","Meat on the Bone","Blue Candle","Nunchaku"],"campfire_rested":1,"item_purchase_floors":[24,24,24,24,37,47],"current_hp_per_floor":[80,72,71,71,77,40,40,13,13,52,49,56,64,66,66,68,99,92,92,92,96,98,70,70,66,66,63,51,62,51,69,69,36,121,121,121,121,121,124,107,129,82,82,117,116,85,85,74,74,36],"gold":80,"neow_bonus":"","is_daily":false,"chose_seed":false,"campfire_upgraded":4,"win_rate":0.0,"timestamp":1613466926,"path_taken":["M","?","?","?","?","E","R","E","T","R","E","M","?","E","R","BOSS","M","?","?","M","M","E","$","E","T","E","M","?","E","M","R","BOSS","M","?","$","M","M","E","M","E","T","E","M","E","?","E","R","BOSS"],"items_purchased_type":["Card","Card","Card","Relic","Relic","Relic"],"build_version":"2020-12-22","purchased_purges":2,"victory":true,"max_hp_per_floor":[80,80,80,80,80,80,80,80,80,80,83,89,92,95,95,99,99,99,99,99,99,99,99,99,103,103,113,113,117,121,121,121,121,121,121,121,121,121,125,129,129,129,129,129,129,133,133,133,133,133],"card_choices":[{"not_picked":["Heavy Blade","Burning Pact"],"picked":"Twin Strike","floor":1},{"not_picked":["Clash","Twin Strike"],"picked":"Battle Trance","floor":3},{"not_picked":["Combust","Evolve"],"picked":"Dual Wield","floor":5},{"not_picked":["Impervious","Berserk"],"picked":"Reaper","floor":6},{"not_picked":["Fiend Fire","Offering"],"picked":"Feed","floor":8},{"not_picked":["Limit Break","Juggernaut"],"picked":"Demon Form","floor":11},{"not_picked":["Hemokinesis","Bloodletting"],"picked":"Clothesline","floor":12},{"not_picked":["Cleave","Shrug It Off"],"picked":"Perfected Strike","floor":13},{"not_picked":["Berserk","Fiend Fire"],"picked":"Juggernaut","floor":14},{"not_picked":["Demon Form","Berserk"],"picked":"Bludgeon","floor":16},{"not_picked":["Anger","Blood for Blood"],"picked":"Disarm","floor":18},{"not_picked":["Hemokinesis","Second Wind+1"],"picked":"Rampage","floor":21},{"not_picked":["Sentinel","Reckless Charge"],"picked":"Heavy Blade","floor":22},{"not_picked":["Demon Form","Offering"],"picked":"Double Tap","floor":23},{"not_picked":["Brutality","Demon Form"],"picked":"Feed+1","floor":25},{"not_picked":["Brutality","Corruption"],"picked":"Offering","floor":27},{"not_picked":["Pummel+1","Rupture"],"picked":"Armaments+1","floor":28},{"not_picked":["Headbutt+1","Cleave+1"],"picked":"Shrug It Off+1","floor":29},{"not_picked":["Demon Form","Brutality"],"picked":"Immolate+1","floor":30},{"not_picked":["Whirlwind+1","Warcry"],"picked":"Perfected Strike+1","floor":31},{"not_picked":["Berserk","Feed+1"],"picked":"Immolate+1","floor":33},{"not_picked":["Iron Wave+1","Thunderclap+1"],"picked":"Headbutt+1","floor":35},{"not_picked":["Reckless Charge+1","Second Wind"],"picked":"Rampage+1","floor":38},{"not_picked":["Ghostly Armor","Sever Soul+1"],"picked":"Pommel Strike+1","floor":39},{"not_picked":["Brutality","Feed+1"],"picked":"Reaper+1","floor":40},{"not_picked":["Body Slam+1","Iron Wave+1"],"picked":"Warcry+1","floor":41},{"not_picked":["Double Tap","Fiend Fire+1"],"picked":"Feed+1","floor":42},{"not_picked":["Berserk","Double Tap"],"picked":"Offering","floor":44},{"not_picked":["Havoc","Heavy Blade+1"],"picked":"Pommel Strike+1","floor":45},{"not_picked":["Brutality","Berserk"],"picked":"Double Tap","floor":46},{"not_picked":["Bludgeon+1","Feed+1"],"picked":"Corruption","floor":48}],"player_experience":18609,"relics_obtained":[{"floor":6,"key":"Unceasing Top"},{"floor":8,"key":"Regal Pillow"},{"floor":9,"key":"Bag of Preparation"},{"floor":11,"key":"Self Forming Clay"},{"floor":13,"key":"Happy Flower"},{"floor":14,"key":"Sundial"},{"floor":20,"key":"Kunai"},{"floor":23,"key":"Molten Egg 2"},{"floor":25,"key":"Lantern"},{"floor":26,"key":"Juzu Bracelet"},{"floor":27,"key":"Pear"},{"floor":29,"key":"Red Mask"},{"floor":30,"key":"Letter Opener"},{"floor":40,"key":"Centennial Puzzle"},{"floor":42,"key":"Shovel"},{"floor":43,"key":"Ancient Tea Set"},{"floor":44,"key":"Bottled Flame"},{"floor":46,"key":"Incense Burner"},{"floor":48,"key":"War Paint"}],"event_choices":[{"damage_healed":0,"gold_gain":0,"player_choice":"Damaged","damage_taken":8,"max_hp_gain":0,"max_hp_loss":0,"event_name":"Wheel of Change","floor":2,"gold_loss":0},{"damage_healed":0,"gold_gain":0,"player_choice":"Bought 2 Potions","damage_taken":0,"max_hp_gain":0,"max_hp_loss":0,"event_name":"The Woman in Blue","floor":4,"gold_loss":0},{"damage_healed":0,"gold_gain":0,"player_choice":"Searched \u00271\u0027 times","damage_taken":0,"max_hp_gain":0,"max_hp_loss":0,"event_name":"Dead Adventurer","floor":13,"gold_loss":0},{"damage_healed":0,"gold_gain":0,"player_choice":"Ignored","damage_taken":0,"max_hp_gain":0,"max_hp_loss":0,"event_name":"Vampires","floor":19,"gold_loss":0},{"damage_healed":0,"gold_gain":0,"player_choice":"Fought Bandits","damage_taken":0,"max_hp_gain":0,"max_hp_loss":0,"event_name":"Masked Bandits","floor":29,"gold_loss":0},{"cards_removed":["Injury"],"damage_healed":0,"gold_gain":0,"player_choice":"Purged","damage_taken":0,"max_hp_gain":0,"max_hp_loss":0,"event_name":"Purifier","floor":36,"gold_loss":0}],"is_beta":false,"boss_relics":[{"not_picked":["Ectoplasm","Philosopher\u0027s Stone"],"picked":"Cursed Key"},{"not_picked":["Astrolabe","Pandora\u0027s Box"],"picked":"Black Blood"}],"items_purged_floors":[24,47],"is_endless":false,"potions_floor_spawned":[3,6,8,12,13,21,25,30,33,38,39,41,44,48],"ascension_level":1}}