{"host":"gzsdmyo07u314vug","time":1613490621,"event":{"mods":["2.2 Compatiblity","Astrologer","BaseMod","Colored Powertips","GifTheSpireLib","Gremlin Mod","Hermit","Jorbs\u0027s Wanderer Trilogy","Minty Spire (QoL Compilation)","Quick Restart","Rare Cards Sparkle","Relic Stats","Replay The Spire","Robot Space Explorer","Shop Mod","StSLib","The Bladedancer","The Bug Knight","The Construct","The Cursed","The Elementalist","The Hierophant","The IronCluck","The Marked","The Necromancer","The Runesmith","The Servant 0.9.4","Unceasing Turn Reminder","everything is the same but u backflip on backflip","slay the spire mod where everything is the same but ironclad has a cowboy hat"],"gold_per_floor":[118,128,144,194,194,194,212,232,258,258,258,86,86,120,120,218,218,233,245,245,100,100,100,134,134,134,9,9,9],"floor_reached":28,"language":"ENG","playtime":1345,"items_purged":["HollowMod:NailStrikeStart","HollowMod:QuickDashStart","HollowMod:NailStrikeStart"],"score":281,"play_id":"07683134-6293-4114-bc23-fcdc9040f7bc","local_time":"20210216125021","is_ascension_mode":true,"campfire_choices":[{"data":"HollowMod:SoulSplash","floor":6,"key":"SMITH"},{"data":"HollowMod:InfectionAssault","floor":11,"key":"SMITH"},{"data":"HollowMod:MothsMistake","floor":15,"key":"SMITH"},{"data":"HollowMod:GoodIntentions","floor":23,"key":"SMITH"},{"data":"HollowMod:InfectedCysts","floor":25,"key":"SMITH"}],"circlet_count":0,"master_deck":["HollowMod:QuickDashStart","HollowMod:QuickDashStart","HollowMod:FocusHealStart","HollowMod:PogoStrike","HollowMod:InfectionAssault+1","HollowMod:SoulSplash+1","HollowMod:MothsMistake+1","HollowMod:CloakDash","HollowMod:MothsMistake+1","HollowMod:InfectedCysts+1","HollowMod:MawleksShell+1","HollowMod:GoodIntentions+1"],"relics":["HollowMod:VesselMask","Gremlin Food","HollowMod:PaleOreRelic","Runic Dome","ReplayFunnel","HollowMod:QueensCombRelic"],"acts_visited":["Exordium","TheCity"],"potions_floor_usage":[14,14,18],"damage_taken":[{"damage":1.0,"enemies":"Cultist","floor":1.0,"turns":3.0},{"damage":2.0,"enemies":"Jaw Worm","floor":2.0,"turns":3.0},{"damage":7,"enemies":"Small Slimes","floor":3,"turns":3},{"damage":0,"enemies":"2 Fungi Beasts","floor":7,"turns":2},{"damage":8,"enemies":"Looter","floor":8,"turns":3},{"damage":16,"enemies":"Gremlin Nob","floor":14,"turns":3},{"damage":27,"enemies":"Fading Forest","floor":16,"turns":11},{"damage":22,"enemies":"Shell Parasite","floor":18,"turns":4},{"damage":10,"enemies":"2 Thieves","floor":19,"turns":2},{"damage":47,"enemies":"Book of Stabbing","floor":24,"turns":5},{"damage":23,"enemies":"Gremlin Leader","floor":28,"turns":4}],"seed_played":"3577089086784736168","potions_obtained":[{"floor":1.0,"key":"Toxic Potion"},{"floor":7,"key":"PowerPotion"},{"floor":16,"key":"Fire Potion"},{"floor":19,"key":"Elixir"}],"is_trial":false,"path_per_floor":["M","M","M","?","?","R","M","M","T","?","R","$","?","E","R","B",null,"M","M","?","$","?","R","E","R","T","$","E"],"character_chosen":"THE_BUGKNIGHT","items_purchased":["HollowMod:MothsMistake","HollowMod:InfectedCysts","HollowMod:GoodIntentions"],"campfire_rested":0,"item_purchase_floors":[12,12,21],"current_hp_per_floor":[74,75,68,68,68,68,68,60,60,60,60,60,60,50,50,37,75,53,49,49,49,49,49,2,2,2,2,0,0],"gold":9,"neow_bonus":"REMOVE_CARD","is_daily":false,"chose_seed":false,"campfire_upgraded":5,"win_rate":0.0,"timestamp":1613490621,"path_taken":["M","M","?","?","?","R","M","M","T","?","R","$","?","E","R","BOSS","M","M","?","$","?","R","E","R","T","$","E"],"items_purchased_type":["Card","Card","Card"],"build_version":"2020-12-22","purchased_purges":3,"victory":false,"max_hp_per_floor":[75,75,75,75,75,75,75,75,75,75,75,75,75,75,75,75,75,75,75,75,75,75,75,75,75,50,50,50,50],"relic_stats":{"counters":[11,43],"obtain_stats":[{"Gremlin Food":9,"ReplayFunnel":24,"Runic Dome":17,"HollowMod:QueensCombRelic":26,"HollowMod:VesselMask":0,"HollowMod:PaleOreRelic":14},{"Gremlin Food":5,"ReplayFunnel":10,"Runic Dome":7,"HollowMod:QueensCombRelic":10,"HollowMod:VesselMask":0,"HollowMod:PaleOreRelic":6},{"Gremlin Food":14,"ReplayFunnel":39,"Runic Dome":28,"HollowMod:QueensCombRelic":39,"HollowMod:VesselMask":0,"HollowMod:PaleOreRelic":17}]},"card_choices":[{"not_picked":["HollowMod:CloakDash","HollowMod:DashSlash"],"picked":"HollowMod:InfectionAssault","floor":1.0},{"not_picked":["HollowMod:CloakDash","HollowMod:CornifersMapStart"],"picked":"HollowMod:SoulSplash","floor":2.0},{"not_picked":["HollowMod:QuirrelsAssistance","HollowMod:BrokenVessel","HollowMod:RecoilStrike"],"picked":"SKIP","floor":3},{"not_picked":["HollowMod:InfectedCysts","HollowMod:SharpenedNail"],"picked":"HollowMod:MothsMistake","floor":7},{"not_picked":["HollowMod:CrystalDash","HollowMod:LifebloodCocoon"],"picked":"HollowMod:CloakDash","floor":8},{"not_picked":["HollowMod:NewLittleFool","HollowMod:HowlingWraiths","HollowMod:CrystalDash"],"picked":"SKIP","floor":14},{"not_picked":["HollowMod:SharpenedShadows","HollowMod:DescendingDark","HollowMod:TaintedHusks+1"],"picked":"SKIP","floor":18},{"not_picked":["HollowMod:SiblingsSouls+1","HollowMod:SoulVessel","HollowMod:HeavyBlow"],"picked":"SKIP","floor":19},{"not_picked":["HollowMod:CornifersMapStart","HollowMod:SoulStrike+1","HollowMod:PureNailStrike"],"picked":"SKIP","floor":24}],"player_experience":914863,"relics_obtained":[{"floor":9,"key":"Gremlin Food"},{"floor":14,"key":"HollowMod:PaleOreRelic"},{"floor":24,"key":"ReplayFunnel"},{"floor":26,"key":"HollowMod:QueensCombRelic"}],"event_choices":[{"damage_healed":0,"gold_gain":0,"player_choice":"Grow","damage_taken":0,"max_hp_gain":0,"max_hp_loss":0,"event_name":"Living Wall","floor":10,"gold_loss":0,"cards_upgraded":["HollowMod:MothsMistake"]},{"cards_removed":["HollowMod:NailStrikeStart"],"damage_healed":0,"gold_gain":0,"player_choice":"Elegance","damage_taken":0,"max_hp_gain":0,"max_hp_loss":0,"event_name":"Back to Basics","floor":20,"gold_loss":0}],"is_beta":false,"boss_relics":[{"not_picked":["Replay:Drink Me","Snecko Eye"],"picked":"Runic Dome"}],"items_purged_floors":[12,21,27],"is_endless":false,"potions_floor_spawned":[1,7,16,19],"killed_by":"Gremlin Leader","ascension_level":4}}