{"host":"tf5skwcwe0vlu2md","time":1613470486,"event":{"mods":["BaseMod","Downfall","Highlight Path","Minty Spire (QoL Compilation)","Quick Restart","StSLib","The Hierophant"],"gold_per_floor":[116,126,144,164,175,209,229,229,229],"floor_reached":8,"playtime":330,"items_purged":[],"score":71,"play_id":"db927ceb-8901-47f8-b4e9-501189c36b2d","local_time":"20210216211446","is_ascension_mode":true,"campfire_choices":[],"circlet_count":0,"master_deck":["Strike_B","Strike_B","Strike_B","Strike_B","Defend_B","Defend_B","Defend_B","Zap","Dualcast","Conserve Battery","Lockon","Static Discharge","Self Repair","Rebound","Tempest","Defragment"],"relics":["Cracked Core","Mercury Hourglass"],"acts_visited":["Exordium"],"potions_floor_usage":[],"damage_taken":[{"damage":1,"enemies":"Small Slimes","floor":1,"turns":3},{"damage":0,"enemies":"2 Louse","floor":2,"turns":3},{"damage":0,"enemies":"Cultist","floor":3,"turns":2},{"damage":18,"enemies":"Gremlin Gang","floor":4,"turns":5},{"damage":9,"enemies":"3 Louse","floor":5,"turns":3},{"damage":33,"enemies":"3 Sentries","floor":6,"turns":6},{"damage":17,"enemies":"Looter","floor":7,"turns":3},{"damage":29,"enemies":"Gremlin Nob","floor":8,"turns":3}],"seed_played":"999104151940335890","potions_obtained":[{"floor":2,"key":"SteroidPotion"},{"floor":6,"key":"FearPotion"}],"is_trial":false,"path_per_floor":["M","M","M","M","M","E","M","E"],"character_chosen":"DEFECT","items_purchased":[],"campfire_rested":0,"item_purchase_floors":[],"current_hp_per_floor":[74,74,74,56,54,28,18,0,0],"gold":229,"neow_bonus":"REMOVE_CARD","is_daily":false,"chose_seed":false,"campfire_upgraded":0,"win_rate":0.0,"timestamp":1613470486,"path_taken":["M","M","M","M","M","E","M","E"],"items_purchased_type":[],"build_version":"2020-12-13","purchased_purges":0,"victory":false,"max_hp_per_floor":[75,75,75,75,75,75,75,75,75],"card_choices":[{"not_picked":["Barrage","Hologram"],"picked":"Conserve Battery","floor":1},{"not_picked":["Genetic Algorithm","Gash"],"picked":"Lockon","floor":2},{"not_picked":["Force Field","FTL"],"picked":"Static Discharge","floor":3},{"not_picked":["Hologram","White Noise"],"picked":"Self Repair","floor":4},{"not_picked":["Beam Cell","Turbo"],"picked":"Rebound","floor":5},{"not_picked":["Cold Snap","Leap"],"picked":"Tempest","floor":6},{"not_picked":["Storm","Multi-Cast"],"picked":"Defragment","floor":7}],"player_experience":252904,"relics_obtained":[{"floor":6,"key":"Mercury Hourglass"}],"event_choices":[],"is_beta":false,"boss_relics":[],"items_purged_floors":[],"is_endless":false,"potions_floor_spawned":[2,6],"killed_by":"Gremlin Nob","ascension_level":3}}