{"host":"cpsutu8lprjuipd6","time":1613444749,"event":{"mods":["BaseMod","Colored Map","Minty Spire (QoL Compilation)","Permanent Neow","StSLib","SuperFastMode","The Bug Knight","Together in Spire"],"gold_per_floor":[112,187,187,205,205,252,252,282,305,489,489,489,511,535,535,535,535],"floor_reached":16,"language":"KOR","playtime":341,"items_purged":[],"score":105,"play_id":"58d3c327-a584-434a-bd71-15d581296b25","local_time":"20210216120549","is_ascension_mode":true,"campfire_choices":[{"data":"Cleave","floor":7,"key":"SMITH"},{"floor":15,"key":"REST"}],"circlet_count":0,"master_deck":["Strike_R","Strike_R","Strike_R","Strike_R","Strike_R","Defend_R","Defend_R","Defend_R","Defend_R","Bash+1","Flex","Cleave+1","Flex","Seeing Red","Perfected Strike+1","Pummel+1"],"relics":["Burning Blood","Golden Idol","CeramicFish","Tiny Chest","Molten Egg 2"],"acts_visited":["Exordium"],"potions_floor_usage":[16,16],"damage_taken":[{"damage":1,"enemies":"2 Louse","floor":1,"turns":2},{"damage":0,"enemies":"Small Slimes","floor":4,"turns":3},{"damage":27,"enemies":"Gremlin Nob","floor":6,"turns":4},{"damage":0,"enemies":"Cultist","floor":8,"turns":2},{"damage":13,"enemies":"Red Slaver","floor":13,"turns":3},{"damage":10,"enemies":"Looter","floor":14,"turns":3},{"damage":63,"enemies":"Hexaghost","floor":16,"turns":9}],"seed_played":"9208110540299072900","potions_obtained":[{"floor":1,"key":"SteroidPotion"},{"floor":4,"key":"SteroidPotion"},{"floor":6,"key":"SkillPotion"},{"floor":8,"key":"BloodPotion"}],"is_trial":false,"path_per_floor":["M","?","?","M","$","E","R","M","T","?","?","T","M","M","R","B"],"character_chosen":"IRONCLAD","items_purchased":[],"campfire_rested":1,"item_purchase_floors":[],"current_hp_per_floor":[80,69,49,55,55,34,34,40,40,40,33,33,26,22,46,0,0],"gold":535,"neow_bonus":"UPGRADE_CARD","is_daily":false,"chose_seed":false,"campfire_upgraded":1,"win_rate":0.0,"timestamp":1613444749,"path_taken":["M","?","?","M","$","E","R","M","T","?","?","?","M","M","R","BOSS"],"items_purchased_type":[],"build_version":"2020-12-22","purchased_purges":0,"victory":false,"max_hp_per_floor":[80,80,80,80,80,80,80,80,80,80,80,80,80,80,80,80,80],"card_choices":[{"not_picked":["Burning Pact","Shrug It Off"],"picked":"Flex","floor":1},{"not_picked":["Evolve","Clothesline"],"picked":"Cleave","floor":4},{"not_picked":["Uppercut","Sever Soul"],"picked":"Flex","floor":6},{"not_picked":["Armaments","Body Slam"],"picked":"Seeing Red","floor":8},{"not_picked":["Clash+1","Headbutt+1"],"picked":"Perfected Strike+1","floor":13},{"not_picked":["Sever Soul+1","Power Through"],"picked":"Pummel+1","floor":14}],"player_experience":91594,"relics_obtained":[{"floor":6,"key":"CeramicFish"},{"floor":9,"key":"Tiny Chest"},{"floor":12,"key":"Molten Egg 2"}],"event_choices":[{"damage_healed":0,"gold_gain":75,"player_choice":"Gather Gold","damage_taken":11,"max_hp_gain":0,"max_hp_loss":0,"event_name":"World of Goop","floor":2,"gold_loss":0},{"damage_healed":0,"gold_gain":0,"player_choice":"Take Damage","damage_taken":20,"relics_obtained":["Golden Idol"],"max_hp_gain":0,"max_hp_loss":0,"event_name":"Golden Idol","floor":3,"gold_loss":0},{"damage_healed":0,"gold_gain":175,"player_choice":"AGREE","damage_taken":0,"max_hp_gain":0,"max_hp_loss":0,"event_name":"Liars Game","floor":10,"gold_loss":0,"cards_obtained":["Doubt"]},{"cards_removed":["Doubt"],"damage_healed":0,"gold_gain":0,"player_choice":"Card Removal","damage_taken":7,"max_hp_gain":0,"max_hp_loss":0,"event_name":"Golden Wing","floor":11,"gold_loss":0}],"is_beta":false,"boss_relics":[],"items_purged_floors":[],"is_endless":false,"potions_floor_spawned":[1,4,6,8],"killed_by":"Hexaghost","ascension_level":1}}