{"host":"dojadh45vvs5q3bn","time":1613481421,"event":{"mods":["100% Spire Juice","Abigail Mod","Act Like it!","BaseMod","Colored Powertips","Friendly Minions","Gensokyo","Minty Spire (QoL Compilation)","Prisma Mod","StSLib","The Alterego","The Animator","The Senshi"],"gold_per_floor":[113,38,38,63,92,92,123,123,123,123,123],"floor_reached":10,"language":"ENG","playtime":730,"items_purged":["animator:Strike"],"score":69,"play_id":"b9d7cd91-899c-4bb4-aaee-5a70c6282017","local_time":"20210216141701","is_ascension_mode":true,"campfire_choices":[{"data":"animator:Laby","floor":6,"key":"SMITH"},{"data":"animator:GazelDwargon","floor":8,"key":"SMITH"}],"circlet_count":0,"master_deck":["animator:Strike_Elsword","animator:Defend_Elsword","animator:Strike","animator:Defend","animator:Defend","animator:Defend","animator:Chung","animator:Raven","animator:GazelDwargon+1","animator:Wiz","animator:Laby+1","animator:Eris","animator:Ain"],"relics":["animator:LivingPicture","animator:TheMissingPiece","animator:PurgingStone","Regal Pillow","animator:HeavyHalberd","animator:WornHelmet"],"acts_visited":["Exordium"],"potions_floor_usage":[10,10],"damage_taken":[{"damage":1,"enemies":"Cultist","floor":1,"turns":4},{"damage":3,"enemies":"Jaw Worm","floor":4,"turns":6},{"damage":0,"enemies":"2 Louse","floor":5,"turns":5},{"damage":27,"enemies":"3 Sentries","floor":7,"turns":10},{"damage":49,"enemies":"Gremlin Nob","floor":10,"turns":8}],"seed_played":"-2144148984370972438","potions_obtained":[{"floor":1,"key":"Block Potion"},{"floor":7,"key":"Dexterity Potion"}],"is_trial":false,"path_per_floor":["M","$","?","M","M","R","E","R","T","E"],"character_chosen":"THE_ANIMATOR","items_purchased":[],"campfire_rested":0,"item_purchase_floors":[],"current_hp_per_floor":[65,65,65,62,62,62,42,42,42,0,0],"gold":123,"neow_bonus":"RANDOM_COMMON_RELIC","is_daily":false,"chose_seed":false,"campfire_upgraded":2,"win_rate":0.0,"timestamp":1613481421,"path_taken":["M","?","?","?","M","R","E","R","T","E"],"items_purchased_type":[],"build_version":"2020-12-22","purchased_purges":1,"victory":false,"max_hp_per_floor":[66,66,66,66,66,66,67,67,67,67,67],"card_choices":[{"not_picked":["animator:Ara","animator:Tyuule"],"picked":"animator:GazelDwargon","floor":1},{"not_picked":["animator:DolaRiku","animator:UneriGinkaku"],"picked":"animator:Laby","floor":4},{"not_picked":["animator:DolaCouronne","animator:Shalltear"],"picked":"animator:Eris","floor":5},{"not_picked":["animator:Add","animator:Ciel"],"picked":"animator:Ain","floor":7}],"player_experience":429884,"relics_obtained":[{"floor":7,"key":"animator:HeavyHalberd"},{"floor":9,"key":"animator:WornHelmet"}],"event_choices":[{"damage_healed":0,"gold_gain":0,"cards_transformed":["animator:Strike"],"player_choice":"Transformed","damage_taken":0,"max_hp_gain":0,"max_hp_loss":0,"event_name":"Transmorgrifier","floor":3,"gold_loss":0,"cards_obtained":["animator:Wiz"]}],"is_beta":false,"boss_relics":[],"items_purged_floors":[2],"is_endless":false,"potions_floor_spawned":[1,7],"killed_by":"Gremlin Nob","ascension_level":1}}