{"host":"y4fuci1jk2rsxnep","time":1613508079,"event":{"mods":["AchievementEnabler","BaseMod","Colored Powertips","Custom Start","Defuse TimeMaze Blight","Dio Mod","Downfall","Hermit","Hero for Fun","Hubris","Hunter ??","Infinite Spire","Minty Spire (QoL Compilation)","Quick Restart","Reliquary","Remove Card Discount Mod","Replay The Spire","StSLib","The Blackbeard","The Bug Knight","The Mystic","The Runesmith"],"gold_per_floor":[117,117,133,153,213,213,240,240,267,282,293,308,320,163,163,163,163],"floor_reached":16,"language":"ENG","playtime":1289,"items_purged":["hermit:Defend_Hermit","hermit:Defend_Hermit"],"score":114,"play_id":"e11e83e8-cab6-4194-bc42-5a67796b4317","local_time":"20210216214119","is_ascension_mode":true,"campfire_choices":[{"data":"hermit:BigShot","floor":6,"key":"SMITH"},{"floor":8,"key":"REST"}],"circlet_count":0,"master_deck":["hermit:Strike_Hermit","hermit:Strike_Hermit","hermit:Strike_Hermit","hermit:Strike_Hermit","hermit:Defend_Hermit","hermit:Defend_Hermit","hermit:Snapshot+1","hermit:Covet","hermit:EyeOfTheStorm","hermit:Determination","hermit:HighCaliber","ReplayTheSpireMod:Splinters","hermit:BigShot+1","hermit:BodyArmor","hermit:FlashPowder","hermit:BodyArmor","hermit:Deadeye","hermit:BigShot+1","hermit:Deadeye"],"relics":["hermit:Momento","NeowsBlessing","Omamori","Bronze Scales","reliquary:TatteredRug"],"acts_visited":["Exordium"],"potions_floor_usage":[16,16],"damage_taken":[{"damage":0,"enemies":"Small Slimes","floor":1,"turns":1},{"damage":0,"enemies":"Cultist","floor":3,"turns":1},{"damage":0,"enemies":"2 Louse","floor":4,"turns":2},{"damage":62,"enemies":"Lagavulin","floor":7,"turns":7},{"damage":13,"enemies":"Exordium Wildlife","floor":10,"turns":3},{"damage":11,"enemies":"Gremlin Gang","floor":11,"turns":6},{"damage":2,"enemies":"3 Louse","floor":12,"turns":2},{"damage":0,"enemies":"2 Fungi Beasts","floor":13,"turns":3},{"damage":32,"enemies":"The Guardian","floor":16,"turns":12}],"seed_played":"-6887258134643002171","potions_obtained":[{"floor":5,"key":"Swift Potion"},{"floor":5,"key":"hermit:BlackBile"},{"floor":5,"key":"champ:CounterPotion"},{"floor":7,"key":"EssenceOfSteel"},{"floor":13,"key":"hexamod:SoulburnPotion"}],"is_trial":false,"path_per_floor":["M","?","M","M","?","R","E","R","T","M","M","M","M","$","R","B"],"character_chosen":"HERMIT","items_purchased":["hermit:Deadeye","reliquary:TatteredRug"],"campfire_rested":1,"item_purchase_floors":[14,14],"current_hp_per_floor":[75,75,75,75,75,75,13,35,35,22,11,9,9,9,31,0,0],"gold":163,"neow_bonus":"THREE_ENEMY_KILL","is_daily":false,"chose_seed":false,"campfire_upgraded":1,"win_rate":0.0,"timestamp":1613508079,"path_taken":["M","?","?","M","?","R","E","R","T","M","M","M","M","$","R","BOSS"],"items_purchased_type":["Card","Relic"],"build_version":"2020-12-22","purchased_purges":2,"victory":false,"max_hp_per_floor":[75,75,75,75,75,75,75,75,75,75,75,75,75,75,75,75,75],"card_choices":[{"not_picked":["hermit:DeadMansHand","hermit:Roulette"],"picked":"hermit:EyeOfTheStorm","floor":1},{"not_picked":["hermit:Vantage","hermit:Misfire"],"picked":"hermit:Determination","floor":3},{"not_picked":["hermit:Malice","hermit:Vantage"],"picked":"hermit:HighCaliber","floor":4},{"not_picked":["hermit:CalledShot","hermit:Glare"],"picked":"hermit:BigShot","floor":5},{"not_picked":["hermit:Snipe","hermit:FullyLoaded"],"picked":"hermit:BodyArmor","floor":7},{"not_picked":["hermit:Brawl","hermit:Maintenance"],"picked":"hermit:FlashPowder","floor":10},{"not_picked":["hermit:Feint","hermit:LuckOfTheDraw"],"picked":"hermit:BodyArmor","floor":11},{"not_picked":["hermit:HeroicBravado","hermit:HighCaliber"],"picked":"hermit:Deadeye","floor":12},{"not_picked":["hermit:Roulette","hermit:Coalescence"],"picked":"hermit:BigShot","floor":13}],"player_experience":612620,"relics_obtained":[{"floor":7,"key":"Omamori"},{"floor":9,"key":"Bronze Scales"}],"event_choices":[{"damage_healed":0,"gold_gain":0,"player_choice":"Upgraded","damage_taken":0,"max_hp_gain":0,"max_hp_loss":0,"event_name":"Upgrade Shrine","floor":2,"gold_loss":0,"cards_upgraded":["hermit:Snapshot"]}],"is_beta":false,"boss_relics":[],"items_purged_floors":[14,14],"is_endless":false,"potions_floor_spawned":[7,10,12,13],"killed_by":"The Guardian","ascension_level":2}}