{"host":"kiehjq3lc4w5t4uc","time":1613502797,"event":{"mods":["AchievementEnabler","BaseMod","BetterRewards","Colored Map","Colored Powertips","DeckTracker","Good Game Mod","Infinite Spire","Keyboard Shortcuts","Minty Spire (QoL Compilation)","Permanent Neow","Quick Restart","Rare Cards Sparkle","Relic Stats","StSLib","SuperFastMode"],"gold_per_floor":[111,125,143,143,119,150,150,171,171,202,202,224,69,85,85,190,190,209,209,227,229,247,247,287,287,365,384,136,61,91,102,102,206,206,226,239,239,239,257,289,164,190,238,238,273,273,308,322,322,326,326,326,73,104,176],"floor_reached":56,"language":"KOR","playtime":3466,"items_purged":["Defend_G","Finisher","Slice","Skewer","Quick Slash"],"score":2351,"play_id":"ca131371-7ab4-48f2-a273-64ab4aeae6cc","local_time":"20210217041317","is_ascension_mode":true,"campfire_choices":[{"data":"Corruption","floor":7.0,"key":"SMITH"},{"data":"Footwork","floor":11.0,"key":"SMITH"},{"data":"Crippling Poison","floor":15.0,"key":"SMITH"},{"data":"Prepared","floor":23.0,"key":"SMITH"},{"data":"Well Laid Plans","floor":25.0,"key":"SMITH"},{"data":"Adrenaline","floor":32,"key":"SMITH"},{"data":"Burst","floor":44,"key":"SMITH"},{"floor":49,"key":"RECALL"},{"data":"Bouncing Flask","floor":52,"key":"SMITH"}],"circlet_count":0,"master_deck":["Defend_G","Defend_G","Survivor","Corruption+1","Backflip","Well Laid Plans+1","Prepared+1","Crippling Poison+1","Footwork+1","Night Terror","Grand Finale","Burst+1","Expertise","Noxious Fumes","Blade Dance+1","Escape Plan","Adrenaline+1","Acrobatics","Adrenaline","Bouncing Flask+1","Tactician+1","Dagger Throw","PanicButton","Quick Slash","Acrobatics+1"],"relics":["Ring of the Snake","REME:ComplimentaryCards","infinitespire:Midas Blood","Shuriken","TwistedFunnel","infinitespire:Lychee Nut","Meat on the Bone","infinitespire:Beetle Shell","StrikeDummy","Pocketwatch","WristBlade","PreservedInsect","Gremlin Horn","Bag of Preparation","Ice Cream","Busted Crown","infinitespire:Golems Mask","The Specimen","Art of War","Blood Vial","The Courier","Torii"],"acts_visited":["Exordium","TheCity","TheBeyond","TheEnding"],"potions_floor_usage":[50,50,50,55,55,55],"damage_taken":[{"damage":2.0,"enemies":"Jaw Worm","floor":1.0,"turns":5.0},{"damage":4.0,"enemies":"2 Louse","floor":2.0,"turns":2.0},{"damage":0.0,"enemies":"Small Slimes","floor":3.0,"turns":4.0},{"damage":10.0,"enemies":"3 Sentries","floor":6.0,"turns":5.0},{"damage":5.0,"enemies":"Exordium Wildlife","floor":8.0,"turns":2.0},{"damage":15.0,"enemies":"Lagavulin","floor":10.0,"turns":4.0},{"damage":3.0,"enemies":"Gremlin Gang","floor":12.0,"turns":3.0},{"damage":0.0,"enemies":"Large Slime","floor":14.0,"turns":4.0},{"damage":24.0,"enemies":"The Guardian","floor":16.0,"turns":6.0},{"damage":7.0,"enemies":"Spheric Guardian","floor":18.0,"turns":4.0},{"damage":11.0,"enemies":"2 Thieves","floor":20.0,"turns":4.0},{"damage":5.0,"enemies":"Centurion and Healer","floor":22.0,"turns":4.0},{"damage":16.0,"enemies":"Gremlin Leader","floor":24.0,"turns":4.0},{"damage":0.0,"enemies":"Snecko","floor":27.0,"turns":4.0},{"damage":5.0,"enemies":"Slavers","floor":30.0,"turns":2.0},{"damage":0,"enemies":"3 Cultists","floor":31,"turns":2},{"damage":0,"enemies":"Collector","floor":33,"turns":3},{"damage":0,"enemies":"Orb Walker","floor":35,"turns":2},{"damage":4,"enemies":"3 Darklings","floor":36,"turns":3},{"damage":11,"enemies":"4 Shapes","floor":39,"turns":3},{"damage":0,"enemies":"Giant Head","floor":40,"turns":2},{"damage":0,"enemies":"Nemesis","floor":42,"turns":1},{"damage":0,"enemies":"Reptomancer","floor":45,"turns":1},{"damage":0,"enemies":"Nemesis","floor":47,"turns":1},{"damage":0,"enemies":"Spire Growth","floor":48,"turns":2},{"damage":51,"enemies":"Awakened One","floor":50,"turns":5},{"damage":0,"enemies":"Shield and Spear","floor":54,"turns":2},{"damage":85,"enemies":"The Heart","floor":55,"turns":5}],"seed_played":"-8747600138910148836","potions_obtained":[{"floor":1.0,"key":"EssenceOfSteel"},{"floor":8.0,"key":"FearPotion"},{"floor":10.0,"key":"Energy Potion"},{"floor":18.0,"key":"CunningPotion"},{"floor":30.0,"key":"CunningPotion"}],"is_trial":false,"path_per_floor":["M","M","M","?","$","E","R","M","T","E","R","M","$","M","R","B",null,"M","AVR","M","?","M","R","E","R","T","M","$","?","E","M","R","B",null,"M","M","?","AVR","M","E","$","E","T","R","E","?","E","M","R","B",null,"R","$","E","B",null],"character_chosen":"THE_SILENT","items_purchased":["infinitespire:Midas Blood","Shuriken","TwistedFunnel","Backflip","Well Laid Plans","Skewer","infinitespire:Lychee Nut","Meat on the Bone","Slice","Grand Finale","Bag of Preparation","Dagger Throw","PanicButton","Quick Slash","Swift Potion","Weak Potion","Weak Potion"],"campfire_rested":0,"item_purchase_floors":[0,0,0,0,0,0,0,0,5,13,28,53,53,53,53,53,53],"current_hp_per_floor":[50,50,52,52,52,42,42,40,40,31,31,34,34,40,40,34,48,45,45,40,32,33,33,35,35,35,41,41,41,41,46,46,51,56,57,55,55,55,48,53,53,53,53,53,53,53,53,57,57,18,47,47,47,52,37],"gold":176,"neow_bonus":"","is_daily":false,"chose_seed":false,"campfire_upgraded":8,"win_rate":0.0,"timestamp":1613502797,"path_taken":["M","M","M","?","$","E","R","M","T","E","R","M","$","M","R","BOSS","M","AVR","M","?","M","R","E","R","T","M","$","?","E","M","R","BOSS","M","M","?","AVR","?","E","$","E","T","R","E","?","E","M","R","BOSS","R","$","E","BOSS"],"items_purchased_type":["Relic","Relic","Relic","Card","Card","Card","Relic","Relic","Card","Card","Relic","Card","Card","Card","Potion","Potion","Potion"],"build_version":"2020-12-22","purchased_purges":5,"victory":true,"max_hp_per_floor":[52,52,52,52,52,52,52,52,52,52,52,52,52,52,52,52,52,52,52,52,57,57,57,57,57,57,57,57,57,57,57,57,57,57,57,57,57,57,57,57,57,57,57,57,57,57,57,57,57,57,57,57,57,57,57],"relic_stats":{"Gremlin Horn":[11,12],"Torii":5,"counters":[80,313],"PreservedInsect":422,"Bag of Preparation":[72],"Blood Vial":26,"Busted Crown":80,"Shuriken":[53],"Art of War":[1],"obtain_stats":[{"TwistedFunnel":20,"infinitespire:Cubic Diamond":2,"Whetstone":6,"Ginger":0,"Old Coin":47,"Blood Vial":42,"MealTicket":29,"infinitespire:Golems Mask":40,"Fusion Hammer":34,"HandDrill":37,"Necronomicon":25,"Pear":0,"Tingsha":6,"Eternal Feather":25,"Pen Nib":53,"infinitespire:Magic Flask":0,"Paper Crane":36,"Akabeko":0,"infinitespire:EvilPickle":25,"infinitespire:Lychee Nut":0,"StrikeDummy":9,"infinitespire:PuzzleCube":12,"Lantern":6,"Regal Pillow":25,"Torii":0,"StoneCalendar":0,"Bag of Preparation":42,"Smiling Mask":25,"Ancient Tea Set":36,"Burning Blood":25,"WristBlade":17,"infinitespire:Bottled Soul":25,"infinitespire:Eraser":0,"Ring of the Snake":0,"Inserter":25,"The Specimen":5,"Thread and Needle":53,"PreservedInsect":9,"infinitespire:Joker Card":0,"The Courier":25,"Omamori":43,"infinitespire:CheckeredPen":37,"Busted Crown":17,"Turnip":9,"Art of War":31,"Champion Belt":25,"Bottled Lightning":31,"infinitespire:Midas Blood":0,"Ice Cream":37,"Mark of the Bloom":46,"Calipers":0,"Tiny House":25,"Gremlin Horn":26,"CeramicFish":24,"Vajra":0,"HoveringKite":25,"Sozu":25,"Lizard Tail":0,"Centennial Puzzle":54,"FaceOfCleric":27,"Prayer Wheel":0,"Girya":25,"Astrolabe":25,"Oddly Smooth Stone":0,"Charon\u0027s Ashes":25,"infinitespire:Beetle Shell":36,"Letter Opener":24,"War Paint":40,"Du-Vu Doll":40,"Shuriken":24,"Bronze Scales":27,"Black Star":0,"Meat on the Bone":0,"NlothsMask":25,"Pocketwatch":10,"Enchiridion":25,"Snake Skull":47,"Incense Burner":0,"Juzu Bracelet":25,"ClockworkSouvenir":53,"SsserpentHead":25,"Tough Bandages":0,"Dream Catcher":37,"Nunchaku":54,"Mummified Hand":0,"Gambling Chip":0,"Red Mask":19,"infinitespire:Chaos":25,"Runic Pyramid":17,"infinitespire:EmptyRelic":25,"Orichalcum":8,"Medical Kit":53,"Mercury Hourglass":27,"Strange Spoon":25,"Cauldron":25,"REME:ComplimentaryCards":0,"CaptainsWheel":29,"infinitespire:DarkRift":2,"Bag of Marbles":0,"Coffee Dripper":25,"Membership Card":0,"PureWater":25,"TungstenRod":22},{"TwistedFunnel":45,"infinitespire:Cubic Diamond":37,"Whetstone":4,"Ginger":36,"Old Coin":32,"Blood Vial":30,"MealTicket":22,"infinitespire:Golems Mask":73,"Fusion Hammer":24,"HandDrill":26,"Necronomicon":47,"Pear":36,"Tingsha":10,"Eternal Feather":47,"Pen Nib":34,"infinitespire:Magic Flask":36,"Paper Crane":50,"Akabeko":36,"infinitespire:EvilPickle":47,"infinitespire:Lychee Nut":52,"StrikeDummy":57,"infinitespire:PuzzleCube":40,"Lantern":10,"Regal Pillow":47,"Torii":5,"StoneCalendar":5,"Bag of Preparation":30,"Smiling Mask":47,"Ancient Tea Set":50,"Burning Blood":47,"WristBlade":61,"infinitespire:Bottled Soul":47,"infinitespire:Eraser":36,"Ring of the Snake":0,"Inserter":47,"The Specimen":37,"Thread and Needle":34,"PreservedInsect":5,"infinitespire:Joker Card":36,"The Courier":47,"Omamori":30,"infinitespire:CheckeredPen":51,"Busted Crown":14,"Turnip":11,"Art of War":23,"Champion Belt":47,"Bottled Lightning":49,"infinitespire:Midas Blood":52,"Ice Cream":26,"Mark of the Bloom":31,"Calipers":36,"Tiny House":47,"Gremlin Horn":65,"CeramicFish":47,"Vajra":36,"HoveringKite":47,"Sozu":47,"Lizard Tail":5,"Centennial Puzzle":35,"FaceOfCleric":47,"Prayer Wheel":36,"Girya":47,"Astrolabe":47,"Oddly Smooth Stone":5,"Charon\u0027s Ashes":47,"infinitespire:Beetle Shell":50,"Letter Opener":18,"War Paint":29,"Du-Vu Doll":29,"Shuriken":18,"Bronze Scales":20,"Black Star":5,"Meat on the Bone":5,"NlothsMask":47,"Pocketwatch":58,"Enchiridion":47,"Snake Skull":32,"Incense Burner":0,"Juzu Bracelet":47,"ClockworkSouvenir":34,"SsserpentHead":47,"Tough Bandages":0,"Dream Catcher":26,"Nunchaku":35,"Mummified Hand":0,"Gambling Chip":36,"Red Mask":45,"infinitespire:Chaos":47,"Runic Pyramid":43,"infinitespire:EmptyRelic":47,"Orichalcum":5,"Medical Kit":34,"Mercury Hourglass":20,"Strange Spoon":47,"Cauldron":47,"REME:ComplimentaryCards":0,"CaptainsWheel":22,"infinitespire:DarkRift":37,"Bag of Marbles":36,"Coffee Dripper":47,"Membership Card":5,"PureWater":47,"TungstenRod":17},{"TwistedFunnel":202,"infinitespire:Cubic Diamond":177,"Whetstone":23,"Ginger":175,"Old Coin":152,"Blood Vial":147,"MealTicket":111,"infinitespire:Golems Mask":296,"Fusion Hammer":126,"HandDrill":132,"Necronomicon":205,"Pear":175,"Tingsha":53,"Eternal Feather":205,"Pen Nib":163,"infinitespire:Magic Flask":175,"Paper Crane":215,"Akabeko":175,"infinitespire:EvilPickle":205,"infinitespire:Lychee Nut":224,"StrikeDummy":242,"infinitespire:PuzzleCube":188,"Lantern":53,"Regal Pillow":205,"Torii":30,"StoneCalendar":30,"Bag of Preparation":147,"Smiling Mask":205,"Ancient Tea Set":215,"Burning Blood":205,"WristBlade":259,"infinitespire:Bottled Soul":205,"infinitespire:Eraser":175,"Ring of the Snake":0,"Inserter":205,"The Specimen":177,"Thread and Needle":163,"PreservedInsect":30,"infinitespire:Joker Card":175,"The Courier":205,"Omamori":147,"infinitespire:CheckeredPen":219,"Busted Crown":71,"Turnip":57,"Art of War":117,"Champion Belt":205,"Bottled Lightning":211,"infinitespire:Midas Blood":224,"Ice Cream":132,"Mark of the Bloom":149,"Calipers":175,"Tiny House":205,"Gremlin Horn":275,"CeramicFish":205,"Vajra":175,"HoveringKite":205,"Sozu":205,"Lizard Tail":30,"Centennial Puzzle":167,"FaceOfCleric":205,"Prayer Wheel":175,"Girya":205,"Astrolabe":205,"Oddly Smooth Stone":30,"Charon\u0027s Ashes":205,"infinitespire:Beetle Shell":215,"Letter Opener":91,"War Paint":142,"Du-Vu Doll":142,"Shuriken":91,"Bronze Scales":103,"Black Star":30,"Meat on the Bone":30,"NlothsMask":205,"Pocketwatch":246,"Enchiridion":205,"Snake Skull":152,"Incense Burner":0,"Juzu Bracelet":205,"ClockworkSouvenir":163,"SsserpentHead":205,"Tough Bandages":0,"Dream Catcher":132,"Nunchaku":167,"Mummified Hand":0,"Gambling Chip":175,"Red Mask":202,"infinitespire:Chaos":205,"Runic Pyramid":198,"infinitespire:EmptyRelic":205,"Orichalcum":30,"Medical Kit":163,"Mercury Hourglass":103,"Strange Spoon":205,"Cauldron":205,"REME:ComplimentaryCards":0,"CaptainsWheel":111,"infinitespire:DarkRift":177,"Bag of Marbles":175,"Coffee Dripper":205,"Membership Card":30,"PureWater":205,"TungstenRod":84}],"Ring of the Snake":[135],"Meat on the Bone":48,"Pocketwatch":[9]},"card_choices":[{"not_picked":["Eviscerate","Backflip"],"picked":"Quick Slash","floor":1.0},{"not_picked":["Infinite Blades","Concentrate"],"picked":"Prepared","floor":2.0},{"not_picked":["Terror","Dagger Spray"],"picked":"Crippling Poison","floor":3.0},{"not_picked":["Dagger Spray","Sucker Punch"],"picked":"Footwork","floor":6.0},{"not_picked":["Quick Slash","Sucker Punch"],"picked":"Night Terror","floor":8.0},{"not_picked":["Prepared","Blade Dance","Underhanded Strike"],"picked":"SKIP","floor":10.0},{"not_picked":["Flying Knee","Dash","Underhanded Strike"],"picked":"SKIP","floor":12.0},{"not_picked":["Night Terror","Finisher","Dash"],"picked":"SKIP","floor":14.0},{"not_picked":["Storm of Steel","Doppelganger"],"picked":"Burst","floor":16.0},{"not_picked":["Caltrops","Sucker Punch+1","Underhanded Strike"],"picked":"SKIP","floor":18.0},{"not_picked":["Finisher+1","Dagger Spray+1"],"picked":"Expertise","floor":20.0},{"not_picked":["Prepared","Poisoned Stab"],"picked":"Noxious Fumes","floor":22.0},{"not_picked":["Flying Knee+1","Outmaneuver"],"picked":"Blade Dance+1","floor":24.0},{"not_picked":["Outmaneuver","Endless Agony+1"],"picked":"Escape Plan","floor":27.0},{"not_picked":["Backflip","Skewer"],"picked":"Adrenaline","floor":30.0},{"not_picked":["Flying Knee+1","PiercingWail+1"],"picked":"Acrobatics","floor":31},{"not_picked":["Die Die Die","Burst"],"picked":"Adrenaline","floor":33},{"not_picked":["Acrobatics+1"],"picked":"SKIP","floor":35},{"not_picked":["Sucker Punch"],"picked":"SKIP","floor":36},{"not_picked":[],"picked":"Bouncing Flask","floor":39},{"not_picked":["Bane+1"],"picked":"SKIP","floor":40},{"not_picked":[],"picked":"Tactician+1","floor":42},{"not_picked":["Sucker Punch+1"],"picked":"SKIP","floor":45},{"not_picked":["Dash"],"picked":"SKIP","floor":47},{"not_picked":["Cloak And Dagger"],"picked":"SKIP","floor":48},{"not_picked":[],"picked":"Acrobatics+1","floor":54}],"player_experience":188894,"relics_obtained":[{"floor":6.0,"key":"infinitespire:Beetle Shell"},{"floor":9.0,"key":"StrikeDummy"},{"floor":10.0,"key":"Pocketwatch"},{"floor":24.0,"key":"PreservedInsect"},{"floor":26.0,"key":"Gremlin Horn"},{"floor":30.0,"key":"Ice Cream"},{"floor":40,"key":"infinitespire:Golems Mask"},{"floor":42,"key":"The Specimen"},{"floor":45,"key":"Art of War"},{"floor":47,"key":"Blood Vial"},{"floor":54,"key":"Torii"}],"event_choices":[{"damage_healed":0.0,"max_hp_gain":0.0,"max_hp_loss":0.0,"gold_gain":0.0,"cards_transformed":["Defend_G"],"event_name":"Living Wall","player_choice":"Change","floor":4.0,"gold_loss":0.0,"damage_taken":0.0,"cards_obtained":["Finisher"]},{"damage_healed":0.0,"max_hp_gain":5.0,"max_hp_loss":0.0,"gold_gain":0.0,"event_name":"Forgotten Altar","player_choice":"Shed Blood","floor":21.0,"gold_loss":0.0,"damage_taken":13.0},{"cards_removed":["Neutralize"],"damage_healed":0.0,"max_hp_gain":0.0,"max_hp_loss":0.0,"gold_gain":0.0,"event_name":"Beggar","player_choice":"Gave Gold","floor":29.0,"gold_loss":75.0,"damage_taken":0.0},{"cards_removed":["Defend_G"],"damage_healed":0,"gold_gain":0,"player_choice":"Offered Basic","damage_taken":0,"max_hp_gain":0,"max_hp_loss":0,"event_name":"Bonfire Elementals","floor":37,"gold_loss":0},{"damage_healed":0,"gold_gain":0,"player_choice":"Bought 0 Potions","damage_taken":0,"max_hp_gain":0,"max_hp_loss":0,"event_name":"The Woman in Blue","floor":46,"gold_loss":0}],"is_beta":false,"boss_relics":[{"not_picked":["Pandora\u0027s Box","Cursed Key"],"picked":"WristBlade"},{"not_picked":["Velvet Choker","Tiny House"],"picked":"Busted Crown"}],"items_purged_floors":[0,19,28,38,41],"is_endless":false,"potions_floor_spawned":[1,8,10,16,18,27,30,31,39,40],"ascension_level":8}}