{"host":"jq8d8epkoknfq6em","time":1613494416,"event":{"mods":["AchievementEnabler","BaseMod","Colored Map","Colored Powertips","Highlight Path","Minty Spire (QoL Compilation)","Quick Restart","Relic Stats","StSLib"],"gold_per_floor":[118,43,43,43,43,76,76,110,133,133,153,153,153,166,166,242,242,257,257,270,0,15,15,44,62,62,77,107,107,107,107,107,107,107],"floor_reached":33,"language":"ENG","playtime":1313,"items_purged":["Strike_R"],"score":688,"play_id":"3f64a8c0-fb07-46dc-abd8-444b01c4d59a","local_time":"20210216175336","is_ascension_mode":true,"campfire_choices":[{"data":"Whirlwind","floor":7,"key":"SMITH"},{"data":"Bash","floor":10,"key":"SMITH"},{"data":"Rampage","floor":13,"key":"SMITH"},{"data":"Clothesline","floor":15,"key":"SMITH"},{"data":"Double Tap","floor":23,"key":"SMITH"},{"data":"True Grit","floor":29,"key":"SMITH"},{"floor":32,"key":"REST"}],"circlet_count":0,"master_deck":["AscendersBane","Strike_R","Defend_R","Defend_R","Defend_R","Defend_R","Bash+1","Clothesline+1","Whirlwind+1","Rampage+1","Double Tap+1","Demon Form","Intimidate","True Grit+1"],"relics":["Burning Blood","NeowsBlessing","Happy Flower","Paper Frog","Toy Ornithopter","Cursed Key","Membership Card","Pen Nib","Bottled Tornado","Eternal Feather"],"acts_visited":["Exordium","TheCity"],"potions_floor_usage":[16,19,22,25,28],"damage_taken":[{"damage":0,"enemies":"Small Slimes","floor":1,"turns":1},{"damage":0,"enemies":"Lagavulin","floor":6,"turns":1},{"damage":0,"enemies":"Gremlin Nob","floor":8,"turns":1},{"damage":4,"enemies":"Jaw Worm","floor":11,"turns":3},{"damage":0,"enemies":"2 Louse","floor":14,"turns":2},{"damage":55,"enemies":"Slime Boss","floor":16,"turns":9},{"damage":1,"enemies":"Spheric Guardian","floor":18,"turns":3},{"damage":0,"enemies":"3 Byrds","floor":19,"turns":1},{"damage":19,"enemies":"Centurion and Healer","floor":20,"turns":3},{"damage":0,"enemies":"Chosen and Byrds","floor":22,"turns":3},{"damage":0,"enemies":"Gremlin Leader","floor":24,"turns":3},{"damage":4,"enemies":"Snake Plant","floor":25,"turns":2},{"damage":16,"enemies":"Snecko","floor":27,"turns":4},{"damage":47,"enemies":"Book of Stabbing","floor":28,"turns":7},{"damage":56,"enemies":"Collector","floor":33,"turns":5}],"seed_played":"2101255181916555858","potions_obtained":[{"floor":1,"key":"SmokeBomb"},{"floor":6,"key":"SteroidPotion"},{"floor":16,"key":"HeartOfIron"},{"floor":20,"key":"BlessingOfTheForge"},{"floor":24,"key":"SpeedPotion"}],"is_trial":false,"path_per_floor":["M","?","?","?","$","E","R","E","T","R","M","?","R","M","R","B",null,"M","M","M","$","M","R","E","M","T","M","E","R","T","?","R","B"],"character_chosen":"IRONCLAD","items_purchased":["Membership Card","Pen Nib"],"campfire_rested":1,"item_purchase_floors":[21,21],"current_hp_per_floor":[74,74,79,72,72,78,78,80,80,80,80,80,80,80,80,31,68,73,80,67,67,78,78,80,80,80,70,34,40,40,17,48,0,0],"gold":107,"neow_bonus":"THREE_ENEMY_KILL","is_daily":false,"chose_seed":false,"campfire_upgraded":6,"win_rate":0.0,"timestamp":1613494416,"path_taken":["M","?","?","?","?","E","R","E","T","R","M","?","R","M","R","BOSS","M","M","M","$","M","R","E","M","T","M","E","R","?","?","R","BOSS"],"items_purchased_type":["Relic","Relic"],"build_version":"2020-12-22","purchased_purges":1,"victory":false,"max_hp_per_floor":[75,75,80,80,80,80,80,80,80,80,80,80,80,80,80,80,80,80,80,80,80,80,80,80,80,80,80,80,80,80,85,85,85,85],"relic_stats":{"Happy Flower":[15],"counters":[15,48],"Eternal Feather":12,"Pen Nib":[3],"Cursed Key":0,"obtain_stats":[{"NeowsBlessing":0,"Happy Flower":6,"Eternal Feather":28,"Pen Nib":21,"Membership Card":21,"Bottled Tornado":24,"Cursed Key":17,"Burning Blood":0,"Toy Ornithopter":9,"Paper Frog":8},{"NeowsBlessing":0,"Happy Flower":2,"Eternal Feather":14,"Pen Nib":9,"Membership Card":9,"Bottled Tornado":11,"Cursed Key":6,"Burning Blood":0,"Toy Ornithopter":3,"Paper Frog":3},{"NeowsBlessing":0,"Happy Flower":2,"Eternal Feather":43,"Pen Nib":24,"Membership Card":24,"Bottled Tornado":30,"Cursed Key":17,"Burning Blood":0,"Toy Ornithopter":3,"Paper Frog":3}],"Burning Blood":62,"Toy Ornithopter":15},"card_choices":[{"not_picked":["Pummel","True Grit"],"picked":"Clothesline","floor":1},{"not_picked":["Twin Strike","Wild Strike"],"picked":"Whirlwind","floor":6},{"not_picked":["Perfected Strike","Fiend Fire","Pommel Strike"],"picked":"SKIP","floor":8},{"not_picked":["Sentinel","Reckless Charge"],"picked":"Rampage","floor":11},{"not_picked":["Sever Soul","Fire Breathing","Iron Wave"],"picked":"SKIP","floor":14},{"not_picked":["Barricade","Corruption"],"picked":"Double Tap","floor":16},{"not_picked":["Iron Wave","Body Slam","Warcry"],"picked":"SKIP","floor":18},{"not_picked":["Perfected Strike","Sword Boomerang","Warcry"],"picked":"SKIP","floor":20},{"not_picked":["Heavy Blade","Twin Strike+1"],"picked":"Demon Form","floor":22},{"not_picked":["Perfected Strike","Havoc+1"],"picked":"Intimidate","floor":24},{"not_picked":["Perfected Strike","Second Wind","Rampage"],"picked":"SKIP","floor":25},{"not_picked":["Warcry","Havoc","Wild Strike"],"picked":"SKIP","floor":27},{"not_picked":["Clothesline","Heavy Blade","True Grit"],"picked":"SKIP","floor":28},{"not_picked":["Clothesline","Heavy Blade"],"picked":"True Grit","floor":28}],"player_experience":1034585,"relics_obtained":[{"floor":6,"key":"Happy Flower"},{"floor":8,"key":"Paper Frog"},{"floor":9,"key":"Toy Ornithopter"},{"floor":24,"key":"Bottled Tornado"},{"floor":28,"key":"Eternal Feather"}],"event_choices":[{"cards_removed":["Strike_R"],"damage_healed":0,"gold_gain":0,"player_choice":"Card Removal","damage_taken":0,"max_hp_gain":0,"max_hp_loss":0,"event_name":"The Cleric","floor":2,"gold_loss":75},{"damage_healed":0,"gold_gain":0,"player_choice":"Donut","damage_taken":0,"max_hp_gain":5,"max_hp_loss":0,"event_name":"Big Fish","floor":3,"gold_loss":0},{"cards_removed":["Strike_R"],"damage_healed":0,"gold_gain":0,"player_choice":"Card Removal","damage_taken":7,"max_hp_gain":0,"max_hp_loss":0,"event_name":"Golden Wing","floor":4,"gold_loss":0},{"cards_removed":["Strike_R"],"damage_healed":0,"gold_gain":0,"player_choice":"Offered Basic","damage_taken":0,"max_hp_gain":0,"max_hp_loss":0,"event_name":"Bonfire Elementals","floor":12,"gold_loss":0},{"damage_healed":0,"gold_gain":0,"player_choice":"Shed Blood","damage_taken":28,"max_hp_gain":5,"max_hp_loss":0,"event_name":"Forgotten Altar","floor":31,"gold_loss":0}],"is_beta":false,"boss_relics":[{"not_picked":["Snecko Eye","Tiny House"],"picked":"Cursed Key"}],"items_purged_floors":[21],"is_endless":false,"potions_floor_spawned":[1,6,16,19,20,24],"killed_by":"Collector","ascension_level":15}}