{"host":"4eao2pkwlmv012cz","time":1613460135,"event":{"mods":["BaseMod","Bestiary","Bossed Relics","Colored Powertips","Minty Spire (QoL Compilation)","Permanent Neow","Quick Restart","Random Character Button","StSLib"],"gold_per_floor":[118,129,139,150,165,165,193,193,217,217,244,269,309,309,309,395,395,423,447,447,447],"floor_reached":20,"language":"ENG","playtime":565,"items_purged":[],"score":376,"play_id":"478f05cc-413b-47ed-a368-f0b08abe7d46","local_time":"20210216022215","is_ascension_mode":true,"campfire_choices":[{"data":"Barrage","floor":6,"key":"SMITH"},{"floor":8,"key":"REST"},{"data":"Echo Form","floor":10,"key":"SMITH"},{"data":"Capacitor","floor":15,"key":"SMITH"}],"circlet_count":0,"master_deck":["AscendersBane","Strike_B","Strike_B","Strike_B","Strike_B","Defend_B","Defend_B","Defend_B","Defend_B","Zap","Dualcast","Electrodynamics","Ball Lightning","Reboot","Auto Shields","Barrage+1","Echo Form+1","Compile Driver","Biased Cognition","Capacitor+1","Echo Form","Go for the Eyes+1","Self Repair"],"relics":["Cracked Core","Art of War","CeramicFish","MealTicket","Tiny House"],"acts_visited":["Exordium","TheCity"],"potions_floor_usage":[5,7,13,18,19],"damage_taken":[{"damage":4,"enemies":"Jaw Worm","floor":1,"turns":4},{"damage":7,"enemies":"Small Slimes","floor":2,"turns":3},{"damage":1,"enemies":"Cultist","floor":3,"turns":3},{"damage":5,"enemies":"Blue Slaver","floor":4,"turns":3},{"damage":0,"enemies":"Lots of Slimes","floor":5,"turns":1},{"damage":25,"enemies":"Lagavulin","floor":7,"turns":6},{"damage":0,"enemies":"Large Slime","floor":11,"turns":3},{"damage":6,"enemies":"3 Louse","floor":12,"turns":2},{"damage":30,"enemies":"Gremlin Nob","floor":13,"turns":4},{"damage":22,"enemies":"Hexaghost","floor":16,"turns":7},{"damage":6,"enemies":"3 Byrds","floor":18,"turns":2},{"damage":26,"enemies":"Spheric Guardian","floor":19,"turns":6},{"damage":27,"enemies":"Masked Bandits","floor":20,"turns":2}],"seed_played":"-1313844014644884851","potions_obtained":[{"floor":2,"key":"Explosive Potion"},{"floor":3,"key":"Ancient Potion"},{"floor":4,"key":"CultistPotion"},{"floor":12,"key":"BlessingOfTheForge"},{"floor":13,"key":"Explosive Potion"},{"floor":16,"key":"ColorlessPotion"}],"is_trial":false,"path_per_floor":["M","M","M","M","M","R","E","R","T","R","M","M","E","?","R","B",null,"M","M","?"],"character_chosen":"DEFECT","items_purchased":[],"campfire_rested":1,"item_purchase_floors":[],"current_hp_per_floor":[60,53,52,47,47,47,22,43,43,43,43,37,7,30,30,8,55,49,23,0,0],"gold":447,"neow_bonus":"ONE_RANDOM_RARE_CARD","is_daily":false,"chose_seed":false,"campfire_upgraded":3,"win_rate":0.0,"timestamp":1613460135,"path_taken":["M","M","M","M","M","R","E","R","T","R","M","M","E","?","R","BOSS","M","M","?"],"items_purchased_type":[],"build_version":"2020-12-22","purchased_purges":0,"victory":false,"max_hp_per_floor":[71,71,71,71,71,71,71,71,71,71,71,71,71,71,71,71,71,71,71,71,71],"card_choices":[{"not_picked":["Gash","Turbo"],"picked":"Ball Lightning","floor":1},{"not_picked":["Blizzard","Stack"],"picked":"Reboot","floor":2},{"not_picked":["Doom and Gloom","Hologram"],"picked":"Auto Shields","floor":3},{"not_picked":["Stack","Blizzard"],"picked":"Barrage","floor":4},{"not_picked":["Heatsinks","Beam Cell","Turbo"],"picked":"SKIP","floor":5},{"not_picked":["Hologram","Go for the Eyes"],"picked":"Echo Form","floor":7},{"not_picked":["Hologram","Rebound"],"picked":"Compile Driver","floor":11},{"not_picked":["Fusion","Chaos"],"picked":"Biased Cognition","floor":12},{"not_picked":["Redo","Doom and Gloom"],"picked":"Capacitor","floor":13},{"not_picked":["Machine Learning","Seek"],"picked":"Echo Form","floor":16},{"not_picked":["Barrage","Scrape"],"picked":"Go for the Eyes+1","floor":18},{"not_picked":["Go for the Eyes","Compile Driver"],"picked":"Self Repair","floor":19}],"player_experience":2939647,"relics_obtained":[{"floor":7,"key":"Art of War"},{"floor":9,"key":"CeramicFish"},{"floor":13,"key":"MealTicket"}],"event_choices":[{"damage_healed":23,"gold_gain":0,"player_choice":"Banana","damage_taken":0,"max_hp_gain":0,"max_hp_loss":0,"event_name":"Big Fish","floor":14,"gold_loss":0},{"damage_healed":0,"gold_gain":0,"player_choice":"Fought Bandits","damage_taken":0,"max_hp_gain":0,"max_hp_loss":0,"event_name":"Masked Bandits","floor":20,"gold_loss":0}],"is_beta":false,"boss_relics":[{"not_picked":["Runic Pyramid","Runic Dome"],"picked":"Tiny House"}],"items_purged_floors":[],"is_endless":false,"potions_floor_spawned":[2,3,4,12,13,16],"killed_by":"Masked Bandits","ascension_level":20}}