{"host":"su5a4yc0a4nya4s0","time":1613476334,"event":{"mods":["AchievementEnabler","BaseMod","Downfall","Lobotomy","LobotomyExtend","Minty Spire (QoL Compilation)","StSLib","The Animator","The Cursed"],"gold_per_floor":[111,111,121,131,149,177,177,188,213,213,233,265,365,385,385,480,480,496,508,525,537,172,204,219,219,219],"floor_reached":25,"language":"ENG","playtime":2313,"items_purged":[],"score":239,"play_id":"a22631b5-0547-4031-b01c-aeb4d47f365d","local_time":"20210216115214","is_ascension_mode":false,"campfire_choices":[{"data":"A Thousand Cuts","floor":7,"key":"SMITH"},{"floor":10,"key":"REST"},{"floor":15,"key":"REST"}],"circlet_count":0,"master_deck":["Strike_G","Strike_G","Strike_G","Strike_G","Strike_G","Defend_G","Defend_G","Defend_G","Defend_G","Defend_G","Survivor","Neutralize","A Thousand Cuts+1","Endless Agony","Blade Dance","Accuracy","Cloak And Dagger","Calculated Gamble","Dagger Throw","Cloak And Dagger","Catalyst","Die Die Die","PiercingWail","Bouncing Flask","Glass Knife","Backstab","Footwork+1","Backstab","Footwork","Endless Agony","Flash of Steel","Cloak And Dagger+1","Deflect"],"relics":["Ring of the Snake","LetterFromLob","Dream Catcher","Snake Skull","MealTicket","Black Star","Anchor","Nunchaku","Vajra"],"acts_visited":["TheCity"],"potions_floor_usage":[3,18,19,21,25],"damage_taken":[{"damage":0,"enemies":"2 Louse","floor":1,"turns":4},{"damage":3,"enemies":"Small Slimes","floor":3,"turns":4},{"damage":10,"enemies":"Cultist","floor":4,"turns":4},{"damage":4,"enemies":"Looter","floor":5,"turns":3},{"damage":16,"enemies":"Lagavulin","floor":6,"turns":6},{"damage":7,"enemies":"Large Slime","floor":8,"turns":4},{"damage":8,"enemies":"3 Louse","floor":11,"turns":3},{"damage":6,"enemies":"Gremlin Nob","floor":12,"turns":3},{"damage":0,"enemies":"Blue Slaver","floor":14,"turns":4},{"damage":33,"enemies":"The Guardian","floor":16,"turns":8},{"damage":6,"enemies":"Chosen","floor":18,"turns":6},{"damage":7,"enemies":"2 Thieves","floor":19,"turns":4},{"damage":25,"enemies":"Snake Plant","floor":20,"turns":6},{"damage":5,"enemies":"Cultist and Chosen","floor":21,"turns":6},{"damage":19,"enemies":"Gremlin Leader","floor":23,"turns":8},{"damage":12,"enemies":"3 Cultists","floor":24,"turns":3},{"damage":17,"enemies":"Slavers","floor":25,"turns":2}],"seed_played":"8261852683592476367","potions_obtained":[{"floor":1,"key":"SkillPotion"},{"floor":3,"key":"Fire Potion"},{"floor":4,"key":"SmokeBomb"},{"floor":12,"key":"Explosive Potion"},{"floor":16,"key":"Energy Potion"},{"floor":18,"key":"Weak Potion"},{"floor":20,"key":"Fire Potion"}],"is_trial":false,"path_per_floor":["M","?","M","M","M","E","R","M","T","R","M","E","?","M","R","B",null,"M","M","M","M","$","E","M","E"],"character_chosen":"THE_SILENT","items_purchased":["Anchor","Footwork","Endless Agony","Flash of Steel"],"campfire_rested":2,"item_purchase_floors":[22,22,22,22],"current_hp_per_floor":[70,75,72,62,58,42,42,35,35,57,49,43,43,43,65,32,75,69,62,37,32,47,28,16,0,0],"gold":219,"neow_bonus":"ONE_RANDOM_RARE_CARD","is_daily":false,"chose_seed":false,"campfire_upgraded":1,"win_rate":0.0,"timestamp":1613476334,"path_taken":["M","?","M","M","M","E","R","M","T","R","M","E","?","M","R","BOSS","M","?","M","M","$","E","M","E"],"items_purchased_type":["Relic","Card","Card","Card"],"build_version":"2020-12-22","purchased_purges":0,"victory":false,"max_hp_per_floor":[70,75,75,75,75,75,75,75,75,75,75,75,75,75,75,75,75,75,75,75,75,75,75,75,75,75],"card_choices":[{"not_picked":["Poisoned Stab","Deadly Poison"],"picked":"Endless Agony","floor":1},{"not_picked":["Prepared","PiercingWail"],"picked":"Blade Dance","floor":3},{"not_picked":["Backflip","Sucker Punch"],"picked":"Accuracy","floor":4},{"not_picked":["Choke","Eviscerate"],"picked":"Cloak And Dagger","floor":5},{"not_picked":["Bane","Choke"],"picked":"Calculated Gamble","floor":6},{"not_picked":["Outmaneuver","Prepared"],"picked":"Dagger Throw","floor":8},{"not_picked":["Bane","Slice"],"picked":"Cloak And Dagger","floor":10},{"not_picked":["Deadly Poison","Quick Slash"],"picked":"Catalyst","floor":11},{"not_picked":["Cloak And Dagger","Escape Plan"],"picked":"Die Die Die","floor":12},{"not_picked":["Underhanded Strike","Prepared"],"picked":"PiercingWail","floor":14},{"not_picked":["Deadly Poison","Catalyst"],"picked":"Bouncing Flask","floor":15},{"not_picked":["Malaise","Grand Finale"],"picked":"Glass Knife","floor":16},{"not_picked":["Expertise","Dagger Throw"],"picked":"Backstab","floor":18},{"not_picked":["Catalyst+1","Heel Hook"],"picked":"Footwork+1","floor":19},{"not_picked":["Flying Knee+1","Sucker Punch"],"picked":"Backstab","floor":20},{"not_picked":["Flying Knee","Sucker Punch","Bane+1"],"picked":"SKIP","floor":21},{"not_picked":["Escape Plan","Quick Slash"],"picked":"Cloak And Dagger+1","floor":23},{"not_picked":["Flying Knee","All Out Attack"],"picked":"Deflect","floor":24}],"player_experience":457941,"relics_obtained":[{"floor":1,"key":"LetterFromLob"},{"floor":6,"key":"Dream Catcher"},{"floor":9,"key":"Snake Skull"},{"floor":12,"key":"MealTicket"},{"floor":23,"key":"Nunchaku"},{"floor":23,"key":"Vajra"}],"event_choices":[{"damage_healed":0,"gold_gain":0,"player_choice":"Donut","damage_taken":0,"max_hp_gain":5,"max_hp_loss":0,"event_name":"Big Fish","floor":2,"gold_loss":0},{"damage_healed":0,"gold_gain":100,"player_choice":"Pray","damage_taken":0,"max_hp_gain":0,"max_hp_loss":0,"event_name":"Golden Shrine","floor":13,"gold_loss":0}],"is_beta":false,"boss_relics":[{"not_picked":["Velvet Choker","Cursed Key"],"picked":"Black Star"}],"items_purged_floors":[],"is_endless":false,"potions_floor_spawned":[1,3,4,12,16,18,20],"killed_by":"Slavers","ascension_level":0}}