{"host":"tkn5gxjwtwe15vst","time":1613443791,"event":{"mods":["BaseMod","Downfall","Googly Eyes","Hermit","Minty Spire (QoL Compilation)","StSLib","The Cursed","The Servant 0.9.4"],"gold_per_floor":[119,139,202,202,477,502,516,516,568,568,587,512,532,563,563,563,563],"floor_reached":16,"language":"ENG","playtime":1314,"items_purged":[],"score":110,"play_id":"afcfd064-ab6b-4591-aa92-461b2aa8a471","local_time":"20210215214951","is_ascension_mode":false,"campfire_choices":[{"floor":8,"key":"REST"},{"data":"hermit:BigShot","floor":10,"key":"SMITH"},{"floor":15,"key":"REST"}],"circlet_count":0,"master_deck":["hermit:Strike_Hermit","hermit:Strike_Hermit","hermit:Strike_Hermit","hermit:Strike_Hermit","hermit:Defend_Hermit","hermit:Defend_Hermit","hermit:Defend_Hermit","hermit:Defend_Hermit","hermit:Snapshot","hermit:Covet","hermit:ShadowCloak","hermit:ItchyTrigger","Regret","hermit:BigShot+1","hermit:TrackingShot","hermit:Quickdraw","hermit:ItchyTrigger","hermit:Quickdraw","hermit:Dive","hermit:BlackWind"],"relics":["hermit:Momento","Bronze Scales","Ornamental Fan","Akabeko","hermit:RyeStalk"],"acts_visited":["Exordium"],"potions_floor_usage":[14],"damage_taken":[{"damage":6,"enemies":"Jaw Worm","floor":1,"turns":3},{"damage":5,"enemies":"Small Slimes","floor":2,"turns":5},{"damage":21,"enemies":"3 Sentries","floor":6,"turns":11},{"damage":0,"enemies":"Cultist","floor":7,"turns":3},{"damage":29,"enemies":"Gremlin Gang","floor":11,"turns":4},{"damage":1,"enemies":"Blue Slaver","floor":13,"turns":3},{"damage":10,"enemies":"Gremlin Nob","floor":14,"turns":4},{"damage":53,"enemies":"The Guardian","floor":16,"turns":11}],"seed_played":"4084458126911055618","potions_obtained":[{"floor":1,"key":"Explosive Potion"},{"floor":6,"key":"Guardian:BlockOnCardUsePotion"}],"is_trial":false,"path_per_floor":["M","M","?","?","?","E","M","R","T","R","M","$","M","E","R","B"],"character_chosen":"HERMIT","items_purchased":["hermit:ItchyTrigger","hermit:Quickdraw"],"campfire_rested":2,"item_purchase_floors":[12,12],"current_hp_per_floor":[76,71,71,64,64,43,43,67,67,67,38,38,37,27,51,0,0],"gold":563,"neow_bonus":"TEN_PERCENT_HP_BONUS","is_daily":false,"chose_seed":false,"campfire_upgraded":1,"win_rate":0.0,"timestamp":1613443791,"path_taken":["M","M","?","?","?","E","M","R","T","R","?","$","M","E","R","BOSS"],"items_purchased_type":["Card","Card"],"build_version":"2020-12-22","purchased_purges":0,"victory":false,"max_hp_per_floor":[82,82,82,82,82,82,82,82,82,82,82,82,82,82,82,82,82],"card_choices":[{"not_picked":["hermit:Midnight","hermit:Misfire"],"picked":"hermit:ShadowCloak","floor":1},{"not_picked":["hermit:Shortfuse","hermit:FullyLoaded"],"picked":"hermit:ItchyTrigger","floor":2},{"not_picked":["hermit:CursedWeapon","hermit:Snipe"],"picked":"hermit:BigShot","floor":6},{"not_picked":["hermit:Spite","hermit:LowProfile"],"picked":"hermit:TrackingShot","floor":7},{"not_picked":["hermit:Cheat","hermit:LuckOfTheDraw"],"picked":"hermit:Quickdraw","floor":11},{"not_picked":["hermit:Cheat","hermit:HoleUp"],"picked":"hermit:Dive","floor":13},{"not_picked":["hermit:Spite","hermit:FullyLoaded"],"picked":"hermit:BlackWind","floor":14}],"player_experience":319748,"relics_obtained":[{"floor":6,"key":"Ornamental Fan"},{"floor":9,"key":"Akabeko"},{"floor":14,"key":"hermit:RyeStalk"}],"event_choices":[{"damage_healed":0,"gold_gain":63,"player_choice":"Gained Gold","damage_taken":0,"max_hp_gain":0,"max_hp_loss":0,"event_name":"Golden Wing","floor":3,"gold_loss":0},{"damage_healed":0,"gold_gain":0,"player_choice":"Success","damage_taken":7,"relics_obtained":["Bronze Scales"],"max_hp_gain":0,"max_hp_loss":0,"event_name":"Scrap Ooze","floor":4,"gold_loss":0},{"damage_healed":0,"gold_gain":275,"player_choice":"Desecrate","damage_taken":0,"max_hp_gain":0,"max_hp_loss":0,"event_name":"Golden Shrine","floor":5,"gold_loss":0,"cards_obtained":["Regret"]}],"is_beta":false,"boss_relics":[],"items_purged_floors":[],"is_endless":false,"potions_floor_spawned":[1,6],"killed_by":"The Guardian","ascension_level":0}}