{"host":"zk6vb2npgw3pu6j2","time":1613489511,"event":{"mods":["Act Like it!","Aspiration","Bard","BaseMod","Beaked The Cultist","Bestiary","Better Note","Better Sensory Stone","CapriCore","Conspire","Downfall","Friendly Minions","Gensokyo","GifTheSpireLib","Hermit","Hubris","Koishi","Marisa????????","Marked Mod","Minty Spire (QoL Compilation)","Quarter Circle Forward PUNCH!","Reimu??????","Reliquary","Replay The Spire","Retaliation","Ruina","StSLib","The Administrix","The Alterego","The Blue Laboratory","The Bug Knight","The Construct","The Exalted","The Hierophant","The Immortal","The Marked","The Runesmith","The Senshi","The Servant 0.9.4","The Wild Card","TheVacant","Wandering Minibosses","yUi"],"gold_per_floor":[112,124,63,74,74,74,108,108,131,157,174,190,202,219,219,315,315,384,398,410,429,445,471,471,484,509,540,540,566,566,613,613,711,711,724,120,130,147,157,157,210,210,262,296,296,336,336,354,354,354,354,354,136,168,168],"floor_reached":56,"language":"ENG","playtime":4953,"items_purged":["hermit:Defend_Hermit"],"score":1280,"play_id":"ded9b630-22e2-4d80-bb02-ba11c79fe6e4","local_time":"20210216103151","is_ascension_mode":false,"campfire_choices":[{"data":"hermit:CursedWeapon","floor":6,"key":"SMITH"},{"floor":8,"key":"REST"},{"data":"hermit:Combo","floor":24,"key":"SMITH"},{"data":"hermit:DeadMansHand","floor":28,"key":"SMITH"},{"data":"hermit:Cheat","floor":32,"key":"SMITH"},{"floor":40,"key":"RECALL"},{"data":"hermit:FatalDesire","floor":42,"key":"SMITH"},{"data":"hermit:Magnum","floor":45,"key":"SMITH"},{"data":"bard:DeathMetal","floor":49,"key":"SMITH"},{"data":"hermit:Snipe","floor":52,"key":"SMITH"}],"circlet_count":0,"master_deck":["hermit:Strike_Hermit","hermit:Strike_Hermit","hermit:Strike_Hermit","hermit:Defend_Hermit","hermit:Defend_Hermit","hermit:Defend_Hermit","hermit:Snapshot","hermit:Covet","hermit:Feint","hermit:CursedWeapon+1","hermit:Cheat+1","hermit:Dive","hermit:Combo+1","hermit:WideOpen","hermit:Dive","hermit:DeadMansHand+1","hermit:CalledShot","Doubt","hermit:FatalDesire+1","hermit:GhostlyPresence","bard:ViciousMockery","hermit:Snipe+1","hermit:Quickdraw","hermit:Desperado+1","hermit:TakeAim+1","bard:Accelerando","hermit:Magnum+1","bard:LingeringEcho+1","bard:DeathMetal+1","bard:HideousLaughter+1"],"relics":["hermit:Momento","aspiration:Nostalgia","beaked:MendingPlumage","theSenshi:SailorFukuRelic","hubris:Towel","HollowMod:LifeEnderRelic","PreservedInsect","ReplayTheSpireMod:TigerMarble","aspiration:BardSkillbook","Runesmith:Nanobots","qcfpunch:Not_Strongest_Fighting_Style_Guidebook","Lantern","Bromod:ArcaneTempo","hubris:VirtuousBlindfold","construct:BoolHorns","conspire:TreasureMap","Orichalcum","Torii","Replay:Rubber Ducky","Replay:Baseball","Mastiff:ReiMu"],"acts_visited":["Exordium","ruina:Briah","TheBeyond","TheEnding"],"potions_floor_usage":[16,16,33,55,55,55],"damage_taken":[{"damage":0,"enemies":"2 Louse","floor":1,"turns":3},{"damage":1,"enemies":"Cultist","floor":2,"turns":4},{"damage":2,"enemies":"Jaw Worm","floor":4,"turns":3},{"damage":62,"enemies":"Lagavulin","floor":7,"turns":10},{"damage":28,"enemies":"3 Sentries","floor":10,"turns":18},{"damage":11,"enemies":"Looter","floor":11,"turns":4},{"damage":14,"enemies":"Blue Slaver","floor":12,"turns":2},{"damage":12,"enemies":"Gremlin Gang","floor":13,"turns":5},{"damage":3,"enemies":"Lots of Slimes","floor":14,"turns":3},{"damage":133,"enemies":"Slime Boss","floor":16,"turns":26},{"damage":64,"enemies":"ruina:BadWolf","floor":18,"turns":8},{"damage":29,"enemies":"ruina:Nosferatu","floor":19,"turns":8},{"damage":5,"enemies":"ruina:QueenOfHate","floor":20,"turns":5},{"damage":14,"enemies":"ruina:KingOfGreed","floor":21,"turns":6},{"damage":18,"enemies":"ruina:Woodsman","floor":22,"turns":5},{"damage":2,"enemies":"ruina:ServantOfWrath","floor":23,"turns":5},{"damage":2,"enemies":"ruina:QueenOfHate","floor":25,"turns":2},{"damage":15,"enemies":"ruina:Mountain","floor":27,"turns":6},{"damage":2,"enemies":"ruina:ServantOfWrath","floor":29,"turns":2},{"damage":17,"enemies":"ruina:KnightOfDespair","floor":31,"turns":5},{"damage":48,"enemies":"ruina:Red_and_Wolf","floor":33,"turns":10},{"damage":18,"enemies":"3 Darklings","floor":35,"turns":7},{"damage":1,"enemies":"Orb Walker","floor":37,"turns":2},{"damage":2,"enemies":"4 Shapes","floor":38,"turns":2},{"damage":7,"enemies":"Writhing Mass","floor":39,"turns":4},{"damage":27,"enemies":"2 Orb Walkers","floor":41,"turns":4},{"damage":2,"enemies":"Giant Head","floor":44,"turns":2},{"damage":23,"enemies":"Transient","floor":46,"turns":5},{"damage":3,"enemies":"Sphere and 2 Shapes","floor":48,"turns":3},{"damage":43,"enemies":"Time Eater","floor":50,"turns":9},{"damage":46,"enemies":"Shield and Spear","floor":54,"turns":4},{"damage":70,"enemies":"The Heart","floor":55,"turns":9}],"seed_played":"229592481265878611","potions_obtained":[{"floor":4,"key":"blueLaboratory:PolymorphPotion"},{"floor":7,"key":"DDmod:CleansePotion"},{"floor":10,"key":"sneckomod:MuddlingPotion"},{"floor":18,"key":"blueLaboratory:LouseDecoction"},{"floor":20,"key":"bronze:BurnAndBuffPotion"},{"floor":35,"key":"SpeedPotion"},{"floor":44,"key":"LifebloodPotion"}],"is_trial":false,"path_per_floor":["M","M","?","M","?","R","E","R","T","E","M","M","M","M","R","B",null,"M","M","M","M","M","E","R","M","T","E","R","E","?","M","R","B",null,"M","$","M","M","M","R","?","R","T","E","R","M","?","M","R","B",null,"R","$","E","B",null],"character_chosen":"HERMIT","items_purchased":["construct:BoolHorns","conspire:TreasureMap","Orichalcum","Replay:Baseball"],"campfire_rested":1,"item_purchase_floors":[36,36,36,53],"current_hp_per_floor":[75,75,75,75,75,75,41,63,63,75,69,62,72,75,75,20,75,38,39,55,64,64,75,75,73,73,73,73,73,75,66,66,65,75,75,75,75,73,72,72,60,60,60,74,74,54,54,69,69,54,75,75,75,44,33],"gold":168,"neow_bonus":"NOSTALGIA","is_daily":false,"chose_seed":false,"campfire_upgraded":8,"win_rate":0.0,"timestamp":1613489511,"path_taken":["M","M","?","?","?","R","E","R","T","E","M","M","M","M","R","BOSS","M","?","M","M","?","E","R","?","T","E","R","E","?","M","R","BOSS","M","?","M","M","M","R","?","R","T","E","R","M","?","?","R","BOSS","R","$","E","BOSS"],"items_purchased_type":["Relic","Relic","Relic","Relic"],"build_version":"2020-12-22","purchased_purges":1,"victory":true,"max_hp_per_floor":[75,75,75,75,75,75,75,75,75,75,75,75,75,75,75,75,75,75,75,75,75,75,75,75,75,75,75,75,75,75,75,75,75,75,75,75,75,75,75,75,75,75,75,75,75,75,75,75,75,75,75,75,75,75,75],"card_choices":[{"not_picked":["hermit:LowProfile","hermit:FlashPowder"],"picked":"hermit:Feint","floor":1},{"not_picked":["hermit:Snipe","hermit:Spite"],"picked":"hermit:CursedWeapon","floor":2},{"not_picked":["hermit:Feint","hermit:Coalescence"],"picked":"hermit:Cheat","floor":4},{"not_picked":["hermit:Spite","hermit:Manifest"],"picked":"hermit:Dive","floor":7},{"not_picked":["hermit:CalledShot","hermit:Virtue"],"picked":"hermit:Combo","floor":10},{"not_picked":["hermit:HighCaliber","hermit:Roulette"],"picked":"hermit:WideOpen","floor":11},{"not_picked":["hermit:BodyArmor","hermit:FinalCanter"],"picked":"hermit:Dive","floor":12},{"not_picked":["hermit:HoleUp","hermit:Showdown"],"picked":"hermit:DeadMansHand","floor":13},{"not_picked":["hermit:Shortfuse","hermit:Glare"],"picked":"hermit:CalledShot","floor":14},{"not_picked":["hermit:OverwhelmingPower","hermit:HighNoon"],"picked":"hermit:FatalDesire","floor":16},{"not_picked":["bard:InspiringSong+1","hermit:Desperado","hermit:Showdown+1"],"picked":"hermit:GhostlyPresence","floor":18},{"not_picked":["bard:Parry","bard:FaerieFire+1","hermit:SprayPray"],"picked":"bard:ViciousMockery","floor":19},{"not_picked":["bard:QuickSong+1","hermit:Manifest+1","bard:StudiedStrike"],"picked":"hermit:Snipe","floor":20},{"not_picked":["bard:Balestra","bard:Fermata+1","hermit:HighCaliber"],"picked":"hermit:Quickdraw","floor":21},{"not_picked":["bard:Shout","hermit:Feint","bard:Thunderwave"],"picked":"hermit:Desperado+1","floor":22},{"not_picked":["bard:GuardPoint","hermit:Glare","hermit:WideOpen"],"picked":"hermit:TakeAim+1","floor":23},{"not_picked":["bard:Solo+1","bard:ThickOfTheFight","bard:Doot"],"picked":"bard:Accelerando","floor":25},{"not_picked":["hermit:FullyLoaded","hermit:ItchyTrigger","bard:DervishDance","bard:LingeringEcho"],"picked":"SKIP","floor":27},{"not_picked":["hermit:LowProfile","hermit:SprayPray","hermit:GoldenBullet","bard:Aphasia"],"picked":"SKIP","floor":29},{"not_picked":["bard:Haste","bard:Fermata","hermit:HoleUp","bard:Thunderwave"],"picked":"SKIP","floor":31},{"not_picked":["bard:Focused","hermit:HeroicBravado","hermit:Purgatory"],"picked":"hermit:Magnum","floor":33},{"not_picked":["bard:Doot+1","hermit:Showdown+1","hermit:Misfire+1"],"picked":"bard:LingeringEcho+1","floor":35},{"not_picked":["hermit:CalledShot","bard:Fermata+1","hermit:Coalescence+1","hermit:HoleUp+1"],"picked":"SKIP","floor":37},{"not_picked":["bard:QuickSong+1","bard:Thunderwave","bard:Haste","hermit:Desperado+1"],"picked":"SKIP","floor":38},{"not_picked":["hermit:LoneWolf","hermit:Coalescence","bard:Balestra","hermit:SprayPray"],"picked":"SKIP","floor":39},{"not_picked":["hermit:Gestalt","hermit:Feint+1","bard:ThickOfTheFight+1"],"picked":"bard:DeathMetal","floor":44},{"not_picked":["bard:EchoEcho+1","hermit:Showdown+1","hermit:CalledShot","bard:QuickSong"],"picked":"SKIP","floor":46},{"not_picked":["hermit:Maintenance+1","hermit:Roulette+1","hermit:FlashPowder+1"],"picked":"bard:HideousLaughter+1","floor":48},{"not_picked":["hermit:SprayPray+1","hermit:Headshot+1","bard:CuttingWords","hermit:HighCaliber"],"picked":"SKIP","floor":54}],"player_experience":297136,"relics_obtained":[{"floor":7,"key":"HollowMod:LifeEnderRelic"},{"floor":9,"key":"PreservedInsect"},{"floor":10,"key":"ReplayTheSpireMod:TigerMarble"},{"floor":23,"key":"Runesmith:Nanobots"},{"floor":26,"key":"qcfpunch:Not_Strongest_Fighting_Style_Guidebook"},{"floor":27,"key":"Lantern"},{"floor":29,"key":"Bromod:ArcaneTempo"},{"floor":41,"key":"Torii"},{"floor":44,"key":"Replay:Rubber Ducky"},{"floor":54,"key":"Mastiff:ReiMu"}],"event_choices":[{"damage_healed":0,"gold_gain":0,"player_choice":"Paid Gold","damage_taken":0,"relics_obtained":["theSenshi:SailorFukuRelic"],"max_hp_gain":0,"max_hp_loss":0,"event_name":"WeMeetAgain","floor":3,"gold_loss":61},{"damage_healed":0,"gold_gain":0,"player_choice":"Fight","damage_taken":0,"max_hp_gain":0,"max_hp_loss":0,"event_name":"Mysterious Sphere","floor":41,"gold_loss":0},{"cards_removed":["hermit:Strike_Hermit"],"damage_healed":0,"gold_gain":0,"player_choice":"Card Removal","damage_taken":0,"max_hp_gain":0,"max_hp_loss":0,"event_name":"Wheel of Change","floor":47,"gold_loss":0}],"is_beta":false,"boss_relics":[{"not_picked":["beaked:MawFillet","Runesmith:UraniumAnvil"],"picked":"aspiration:BardSkillbook"},{"not_picked":["ReplayTheSpireMod:DimensionalGlitch","reliquary:KinkedSpring"],"picked":"hubris:VirtuousBlindfold"}],"items_purged_floors":[53],"is_endless":false,"potions_floor_spawned":[4,7,10,12,18,20,27,29,35,41,44,46],"ascension_level":0}}