{"host":"v3uiz0f6o9fje2a8","time":1613514495,"event":{"mods":["AchievementEnabler","Act Like it!","BaseMod","Block Reminder","Colored Map","Colored Powertips","Downfall","Infinite Spire","Jorbs\u0027s Wanderer Trilogy","Minty Spire (QoL Compilation)","Rare Cards Sparkle","Robot Space Explorer","StSLib","The Hierophant","The Marked","The Runesmith"],"gold_per_floor":[116,37,337,349,124,152,327,100,127,137,152,163,90,104,104,202,202,217,237,237,247,247,247],"floor_reached":22,"language":"ENG","playtime":879,"items_purged":[],"score":188,"play_id":"690e03fd-71b7-4fc8-86fc-03cdd7ec3e8e","local_time":"20210216222815","is_ascension_mode":false,"campfire_choices":[{"floor":15,"key":"REST"}],"circlet_count":0,"master_deck":["Strike_B","Strike_B","Strike_B","Defend_B","Defend_B","Defend_B","Zap","Dualcast","Storm","Loop","Rebound","Self Repair","Defragment","Defragment","Tempest","Amplify","Compile Driver","Loop","Tempest","Creative AI","Auto Shields","Fusion+1","Creative AI+1","Capacitor+1","downfall:Aged","infinitespire:UltimateForm","Capacitor"],"relics":["Cracked Core","Old Coin","TheAbacus","Oddly Smooth Stone","Blood Vial","Ancient Tea Set","SlaversCollar","infinitespire:EmpoweringShard","Astrolabe"],"acts_visited":["Exordium","TheCity"],"potions_floor_usage":[6,14,16,19],"damage_taken":[{"damage":6,"enemies":"Cultist","floor":1,"turns":3},{"damage":6,"enemies":"Jaw Worm","floor":4,"turns":3},{"damage":28,"enemies":"Gremlin Nob","floor":6,"turns":4},{"damage":8,"enemies":"Small Slimes","floor":10,"turns":3},{"damage":10,"enemies":"Looter","floor":11,"turns":2},{"damage":36,"enemies":"Exordium Thugs","floor":12,"turns":4},{"damage":7,"enemies":"Blue Slaver","floor":14,"turns":2},{"damage":10,"enemies":"Slime Boss","floor":16,"turns":8},{"damage":10,"enemies":"Chosen","floor":18,"turns":4},{"damage":26,"enemies":"Spheric Guardian","floor":19,"turns":4},{"damage":33,"enemies":"Snake Plant","floor":21,"turns":5},{"damage":34,"enemies":"Masked Bandits","floor":22,"turns":2}],"seed_played":"5321945848666382003","potions_obtained":[{"floor":4,"key":"Regen Potion"},{"floor":10,"key":"sneckomod:MuddlingPotion"},{"floor":11,"key":"GamblersBrew"},{"floor":12,"key":"Explosive Potion"}],"is_trial":false,"path_per_floor":["M","$","T","M","$","E","?","$","T","M","M","M","$","M","R","B",null,"M","M","AVR","M","?"],"character_chosen":"DEFECT","items_purchased":["Loop","Self Repair","TheAbacus","Defragment","Blood Vial","Loop"],"campfire_rested":1,"item_purchase_floors":[2,5,5,8,8,13],"current_hp_per_floor":[76,76,76,70,70,54,54,54,54,55,47,13,13,15,39,38,82,79,55,55,31,0,0],"gold":247,"neow_bonus":"TEN_PERCENT_HP_BONUS","is_daily":false,"chose_seed":false,"campfire_upgraded":0,"win_rate":0.0,"timestamp":1613514495,"path_taken":["M","$","?","M","$","E","?","?","T","?","M","M","?","?","R","BOSS","M","M","AVR","M","?"],"items_purchased_type":["Card","Card","Relic","Card","Relic","Card"],"build_version":"2020-12-22","purchased_purges":0,"victory":false,"max_hp_per_floor":[82,82,82,82,82,82,82,82,82,82,82,82,82,82,82,82,82,82,82,82,82,82,82],"card_choices":[{"not_picked":["Streamline","Beam Cell"],"picked":"Storm","floor":1},{"not_picked":["Double Energy","Steam"],"picked":"Rebound","floor":4},{"not_picked":["Darkness","Go for the Eyes"],"picked":"Defragment","floor":6},{"not_picked":["Streamline","Redo"],"picked":"Tempest","floor":10},{"not_picked":["Ball Lightning","Compile Driver"],"picked":"Amplify","floor":11},{"not_picked":["Reprogram","Conserve Battery"],"picked":"Compile Driver","floor":12},{"not_picked":["Turbo","Hologram"],"picked":"Tempest","floor":14},{"not_picked":["Biased Cognition","Buffer"],"picked":"Creative AI","floor":16},{"not_picked":["Gash+1","Barrage+1"],"picked":"Auto Shields","floor":18},{"not_picked":["Conserve Battery+1","Compile Driver"],"picked":"Fusion+1","floor":19},{"not_picked":["Double Energy","Barrage"],"picked":"Capacitor","floor":21}],"player_experience":69768,"relics_obtained":[{"floor":3,"key":"Old Coin"},{"floor":6,"key":"Oddly Smooth Stone"},{"floor":9,"key":"Ancient Tea Set"}],"event_choices":[{"damage_healed":0,"gold_gain":175,"player_choice":"AGREE","damage_taken":0,"max_hp_gain":0,"max_hp_loss":0,"event_name":"Liars Game","floor":7,"gold_loss":0,"cards_obtained":["Doubt"]},{"damage_healed":0,"gold_gain":0,"player_choice":"Fought Bandits","damage_taken":0,"max_hp_gain":0,"max_hp_loss":0,"event_name":"Masked Bandits","floor":22,"gold_loss":0}],"is_beta":false,"boss_relics":[{"not_picked":["FrozenCore","Philosopher\u0027s Stone"],"picked":"SlaversCollar"}],"items_purged_floors":[],"is_endless":false,"potions_floor_spawned":[4,10,11,12],"killed_by":"Masked Bandits","ascension_level":0}}