{"host":"yml0ux6c8lqydjlc","time":1613495142,"event":{"mods":["Aspiration","BaseMod","Conspire","Downfall","Hermit","Jedi Mod","Minty Spire (QoL Compilation)","Robot Space Explorer","StSLib"],"gold_per_floor":[109,122,68,80,90,90,166,166,166,166,185,205,221,221,221,342,342,356,42,42,56,11,11,11,11,11,36,36,36,61,74,74,203,203,223,223,223,248,248,248,264,264,287,287,287,287],"floor_reached":45,"language":"ENG","playtime":2265,"items_purged":["Strike_R"],"score":403,"play_id":"23d3dbb1-cf14-4392-ae94-8a31c0d910fd","local_time":"20210216120542","is_ascension_mode":false,"campfire_choices":[{"data":"Anger","floor":6,"key":"SMITH"},{"data":"Clash","floor":8,"key":"SMITH"},{"data":"Rampage","floor":15,"key":"SMITH"},{"data":"Flex","floor":23,"key":"SMITH"},{"floor":25,"key":"REST"},{"data":"Armaments","floor":29,"key":"SMITH"},{"floor":32,"key":"REST"},{"floor":40,"key":"REST"},{"floor":42,"key":"REST"},{"data":"Iron Wave","floor":44,"key":"SMITH"}],"circlet_count":0,"master_deck":["Strike_R","Strike_R","Defend_R","Defend_R","Defend_R","Defend_R","Bash","Hemokinesis","Clash+1","Anger+1","Flex+1","Iron Wave+1","Uppercut","Rampage+1","Juggernaut","Necronomicurse","Clash+1","Armaments+1","Rampage+1","Warcry+1","Limit Break","conspire:Charge+1","jedi:forcepull","Writhe","Parasite","Shrug It Off+1"],"relics":["Burning Blood","Meat on the Bone","Golden Idol","SlaversCollar","Bottled Lightning","Necronomicon","aspiration:StickyExplosives_weak","Lantern","Blood Vial"],"acts_visited":["Exordium","TheCity","TheBeyond"],"potions_floor_usage":[16,16,16,33,41],"damage_taken":[{"damage":2,"enemies":"Small Slimes","floor":1,"turns":4},{"damage":0,"enemies":"conspire:RoseBush","floor":2,"turns":5},{"damage":2,"enemies":"2 Louse","floor":4,"turns":1},{"damage":2,"enemies":"2 Fungi Beasts","floor":5,"turns":3},{"damage":13,"enemies":"Gremlin Gang","floor":11,"turns":4},{"damage":4,"enemies":"Blue Slaver","floor":12,"turns":2},{"damage":2,"enemies":"3 Louse","floor":13,"turns":3},{"damage":55,"enemies":"The Guardian","floor":16,"turns":8},{"damage":7,"enemies":"3 Byrds","floor":18,"turns":5},{"damage":7,"enemies":"Spheric Guardian","floor":21,"turns":3},{"damage":16,"enemies":"Snake Plant","floor":27,"turns":2},{"damage":21,"enemies":"conspire:HollyBat","floor":31,"turns":9},{"damage":79,"enemies":"Collector","floor":33,"turns":8},{"damage":78,"enemies":"3 Darklings","floor":35,"turns":5},{"damage":10,"enemies":"Orb Walker","floor":38,"turns":3},{"damage":60,"enemies":"Writhing Mass","floor":41,"turns":7},{"damage":67,"enemies":"Maw","floor":45,"turns":8}],"seed_played":"-608976285608817886","potions_obtained":[{"floor":1,"key":"Energy Potion"},{"floor":4,"key":"Block Potion"},{"floor":13,"key":"ColorlessPotion"},{"floor":18,"key":"PowerPotion"},{"floor":38,"key":"conspire:TimeTravelPotion"},{"floor":41,"key":"EntropicBrew"}],"is_trial":false,"path_per_floor":["M","M","$","M","M","R","?","R","T","?","M","M","M","?","R","B",null,"M","$","?","M","$","R","?","R","T","M","?","R","T","M","R","B",null,"M","?","?","M","?","R","M","R","T","R","M"],"character_chosen":"IRONCLAD","items_purchased":["Clash","Bottled Lightning","Armaments"],"campfire_rested":4,"item_purchase_floors":[3,19,22],"current_hp_per_floor":[88,88,88,88,88,88,88,88,88,88,81,83,87,81,81,44,81,80,80,64,63,63,63,63,81,81,71,71,71,71,56,80,19,81,21,21,21,29,49,73,36,60,60,60,0,0],"gold":287,"neow_bonus":"TEN_PERCENT_HP_BONUS","is_daily":false,"chose_seed":false,"campfire_upgraded":6,"win_rate":0.0,"timestamp":1613495142,"path_taken":["M","M","$","M","M","R","?","R","T","?","M","M","M","?","R","BOSS","M","$","?","M","$","R","?","R","T","?","?","R","?","M","R","BOSS","M","?","?","M","?","R","M","R","T","R","M"],"items_purchased_type":["Card","Relic","Card"],"build_version":"2020-12-22","purchased_purges":1,"victory":false,"max_hp_per_floor":[88,88,88,88,88,88,88,88,88,88,88,88,88,81,81,81,81,81,81,81,81,81,81,81,81,81,81,81,81,81,81,81,81,81,81,81,81,81,81,81,81,81,81,81,81,81],"card_choices":[{"not_picked":["Disarm","Body Slam","True Grit"],"picked":"SKIP","floor":1},{"not_picked":["Cleave","Body Slam"],"picked":"Hemokinesis","floor":2},{"not_picked":["Perfected Strike","Body Slam"],"picked":"Anger","floor":4},{"not_picked":["Uppercut","Dropkick"],"picked":"Flex","floor":5},{"not_picked":["jedi:fear","Burning Pact"],"picked":"Iron Wave","floor":11},{"not_picked":["Iron Wave","Clash"],"picked":"Uppercut","floor":12},{"not_picked":["Shrug It Off","jedi:controlledanger"],"picked":"Rampage","floor":13},{"not_picked":["jedi:bloodyhammer","jedi:strikingstrike"],"picked":"Juggernaut","floor":16},{"not_picked":["Power Through","jedi:fear","Spot Weakness"],"picked":"SKIP","floor":18},{"not_picked":["Perfected Strike","Uppercut+1"],"picked":"Clash+1","floor":21},{"not_picked":["Hemokinesis","Anger"],"picked":"Warcry+1","floor":27},{"not_picked":["Dropkick","Carnage","Power Through"],"picked":"SKIP","floor":31},{"not_picked":["Offering","conspire:HitWhereItHurts"],"picked":"Limit Break","floor":33},{"not_picked":["Body Slam","Ghostly Armor+1"],"picked":"conspire:Charge+1","floor":35},{"not_picked":["Dark Shackles","Good Instincts"],"picked":"jedi:forcepull","floor":36},{"not_picked":["Hemokinesis+1","Uppercut","Wild Strike+1"],"picked":"SKIP","floor":38},{"not_picked":["Dual Wield+1","Flex+1"],"picked":"Shrug It Off+1","floor":41}],"player_experience":96664,"relics_obtained":[{"floor":9,"key":"Meat on the Bone"},{"floor":20,"key":"Necronomicon"},{"floor":26,"key":"aspiration:StickyExplosives_weak"},{"floor":30,"key":"Lantern"},{"floor":43,"key":"Blood Vial"}],"event_choices":[{"damage_healed":0,"gold_gain":76,"player_choice":"Gained Gold","damage_taken":0,"max_hp_gain":0,"max_hp_loss":0,"event_name":"Golden Wing","floor":7,"gold_loss":0},{"cards_removed":["Strike_R"],"damage_healed":0,"gold_gain":0,"player_choice":"Forget","damage_taken":0,"max_hp_gain":0,"max_hp_loss":0,"event_name":"Living Wall","floor":10,"gold_loss":0},{"damage_healed":0,"gold_gain":0,"player_choice":"Lose Max HP","damage_taken":0,"relics_obtained":["Golden Idol"],"max_hp_gain":0,"max_hp_loss":7,"event_name":"Golden Idol","floor":14,"gold_loss":0},{"damage_healed":0,"gold_gain":0,"player_choice":"Obtained Book","damage_taken":16,"max_hp_gain":0,"max_hp_loss":0,"event_name":"Cursed Tome","floor":20,"gold_loss":0},{"damage_healed":0,"gold_gain":0,"player_choice":"Copied","damage_taken":0,"max_hp_gain":0,"max_hp_loss":0,"event_name":"Duplicator","floor":24,"gold_loss":0,"cards_obtained":["Rampage"]},{"damage_healed":0,"gold_gain":0,"player_choice":"Leave","damage_taken":0,"max_hp_gain":0,"max_hp_loss":0,"event_name":"conspire:Investor","floor":28,"gold_loss":0},{"damage_healed":0,"gold_gain":0,"player_choice":"Memory 1","damage_taken":0,"max_hp_gain":0,"max_hp_loss":0,"event_name":"SensoryStone","floor":36,"gold_loss":0},{"cards_removed":["Strike_R"],"damage_healed":0,"gold_gain":0,"player_choice":"Removed Attack","damage_taken":0,"max_hp_gain":0,"max_hp_loss":0,"event_name":"Falling","floor":37,"gold_loss":0},{"damage_healed":20,"gold_gain":0,"player_choice":"Writhe","damage_taken":0,"max_hp_gain":0,"max_hp_loss":0,"event_name":"Winding Halls","floor":39,"gold_loss":0,"cards_obtained":["Writhe"]}],"is_beta":false,"boss_relics":[{"not_picked":["aspiration:FutureDiary","Astrolabe"],"picked":"SlaversCollar"},{"not_picked":["Calling Bell","Coffee Dripper","conspire:SeveredTorchhead"]}],"items_purged_floors":[19],"is_endless":false,"potions_floor_spawned":[1,4,13,18,38,41],"killed_by":"Maw","ascension_level":0}}