{"host":"sl16z9iy022tq7s2","time":1613488503,"event":{"mods":["100% Spire Juice","ATMod(阿瑾Mod)","BaseMod","Colored Powertips","Googly Eyes","KinomotoSakuraMod(木之本樱)","Marisa（F雨　魔理沙）","Minty Spire (QoL Compilation)","Prisma Mod","Quick Restart","Remilia（蕾米莉亚）","Replay The Spire","StSLib","TestMod","The Animator","The Servant 0.9.4","WarShipGirlsR/战舰少女R mod","Yuyuko","【遗物卡牌】REMEMod"],"gold_per_floor":[109,284,186,111,128,159,181,191,238,93,109,133,9,0,0,101,101,117,391,415,430,209,258,258,292,316,316,715,776,316,340,340,466,490,505,527,527,581,618,706,509,579,628,652,677,700,700,728,728,749],"floor_reached":51,"language":"ZHS","playtime":4021,"items_purged":["Doubt","Regret","animator:Strike_Elsword","animator:Defend_TenSura"],"score":1318,"play_id":"94bd6f72-dcdd-4d67-bb46-e0152ada2a23","local_time":"20210216231503","is_ascension_mode":true,"campfire_choices":[{"data":"AT_FamilyPortrait","floor":15.0,"key":"SMITH"},{"data":"animator:SakuraMatou","floor":24.0,"key":"SMITH"},{"data":"animator:Gilgamesh+1","floor":27.0,"key":"SMITH"},{"data":"animator:Gilgamesh+4","floor":32.0,"key":"SMITH"},{"data":"animator:Gilgamesh+12","floor":47,"key":"SMITH"},{"data":"animator:Gilgamesh+13","floor":49,"key":"SMITH"}],"circlet_count":0,"master_deck":["animator:Strike_Fate+1","animator:Defend_Fate+1","animator:Alexander+1","animator:Rider+1","AT_FamilyPortrait+1","testmod-FightingIntention+1","animator:Strike_NoGameNoLife+1","animator:Defend_FullmetalAlchemist+1","animator:Defend_Fate+1","animator:HigakiRinne+1","animator:SakuraMatou+1","animator:LeleiLaLalena+1","animator:Add+1","animator:Ainz+1","animator:ShinjiMatou+1","animator:Hans+1","animator:MumenRider+1","animator:Geryuganshoop+1","animator:OrikoMikuni+1","animator:EmiyaShirou+1","animator:Gilgamesh+14","animator:Saitama+1","animator:Emilia+1","Pain","animator:Shiro+1","animator:AcuraTooru+1","animator:Saber+1","animator:OrikoMikuni+1","animator:Verdia+1","animator:Archer","animator:IzunaHatsuse+1"],"relics":["animator:LivingPicture","animator:TheMissingPiece","REME_ComplimentaryCards","AT_ATBox","animator:PurgingStone","testmod-AscensionHeart","NeowsBlessing","FossilizedHelix","Happy Flower","testmod-Charity","Orichalcum","animator:CerealBox","testmod-DeterminationOfClimber","Potion Belt","Lantern","testmod-Déjàvu","Ginger","Runic Capacitor","WarpedTongs","Busted Crown","AT_GoldPhoenixTree","Pet Ghost","Snack Pack","AT_ArchangelStaff","Mark of the Bloom"],"acts_visited":["Exordium","TheCity","TheBeyond"],"potions_floor_usage":[45,50,50,50,50],"damage_taken":[{"damage":0.0,"enemies":"Jaw Worm","floor":1.0,"turns":1.0},{"damage":0.0,"enemies":"Small Slimes","floor":5.0,"turns":1.0},{"damage":0.0,"enemies":"Lagavulin","floor":6.0,"turns":1.0},{"damage":0.0,"enemies":"Cultist","floor":7.0,"turns":4.0},{"damage":0.0,"enemies":"3 Louse","floor":8.0,"turns":4.0},{"damage":4.0,"enemies":"Exordium Wildlife","floor":11.0,"turns":4.0},{"damage":13.0,"enemies":"3 Sentries","floor":12.0,"turns":8.0},{"damage":2.0,"enemies":"Looter","floor":14.0,"turns":4.0},{"damage":43.0,"enemies":"Slime Boss","floor":16.0,"turns":14.0},{"damage":6.0,"enemies":"Chosen","floor":18.0,"turns":4.0},{"damage":15.0,"enemies":"Shell Parasite","floor":20.0,"turns":4.0},{"damage":26.0,"enemies":"Shelled Parasite and Fungi","floor":21.0,"turns":6.0},{"damage":6.0,"enemies":"Book of Stabbing","floor":23.0,"turns":4.0},{"damage":0.0,"enemies":"Replay:Snechameleon","floor":25.0,"turns":5.0},{"damage":0.0,"enemies":"animator:HornedBat","floor":29.0,"turns":3.0},{"damage":3.0,"enemies":"Collector","floor":33.0,"turns":4.0},{"damage":9,"enemies":"3 Shapes","floor":35,"turns":3},{"damage":8,"enemies":"Orb Walker","floor":36,"turns":3},{"damage":43,"enemies":"Transient","floor":39,"turns":3},{"damage":36,"enemies":"Giant Head","floor":40,"turns":3},{"damage":46,"enemies":"Reptomancer","floor":42,"turns":2},{"damage":21,"enemies":"Writhing Mass","floor":45,"turns":1},{"damage":25,"enemies":"Jaw Worm Horde","floor":46,"turns":2},{"damage":3,"enemies":"3 Darklings","floor":48,"turns":3},{"damage":15,"enemies":"Awakened One","floor":50,"turns":2}],"seed_played":"2153046844544649442","potions_obtained":[{"floor":5.0,"key":"ColorlessPotion"},{"floor":7.0,"key":"ColorlessPotion"},{"floor":11.0,"key":"Adrenaline Potion"},{"floor":16.0,"key":"Block Potion"},{"floor":20.0,"key":"Reflective Coating"},{"floor":21.0,"key":"SneckoOil"},{"floor":23.0,"key":"SneckoOil"},{"floor":33,"key":"Milkshake"},{"floor":42,"key":"Elixir"},{"floor":45,"key":"testmod-SpacePotion"},{"floor":48,"key":"LiquidBronze"}],"is_trial":false,"path_per_floor":["M","?","?","$","M","E","M","M","T","$","M","E","$","M","R","B",null,"M","?","M","M","$","E","R","E","T","R","?","E","$","?","R","B",null,"M","M","?","?","M","E","$","E","T","?","M","M","R","M","R","B",null],"character_chosen":"THE_ANIMATOR","items_purchased":["testmod-Charity","animator:CerealBox","animator:OrikoMikuni","testmod-SpacePotion","Runic Capacitor","animator:Emilia","animator:OrikoMikuni"],"campfire_rested":0,"item_purchase_floors":[10,13,22,22,30,30,41],"current_hp_per_floor":[66,66,66,66,66,66,66,66,66,66,63,51,51,54,54,18,70,80,81,86,85,85,108,108,127,128,128,129,142,142,143,143,162,163,168,179,179,137,182,206,206,210,212,212,191,166,166,163,163,148],"gold":749,"neow_bonus":"THREE_ENEMY_KILL","is_daily":false,"chose_seed":false,"campfire_upgraded":6,"win_rate":0.0,"timestamp":1613488503,"path_taken":["M","?","?","$","M","E","M","M","T","$","M","E","$","M","R","BOSS","M","?","M","?","$","E","R","E","T","R","?","E","?","?","R","BOSS","BOSS","M","M","?","?","M","E","$","E","T","?","M","?","R","M","R","BOSS"],"items_purchased_type":["Relic","Relic","Card","Potion","Relic","Card","Card"],"build_version":"2020-12-22","purchased_purges":4,"victory":true,"max_hp_per_floor":[66,66,66,66,66,66,66,66,66,66,67,68,68,69,69,70,70,80,81,89,99,99,112,112,127,128,128,129,142,142,143,143,162,163,169,179,179,181,212,235,235,254,256,257,270,281,281,291,291,328],"card_choices":[{"not_picked":["animator:ChaikaBohdan","animator:Chris","animator:Shinoa"],"picked":"SKIP","floor":1.0},{"not_picked":["animator:Tatsumaki","animator:Rena","animator:YuiTsuruno"],"picked":"SKIP","floor":5.0},{"not_picked":["animator:PinaCoLada","animator:Albedo"],"picked":"animator:HigakiRinne","floor":6.0},{"not_picked":["animator:Assassin","animator:Alexander"],"picked":"animator:SakuraMatou","floor":7.0},{"not_picked":["animator:PandorasActor","animator:Mikaela"],"picked":"animator:LeleiLaLalena","floor":8.0},{"not_picked":["animator:RinTohsaka","animator:ShinjiMatou"],"picked":"animator:Add","floor":11.0},{"not_picked":["animator:Rider","animator:Rimuru"],"picked":"animator:Ainz","floor":12.0},{"not_picked":["animator:Rider","animator:Assassin"],"picked":"animator:ShinjiMatou","floor":14.0},{"not_picked":["animator:Shizu","animator:PinaCoLada"],"picked":"animator:Hans","floor":16.0},{"not_picked":["animator:Ain","animator:Lancer","animator:Archer"],"picked":"SKIP","floor":18.0},{"not_picked":["animator:DolaCouronne","animator:Hakurou"],"picked":"animator:MumenRider","floor":20.0},{"not_picked":["animator:Berserker","animator:Shigure"],"picked":"animator:Geryuganshoop","floor":21.0},{"not_picked":["animator:Lancer","animator:Assassin"],"picked":"animator:EmiyaShirou","floor":23.0},{"not_picked":["animator:RinTohsaka","animator:Hans"],"picked":"animator:Gilgamesh","floor":25.0},{"not_picked":["animator:Verdia","animator:Guren"],"picked":"animator:Saitama","floor":29.0},{"not_picked":["animator:GoblinSlayer","animator:AcuraShin"],"picked":"animator:Shiro","floor":33},{"not_picked":["animator:DolaCouronne"],"picked":"SKIP","floor":35},{"not_picked":[],"picked":"animator:AcuraTooru+1","floor":39},{"not_picked":[],"picked":"animator:Saber","floor":40},{"not_picked":[],"picked":"animator:Verdia","floor":42},{"not_picked":[],"picked":"animator:Archer","floor":45},{"not_picked":["animator:Vanir"],"picked":"SKIP","floor":46},{"not_picked":[],"picked":"animator:IzunaHatsuse+1","floor":48}],"player_experience":527659,"relics_obtained":[{"floor":6.0,"key":"FossilizedHelix"},{"floor":9.0,"key":"Happy Flower"},{"floor":12.0,"key":"Orichalcum"},{"floor":23.0,"key":"Potion Belt"},{"floor":25.0,"key":"Lantern"},{"floor":26.0,"key":"testmod-Déjàvu"},{"floor":29.0,"key":"Ginger"},{"floor":38,"key":"AT_GoldPhoenixTree"},{"floor":40,"key":"Pet Ghost"},{"floor":42,"key":"Snack Pack"},{"floor":43,"key":"AT_ArchangelStaff"}],"event_choices":[{"damage_healed":0.0,"max_hp_gain":0.0,"max_hp_loss":0.0,"gold_gain":175.0,"event_name":"Liars Game","player_choice":"AGREE","floor":2.0,"gold_loss":0.0,"damage_taken":0.0,"cards_obtained":["Doubt"]},{"damage_healed":0.0,"max_hp_gain":0.0,"max_hp_loss":0.0,"gold_gain":275.0,"event_name":"Golden Shrine","player_choice":"Desecrate","floor":19.0,"gold_loss":0.0,"damage_taken":0.0,"cards_obtained":["Regret"]},{"damage_healed":0.0,"max_hp_gain":0.0,"max_hp_loss":0.0,"gold_gain":400.0,"event_name":"恩洛斯的盘子","player_choice":"Sell","floor":28.0,"relics_lost":["testmod-TestBox"],"gold_loss":0.0,"damage_taken":0.0},{"damage_healed":0.0,"max_hp_gain":0.0,"max_hp_loss":0.0,"gold_gain":0.0,"event_name":"Accursed Blacksmith","player_choice":"Rummage","floor":31.0,"gold_loss":0.0,"damage_taken":0.0,"relics_obtained":["WarpedTongs"],"cards_obtained":["Pain"]},{"cards_removed":["animator:Strike_GoblinSlayer"],"damage_healed":0,"gold_gain":0,"player_choice":"Removed Attack","damage_taken":0,"max_hp_gain":0,"max_hp_loss":0,"event_name":"Falling","floor":37,"gold_loss":0},{"damage_healed":0,"gold_gain":0,"player_choice":"Upgrade","damage_taken":0,"relics_obtained":["Mark of the Bloom"],"max_hp_gain":0,"max_hp_loss":0,"event_name":"MindBloom","floor":44,"gold_loss":0,"cards_upgraded":["animator:Strike_Fate","animator:Defend_Fate","animator:Alexander","animator:Rider","testmod-FightingIntention","animator:Strike_NoGameNoLife","animator:Defend_FullmetalAlchemist","animator:Defend_Fate","animator:HigakiRinne","animator:LeleiLaLalena","animator:Add","animator:Ainz","animator:ShinjiMatou","animator:Hans","animator:MumenRider","animator:Geryuganshoop","animator:OrikoMikuni","animator:EmiyaShirou","animator:Gilgamesh","animator:Saitama","animator:Emilia","animator:Shiro","animator:Saber","animator:OrikoMikuni","animator:Verdia"]}],"is_beta":false,"boss_relics":[{"not_picked":["ChewingGum","Replay:Ancient Bell"],"picked":"testmod-DeterminationOfClimber"},{"not_picked":["testmod-EnergyCheck","testmod-GoldenSoul"],"picked":"Busted Crown"}],"items_purged_floors":[4,22,30,41],"is_endless":false,"potions_floor_spawned":[5,7,11,16,20,21,23,33,40,42,45,48],"ascension_level":4}}