{"host":"6wux4armhsntp4yb","time":1613480080,"event":{"mods":["BaseMod","Colored Map","DeckTracker","Minty Spire (QoL Compilation)","Relic Stats"],"gold_per_floor":[111,186,200,200,219,219,250,250,276,320,420,184,206,246,246,331,331,352,372,393,443,443,443,482,501,501,501,529,529,529,560,560,560,560],"floor_reached":33,"language":"JPN","playtime":1601,"items_purged":["Strike_G"],"score":656,"play_id":"1f4124f6-1853-46c2-a500-e27e855d6220","local_time":"20210216215440","is_ascension_mode":true,"campfire_choices":[{"data":"Bouncing Flask","floor":6.0,"key":"SMITH"},{"data":"Well Laid Plans","floor":8.0,"key":"SMITH"},{"data":"Calculated Gamble","floor":15.0,"key":"SMITH"},{"floor":23,"key":"REST"},{"data":"Caltrops","floor":27,"key":"SMITH"},{"floor":29,"key":"REST"},{"data":"Footwork","floor":32,"key":"SMITH"}],"circlet_count":0,"master_deck":["AscendersBane","Strike_G","Strike_G","Strike_G","Strike_G","Defend_G","Defend_G","Defend_G","Defend_G","Defend_G","Survivor","Neutralize","Well Laid Plans+1","Bouncing Flask+1","Sucker Punch","Caltrops+1","Calculated Gamble+1","PiercingWail","Backflip","Malaise","Predator","Blur","Bane+1","Dagger Spray+1","Footwork+1"],"relics":["Velvet Choker","Bag of Marbles","CeramicFish","Centennial Puzzle","Bronze Scales","Mummified Hand","HoveringKite","Bag of Preparation","Letter Opener"],"acts_visited":["Exordium","TheCity"],"potions_floor_usage":[19,24],"damage_taken":[{"damage":7.0,"enemies":"Small Slimes","floor":1.0,"turns":5.0},{"damage":3.0,"enemies":"2 Louse","floor":3.0,"turns":4.0},{"damage":1.0,"enemies":"Cultist","floor":5.0,"turns":5.0},{"damage":0.0,"enemies":"Lagavulin","floor":7.0,"turns":7.0},{"damage":29.0,"enemies":"3 Sentries","floor":10.0,"turns":8.0},{"damage":9.0,"enemies":"Gremlin Gang","floor":13.0,"turns":4.0},{"damage":17.0,"enemies":"Gremlin Nob","floor":14.0,"turns":4.0},{"damage":2.0,"enemies":"The Guardian","floor":16.0,"turns":8.0},{"damage":11.0,"enemies":"Chosen","floor":18.0,"turns":6.0},{"damage":0,"enemies":"3 Byrds","floor":19,"turns":2},{"damage":14,"enemies":"Snecko","floor":20,"turns":6},{"damage":9,"enemies":"Book of Stabbing","floor":24,"turns":5},{"damage":0,"enemies":"Snake Plant","floor":25,"turns":3},{"damage":16,"enemies":"Cultist and Chosen","floor":28,"turns":7},{"damage":23,"enemies":"Slavers","floor":31,"turns":5},{"damage":21,"enemies":"Collector","floor":33,"turns":3}],"seed_played":"-8090129772232854500","potions_obtained":[{"floor":1.0,"key":"SpeedPotion"},{"floor":3.0,"key":"Block Potion"},{"floor":10.0,"key":"DistilledChaos"},{"floor":13.0,"key":"LiquidBronze"},{"floor":19,"key":"Poison Potion"},{"floor":31,"key":"Weak Potion"}],"is_trial":false,"path_per_floor":["M","?","M","?","M","R","E","R","T","E","?","$","M","E","R","B",null,"M","M","M","?","?","R","E","M","T","R","M","R","?","E","R","B"],"character_chosen":"THE_SILENT","items_purchased":["Bronze Scales"],"campfire_rested":2,"item_purchase_floors":[12],"current_hp_per_floor":[52,41,38,60,59,59,59,59,59,30,30,30,21,4,4,2,50,39,39,25,25,25,44,35,35,35,35,19,38,38,15,15,0,0],"gold":560,"neow_bonus":"BOSS_RELIC","is_daily":false,"chose_seed":false,"campfire_upgraded":5,"win_rate":0.0,"timestamp":1613480080,"path_taken":["M","?","M","?","M","R","E","R","T","E","?","$","?","E","R","BOSS","M","?","M","?","?","R","E","M","T","R","M","R","?","E","R","BOSS"],"items_purchased_type":["Relic"],"build_version":"2020-12-22","purchased_purges":1,"victory":false,"max_hp_per_floor":[66,66,66,66,66,66,66,66,66,66,66,66,66,66,66,66,66,66,66,66,66,66,66,66,66,66,66,66,66,66,66,66,66,66],"relic_stats":{"Centennial Puzzle":[27],"counters":[16,82],"Mummified Hand":[20],"CeramicFish":81,"Bronze Scales":[216],"HoveringKite":[12],"Bag of Preparation":[8],"Letter Opener":[20],"obtain_stats":[{"Centennial Puzzle":10,"Mummified Hand":14,"CeramicFish":9,"Bronze Scales":12,"Velvet Choker":0,"HoveringKite":17,"Bag of Marbles":7,"Bag of Preparation":24,"Letter Opener":31,"Ring of the Snake":0},{"Centennial Puzzle":5,"Mummified Hand":7,"CeramicFish":4,"Bronze Scales":5,"Velvet Choker":0,"HoveringKite":8,"Bag of Marbles":4,"Bag of Preparation":12,"Letter Opener":15,"Ring of the Snake":0},{"Centennial Puzzle":29,"Mummified Hand":37,"CeramicFish":21,"Bronze Scales":29,"Velvet Choker":0,"HoveringKite":45,"Bag of Marbles":21,"Bag of Preparation":64,"Letter Opener":79,"Ring of the Snake":0}]},"card_choices":[{"not_picked":["Prepared","Blur"],"picked":"Well Laid Plans","floor":1.0},{"not_picked":["Outmaneuver","PiercingWail"],"picked":"Bouncing Flask","floor":3.0},{"not_picked":["Eviscerate","Flying Knee"],"picked":"Sucker Punch","floor":5.0},{"not_picked":["Deflect","Dodge and Roll"],"picked":"Caltrops","floor":7.0},{"not_picked":["Acrobatics","Expertise"],"picked":"Calculated Gamble","floor":10.0},{"not_picked":["Calculated Gamble","Acrobatics"],"picked":"PiercingWail","floor":13.0},{"not_picked":["Concentrate","Cloak And Dagger"],"picked":"Backflip","floor":14.0},{"not_picked":["Tools of the Trade","Storm of Steel"],"picked":"Malaise","floor":16.0},{"not_picked":["Infinite Blades","Finisher"],"picked":"Predator","floor":18.0},{"not_picked":["Leg Sweep","Terror"],"picked":"Blur","floor":19},{"not_picked":["Poisoned Stab+1","Masterful Stab"],"picked":"Bane+1","floor":20},{"not_picked":["Leg Sweep","Poisoned Stab"],"picked":"Dagger Spray+1","floor":24},{"not_picked":["Dagger Spray","Sucker Punch+1","Quick Slash"],"picked":"SKIP","floor":25},{"not_picked":["Dash","Slice+1"],"picked":"Footwork","floor":28},{"not_picked":["Prepared","Grand Finale","Outmaneuver"],"picked":"SKIP","floor":31}],"player_experience":5884002,"relics_obtained":[{"floor":7.0,"key":"Bag of Marbles"},{"floor":9.0,"key":"CeramicFish"},{"floor":10.0,"key":"Centennial Puzzle"},{"floor":14.0,"key":"Mummified Hand"},{"floor":24,"key":"Bag of Preparation"},{"floor":31,"key":"Letter Opener"}],"event_choices":[{"damage_healed":0.0,"max_hp_gain":0.0,"max_hp_loss":0.0,"gold_gain":75.0,"event_name":"World of Goop","player_choice":"Gather Gold","floor":2.0,"gold_loss":0.0,"damage_taken":11.0},{"damage_healed":22.0,"max_hp_gain":0.0,"max_hp_loss":0.0,"gold_gain":0.0,"event_name":"Big Fish","player_choice":"Banana","floor":4.0,"gold_loss":0.0,"damage_taken":0.0},{"damage_healed":0.0,"max_hp_gain":0.0,"max_hp_loss":0.0,"gold_gain":100.0,"event_name":"Wheel of Change","player_choice":"Gold","floor":11.0,"gold_loss":0.0,"damage_taken":0.0},{"damage_healed":0,"gold_gain":50,"player_choice":"Stole From Cult","damage_taken":0,"max_hp_gain":0,"max_hp_loss":0,"event_name":"Nest","floor":21,"gold_loss":0},{"damage_healed":0,"gold_gain":0,"player_choice":"Ignored","damage_taken":0,"max_hp_gain":0,"max_hp_loss":0,"event_name":"Cursed Tome","floor":22,"gold_loss":0},{"damage_healed":0,"gold_gain":0,"player_choice":"Ignored","damage_taken":0,"max_hp_gain":0,"max_hp_loss":0,"event_name":"Ghosts","floor":30,"gold_loss":0}],"is_beta":false,"boss_relics":[{"not_picked":["Coffee Dripper","Ectoplasm"],"picked":"HoveringKite"}],"items_purged_floors":[12],"is_endless":false,"potions_floor_spawned":[1,3,10,13,19,31],"killed_by":"Collector","ascension_level":20}}