{"host":"jqkewjmybebgw3gd","time":1613488457,"event":{"mods":["AchievementEnabler","BaseMod","Colored Map","DeckTracker","Keyboard Shortcuts","Minty Spire (QoL Compilation)","StSLib","SuperFastMode"],"gold_per_floor":[111,121,46,46,46,46,84,84,84,104,129,144,213,246,246,365,428,448,486,233,233,253,289,289,289,289,325,338,374,374,392,392,490,490,505,505,515,535,548,548,578,578,578,301,315,170,205,205,205,205,205,205,10,39,39,39],"floor_reached":55,"language":"KOR","playtime":3314,"items_purged":["Strike_B","Strike_B","Defend_B"],"score":805,"play_id":"60d7d6bc-908b-461e-aaa9-06d776e6462f","local_time":"20210217001417","is_ascension_mode":true,"campfire_choices":[{"floor":6.0,"key":"REST"},{"data":"Dualcast","floor":8.0,"key":"SMITH"},{"floor":15.0,"key":"REST"},{"data":"Creative AI","floor":24.0,"key":"SMITH"},{"data":"Double Energy","floor":32,"key":"SMITH"},{"floor":40,"key":"RECALL"},{"data":"Turbo","floor":42,"key":"SMITH"},{"floor":49,"key":"REST"},{"data":"Hologram","floor":52,"key":"SMITH"}],"circlet_count":0,"master_deck":["Defend_B","Zap","Dualcast+1","Core Surge","Electrodynamics+1","Biased Cognition+1","Sweeping Beam","Streamline+1","Ball Lightning","Rip and Tear","Creative AI+1","Hologram+1","Turbo+1","Double Energy+1","Bite","Bite","Bite","Bite","Bite","Glacier","Lockon+1","Consume+1","Chill+1","Conserve Battery+1","BootSequence+1","Seek+1","Stack","Hologram+1","Melter","Tempest+1","Seek"],"relics":["Cracked Core","Bloody Idol","Letter Opener","Ornamental Fan","Tiny House","Red Mask","Sling","Prayer Wheel","Sundial","Darkstone Periapt","Bag of Marbles","Empty Cage","Cables","Bronze Scales","Anchor","Vajra","Lantern"],"acts_visited":["Exordium","TheCity","TheBeyond","TheEnding"],"potions_floor_usage":[33,33,33,47,50,55,55],"damage_taken":[{"damage":0.0,"enemies":"Cultist","floor":1.0,"turns":2.0},{"damage":6.0,"enemies":"Jaw Worm","floor":2.0,"turns":2.0},{"damage":6.0,"enemies":"Gremlin Nob","floor":7.0,"turns":3.0},{"damage":0.0,"enemies":"2 Louse","floor":10.0,"turns":2.0},{"damage":1.0,"enemies":"Exordium Wildlife","floor":11.0,"turns":2.0},{"damage":5.0,"enemies":"Looter","floor":12.0,"turns":2.0},{"damage":8.0,"enemies":"Lagavulin","floor":14.0,"turns":4.0},{"damage":35.0,"enemies":"The Guardian","floor":16.0,"turns":8.0},{"damage":10.0,"enemies":"Spheric Guardian","floor":18.0,"turns":3.0},{"damage":10.0,"enemies":"Masked Bandits","floor":19.0,"turns":3.0},{"damage":1.0,"enemies":"Chosen","floor":22.0,"turns":4.0},{"damage":16.0,"enemies":"Slavers","floor":23.0,"turns":4.0},{"damage":6.0,"enemies":"Gremlin Leader","floor":27.0,"turns":5.0},{"damage":36.0,"enemies":"Snake Plant","floor":28.0,"turns":3.0},{"damage":1,"enemies":"Slavers","floor":29,"turns":4},{"damage":3,"enemies":"3 Cultists","floor":31,"turns":5},{"damage":41,"enemies":"Collector","floor":33,"turns":8},{"damage":0,"enemies":"3 Darklings","floor":35,"turns":3},{"damage":10,"enemies":"3 Shapes","floor":37,"turns":6},{"damage":35,"enemies":"Writhing Mass","floor":38,"turns":8},{"damage":0,"enemies":"Sphere and 2 Shapes","floor":39,"turns":4},{"damage":17,"enemies":"Nemesis","floor":41,"turns":11},{"damage":23,"enemies":"Spire Growth","floor":45,"turns":4},{"damage":40,"enemies":"Giant Head","floor":47,"turns":7},{"damage":54,"enemies":"Awakened One","floor":50,"turns":20},{"damage":25,"enemies":"Shield and Spear","floor":54,"turns":4},{"damage":70,"enemies":"The Heart","floor":55,"turns":4}],"seed_played":"-4295338480776733202","potions_obtained":[{"floor":2.0,"key":"Energy Potion"},{"floor":11.0,"key":"Weak Potion"},{"floor":12.0,"key":"SpeedPotion"},{"floor":16.0,"key":"LiquidMemories"},{"floor":23.0,"key":"EssenceOfDarkness"},{"floor":29,"key":"PotionOfCapacity"},{"floor":38,"key":"PowerPotion"},{"floor":41,"key":"LiquidMemories"},{"floor":45,"key":"Fruit Juice"}],"is_trial":false,"path_per_floor":["M","M","$","?","?","R","E","R","T","M","M","M","?","E","R","B",null,"M","?","$","?","M","E","R","?","T","E","M","E","?","M","R","B",null,"M","?","M","M","M","R","E","R","T","$","M","$","E","?","R","B",null,"R","$","E","B"],"character_chosen":"DEFECT","items_purchased":["Sling","Bronze Scales","Anchor","Seek","ColorlessPotion"],"campfire_rested":3,"item_purchase_floors":[20,44,46,53,53],"current_hp_per_floor":[75,69,69,54,36,58,52,52,52,52,51,46,46,38,60,27,80,70,62,62,62,73,63,63,80,80,80,48,51,51,61,61,37,80,80,80,80,66,79,79,79,79,79,79,67,67,45,45,71,39,88,88,88,70,0,0],"gold":39,"neow_bonus":"ONE_RANDOM_RARE_CARD","is_daily":false,"chose_seed":false,"campfire_upgraded":5,"win_rate":0.0,"timestamp":1613488457,"path_taken":["M","M","$","?","?","R","E","R","T","M","M","M","?","E","R","BOSS","M","?","$","?","M","E","R","?","T","E","?","E","?","M","R","BOSS","M","?","M","M","?","R","E","R","T","$","M","$","E","?","R","BOSS","R","$","E","BOSS"],"items_purchased_type":["Relic","Relic","Relic","Card","Potion"],"build_version":"2020-12-22","purchased_purges":3,"victory":false,"max_hp_per_floor":[75,75,75,75,75,75,75,75,75,75,75,75,75,75,75,75,80,80,80,80,80,80,80,80,80,80,80,80,80,80,80,80,80,80,80,80,80,86,86,86,86,86,86,86,86,86,91,88,88,88,88,88,88,88,88,88],"card_choices":[{"not_picked":["Gash","Hologram"],"picked":"Sweeping Beam","floor":1.0},{"not_picked":["Heatsinks","Stack"],"picked":"Streamline","floor":2.0},{"not_picked":["Sweeping Beam","Rip and Tear","Darkness"],"picked":"SKIP","floor":7.0},{"not_picked":["Redo","Gash","Barrage"],"picked":"SKIP","floor":10.0},{"not_picked":["Gash","Recycle"],"picked":"Ball Lightning","floor":11.0},{"not_picked":["Storm","Force Field"],"picked":"Rip and Tear","floor":12.0},{"not_picked":["Reprogram","Steam"],"picked":"White Noise","floor":14.0},{"not_picked":["Multi-Cast","Rainbow"],"picked":"Creative AI","floor":16.0},{"not_picked":["Recycle","Go for the Eyes"],"picked":"Hologram","floor":17.0},{"not_picked":["Coolheaded","Rainbow"],"picked":"Turbo","floor":18.0},{"not_picked":["Sweeping Beam+1","Coolheaded"],"picked":"Double Energy","floor":19.0},{"not_picked":["Sweeping Beam","Auto Shields"],"picked":"Glacier","floor":22.0},{"not_picked":["Streamline","Stack"],"picked":"Lockon+1","floor":23.0},{"not_picked":["Cold Snap","Rip and Tear+1"],"picked":"Consume+1","floor":27.0},{"not_picked":["Leap","Sweeping Beam"],"picked":"Chill+1","floor":28.0},{"not_picked":["Redo","Meteor Strike"],"picked":"Conserve Battery+1","floor":28.0},{"not_picked":["White Noise","Steam","Leap"],"picked":"SKIP","floor":29},{"not_picked":["Stack","Rebound+1"],"picked":"BootSequence+1","floor":31},{"not_picked":["Ball Lightning","Coolheaded","Double Energy"],"picked":"SKIP","floor":31},{"not_picked":["Core Surge","Biased Cognition"],"picked":"Seek","floor":33},{"not_picked":["Leap+1","Aggregate"],"picked":"Stack","floor":35},{"not_picked":["Redo+1","Sweeping Beam+1"],"picked":"Hologram+1","floor":35},{"not_picked":["Beam Cell","Lockon"],"picked":"Melter","floor":37},{"not_picked":["Beam Cell+1","Cold Snap"],"picked":"Tempest+1","floor":37},{"not_picked":["Gash","Redo","Compile Driver+1"],"picked":"SKIP","floor":38},{"not_picked":["Cold Snap+1","Reprogram+1","Leap"],"picked":"SKIP","floor":38},{"not_picked":["Sweeping Beam","Ball Lightning+1","Double Energy"],"picked":"SKIP","floor":39},{"not_picked":["Rebound+1","Redo+1","Meteor Strike"],"picked":"SKIP","floor":39},{"not_picked":["Storm+1","Recycle","Stack"],"picked":"SKIP","floor":41},{"not_picked":["Gash+1","Hologram+1","Cold Snap"],"picked":"SKIP","floor":45},{"not_picked":["Ball Lightning","Scrape+1","Loop+1"],"picked":"SKIP","floor":45},{"not_picked":["Beam Cell+1","Double Energy","Capacitor"],"picked":"SKIP","floor":47},{"not_picked":["Coolheaded","Redo","Multi-Cast"],"picked":"SKIP","floor":54}],"player_experience":543553,"relics_obtained":[{"floor":7.0,"key":"Letter Opener"},{"floor":9.0,"key":"Ornamental Fan"},{"floor":14.0,"key":"Blood Vial"},{"floor":19.0,"key":"Red Mask"},{"floor":23.0,"key":"Prayer Wheel"},{"floor":26.0,"key":"Sundial"},{"floor":27.0,"key":"Darkstone Periapt"},{"floor":29,"key":"Bag of Marbles"},{"floor":41,"key":"Cables"},{"floor":47,"key":"Vajra"},{"floor":54,"key":"Lantern"}],"event_choices":[{"damage_healed":0.0,"max_hp_gain":0.0,"max_hp_loss":0.0,"gold_gain":0.0,"event_name":"Shining Light","player_choice":"Entered Light","floor":4.0,"gold_loss":0.0,"damage_taken":15.0,"cards_upgraded":["Strike_B","Strike_B"]},{"damage_healed":0.0,"max_hp_gain":0.0,"max_hp_loss":0.0,"gold_gain":0.0,"event_name":"Golden Idol","player_choice":"Take Damage","floor":5.0,"gold_loss":0.0,"damage_taken":18.0,"relics_obtained":["Golden Idol"]},{"damage_healed":0.0,"max_hp_gain":0.0,"max_hp_loss":0.0,"gold_gain":69.0,"event_name":"Golden Wing","player_choice":"Gained Gold","floor":13.0,"gold_loss":0.0,"damage_taken":0.0},{"damage_healed":0.0,"max_hp_gain":0.0,"max_hp_loss":0.0,"gold_gain":0.0,"event_name":"Masked Bandits","player_choice":"Fought Bandits","floor":19.0,"gold_loss":0.0,"damage_taken":0.0},{"damage_healed":0.0,"max_hp_gain":0.0,"max_hp_loss":0.0,"gold_gain":0.0,"event_name":"Vampires","player_choice":"Became a vampire (Vial)","floor":21.0,"relics_lost":["Blood Vial"],"gold_loss":0.0,"damage_taken":0.0,"cards_obtained":["Bite","Bite","Bite","Bite","Bite"]},{"cards_removed":["White Noise"],"damage_healed":17.0,"max_hp_gain":0.0,"max_hp_loss":0.0,"gold_gain":0.0,"event_name":"Bonfire Elementals","player_choice":"Offered Uncommon","floor":25.0,"gold_loss":0.0,"damage_taken":0.0},{"damage_healed":0,"gold_gain":0,"player_choice":"Gave Idol","damage_taken":0,"relics_obtained":["Bloody Idol"],"max_hp_gain":0,"max_hp_loss":0,"event_name":"Forgotten Altar","floor":30,"relics_lost":["Golden Idol"],"gold_loss":0},{"damage_healed":0,"gold_gain":0,"player_choice":"Upgraded","damage_taken":0,"max_hp_gain":0,"max_hp_loss":0,"event_name":"Upgrade Shrine","floor":36,"gold_loss":0,"cards_upgraded":["Seek"]},{"cards_removed":["Parasite"],"damage_healed":0,"gold_gain":0,"player_choice":"Purged","damage_taken":0,"max_hp_gain":0,"max_hp_loss":0,"event_name":"Purifier","floor":48,"gold_loss":0}],"is_beta":false,"boss_relics":[{"not_picked":["Snecko Eye","Coffee Dripper"],"picked":"Tiny House"},{"not_picked":["Busted Crown","Sozu"],"picked":"Empty Cage"}],"items_purged_floors":[3,20,44],"is_endless":false,"potions_floor_spawned":[2,11,12,16,19,23,29,38,41,45],"killed_by":"The Heart","ascension_level":1}}