{"host":"txhhdwa0hqfs4jhb","time":1613515740,"event":{"mods":["BaseMod","Better Third Choice","Filter the Spire","Mad Scientist","Minty Spire (QoL Compilation)","Relic Filter Mod","Relic Stats","Reliquary","Replay The Spire","StSLib","Thieving Mod"],"gold_per_floor":[114,125,300,354,366,366,366],"floor_reached":6,"language":"ENG","playtime":224,"items_purged":[],"score":38,"play_id":"e80973b7-13f4-4d67-a7fe-aeaaae11dfbc","local_time":"20210216224900","is_ascension_mode":true,"campfire_choices":[],"circlet_count":0,"master_deck":["MadScienceMod:Strike_MadScience","MadScienceMod:Strike_MadScience","MadScienceMod:Strike_MadScience","MadScienceMod:Strike_MadScience","MadScienceMod:Defend_MadScience","MadScienceMod:Defend_MadScience","MadScienceMod:Defend_MadScience","MadScienceMod:Defend_MadScience","MadScienceMod:PoweredStrike","MadScienceMod:HideBehindJunk","MadScienceMod:MakeOrBreak","MadScienceMod:GattlingGun","Doubt","MadScienceMod:Probe","MadScienceMod:Poke","MadScienceMod:ParticleBeam"],"relics":["MadScienceMod:FuelTank","NeowsBlessing","Eternal Feather"],"acts_visited":["Exordium"],"potions_floor_usage":[],"damage_taken":[{"damage":0,"enemies":"Jaw Worm","floor":1,"turns":1},{"damage":0,"enemies":"Small Slimes","floor":2,"turns":1},{"damage":0,"enemies":"Cultist","floor":5,"turns":1},{"damage":47,"enemies":"Gremlin Nob","floor":6,"turns":4}],"seed_played":"-4110728724491314484","potions_obtained":[{"floor":1,"key":"Energy Potion"}],"is_trial":false,"path_per_floor":["M","M","?","?","M","E"],"character_chosen":"MAD_SCIENTIST","items_purchased":[],"campfire_rested":0,"item_purchase_floors":[],"current_hp_per_floor":[75,75,75,45,45,0,0],"gold":366,"neow_bonus":"THREE_ENEMY_KILL","is_daily":false,"chose_seed":false,"campfire_upgraded":0,"win_rate":0.0,"timestamp":1613515740,"path_taken":["M","M","?","?","M","E"],"items_purchased_type":[],"build_version":"2020-12-22","purchased_purges":0,"victory":false,"max_hp_per_floor":[75,75,75,75,75,75,75],"relic_stats":{"counters":[4,7],"Eternal Feather":0,"obtain_stats":[{"MadScienceMod:FuelTank":0,"NeowsBlessing":0,"Eternal Feather":4},{"MadScienceMod:FuelTank":0,"NeowsBlessing":0,"Eternal Feather":2},{"MadScienceMod:FuelTank":0,"NeowsBlessing":0,"Eternal Feather":2}]},"card_choices":[{"not_picked":["MadScienceMod:Redesign","MadScienceMod:Detonate"],"picked":"MadScienceMod:MakeOrBreak","floor":1},{"not_picked":["MadScienceMod:LightOnFire","MadScienceMod:FlexibleSpear"],"picked":"MadScienceMod:GattlingGun","floor":2},{"not_picked":["MadScienceMod:BandageBot","MadScienceMod:LightOnFire"],"picked":"MadScienceMod:Probe","floor":4},{"not_picked":["MadScienceMod:AutoStrike","MadScienceMod:FlexibleSpear"],"picked":"MadScienceMod:Poke","floor":4},{"not_picked":["MadScienceMod:MindControlBeam","MadScienceMod:Lightbulb"],"picked":"MadScienceMod:ParticleBeam","floor":5}],"player_experience":328466,"relics_obtained":[{"floor":4,"key":"Eternal Feather"}],"event_choices":[{"damage_healed":0,"gold_gain":175,"player_choice":"AGREE","damage_taken":125,"max_hp_gain":0,"max_hp_loss":0,"event_name":"betterThird:BetterSerpent","floor":3,"gold_loss":0}],"is_beta":false,"boss_relics":[],"items_purged_floors":[],"is_endless":false,"potions_floor_spawned":[1],"killed_by":"Gremlin Nob","ascension_level":1}}