{"host":"wmojtwekh6s3tor5","time":1613473020,"event":{"mods":["BaseMod","Colored Map","Colored Powertips","DeckTracker","Highlight Path","Minty Spire (QoL Compilation)","StSLib"],"gold_per_floor":[118,118,128,128,128,128,167,167,167,16,51,94,94,108,108,238,238,258,274,35,35,134,134,152,152,231,247,267,307,307,328,328,447,447,468,491,510,523,523,523],"floor_reached":39,"language":"ZHS","playtime":1801,"items_purged":["Injury","Strike_R"],"score":649,"play_id":"2cecb2f3-94f4-4803-9606-493f3e772e3d","local_time":"20210216185700","is_ascension_mode":true,"campfire_choices":[{"data":"Bash","floor":6.0,"key":"SMITH"},{"data":"Twin Strike","floor":8.0,"key":"SMITH"},{"data":"Dropkick","floor":13.0,"key":"SMITH"},{"data":"Dropkick","floor":15.0,"key":"SMITH"},{"data":"Dropkick","floor":23.0,"key":"SMITH"},{"floor":30.0,"key":"REST"},{"floor":32.0,"key":"REST"}],"circlet_count":0,"master_deck":["Strike_R","Defend_R","Defend_R","Defend_R","Defend_R","Bash+1","Twin Strike+1","Dropkick+1","Dropkick+1","Twin Strike+1","Dropkick+1"],"relics":["Burning Blood","NeowsBlessing","Golden Idol","Singing Bowl","Champion Belt","Odd Mushroom","Dead Branch","SlaversCollar","Membership Card","Blue Candle","Vajra","Black Star"],"acts_visited":["Exordium","TheCity","TheBeyond"],"potions_floor_usage":[36,36,39],"damage_taken":[{"damage":0.0,"enemies":"2 Louse","floor":1.0,"turns":1.0},{"damage":0.0,"enemies":"Jaw Worm","floor":3.0,"turns":1.0},{"damage":0.0,"enemies":"3 Sentries","floor":7.0,"turns":2.0},{"damage":19.0,"enemies":"The Mushroom Lair","floor":11.0,"turns":3.0},{"damage":0.0,"enemies":"Gremlin Nob","floor":12.0,"turns":2.0},{"damage":0.0,"enemies":"Small Slimes","floor":14.0,"turns":2.0},{"damage":15.0,"enemies":"Slime Boss","floor":16.0,"turns":6.0},{"damage":9.0,"enemies":"Chosen","floor":18.0,"turns":4.0},{"damage":15.0,"enemies":"3 Byrds","floor":19.0,"turns":6.0},{"damage":0.0,"enemies":"Snecko","floor":24.0,"turns":3.0},{"damage":26.0,"enemies":"Shelled Parasite and Fungi","floor":27.0,"turns":3.0},{"damage":53.0,"enemies":"Sentry and Sphere","floor":28.0,"turns":6.0},{"damage":10.0,"enemies":"Book of Stabbing","floor":29.0,"turns":3.0},{"damage":12.0,"enemies":"Cultist and Chosen","floor":31.0,"turns":4.0},{"damage":64.0,"enemies":"Collector","floor":33.0,"turns":6.0},{"damage":18.0,"enemies":"Orb Walker","floor":35.0,"turns":3.0},{"damage":25,"enemies":"3 Shapes","floor":36,"turns":7},{"damage":74,"enemies":"Maw","floor":37,"turns":8},{"damage":18,"enemies":"Spire Growth","floor":38,"turns":3},{"damage":33,"enemies":"Sphere and 2 Shapes","floor":39,"turns":3}],"seed_played":"-716733374114290849","potions_obtained":[{"floor":1.0,"key":"SneckoOil"},{"floor":3.0,"key":"SteroidPotion"},{"floor":14.0,"key":"ElixirPotion"},{"floor":27.0,"key":"SkillPotion"},{"floor":29.0,"key":"FairyPotion"},{"floor":31.0,"key":"Fire Potion"},{"floor":33.0,"key":"Explosive Potion"},{"floor":35.0,"key":"AttackPotion"},{"floor":38,"key":"FearPotion"}],"is_trial":false,"path_per_floor":["M","?","M","?","?","R","E","R","T","$","?","E","R","M","R","B",null,"M","M","$","?","?","R","M","?","T","M","M","E","R","M","R","B",null,"M","M","M","M","M"],"character_chosen":"IRONCLAD","items_purchased":["Dropkick","Membership Card","Dropkick"],"campfire_rested":2,"item_purchase_floors":[10,20,20],"current_hp_per_floor":[78,78,80,73,73,73,81,81,81,81,70,78,78,84,84,77,85,84,75,75,75,75,75,83,83,83,65,20,18,47,43,73,17,81,71,54,39,29,0,0],"gold":523,"neow_bonus":"THREE_ENEMY_KILL","is_daily":false,"chose_seed":false,"campfire_upgraded":5,"win_rate":0.0,"timestamp":1613473020,"path_taken":["M","?","M","?","?","R","E","R","T","$","?","E","R","M","R","BOSS","M","M","$","?","?","R","M","?","T","?","?","E","R","?","R","BOSS","M","?","M","M","M"],"items_purchased_type":["Card","Relic","Card"],"build_version":"2020-12-22","purchased_purges":2,"victory":false,"max_hp_per_floor":[80,80,80,80,80,80,82,82,82,82,84,86,86,86,86,88,88,90,90,90,90,90,90,92,92,92,94,96,98,98,100,100,102,102,104,106,108,110,110,110],"card_choices":[{"not_picked":["Entrench","Armaments"],"picked":"Twin Strike","floor":1.0},{"not_picked":["Thunderclap","Intimidate","Heavy Blade"],"picked":"SKIP","floor":3.0},{"not_picked":["True Grit","Clash","Headbutt"],"picked":"Singing Bowl","floor":7.0},{"not_picked":["Wild Strike","Immolate","Sentinel"],"picked":"Singing Bowl","floor":11.0},{"not_picked":["Whirlwind","Hemokinesis","Intimidate"],"picked":"Singing Bowl","floor":12.0},{"not_picked":["Heavy Blade","Clash"],"picked":"Dropkick","floor":14.0},{"not_picked":["Reaper","Immolate","Fiend Fire"],"picked":"Singing Bowl","floor":16.0},{"not_picked":["Seeing Red","Sever Soul","Cleave"],"picked":"Singing Bowl","floor":18.0},{"not_picked":["Sword Boomerang","Searing Blow"],"picked":"Twin Strike","floor":19.0},{"not_picked":["Pummel","Wild Strike+1","Body Slam+1"],"picked":"Singing Bowl","floor":24.0},{"not_picked":["Dual Wield","Havoc","Anger+1"],"picked":"Singing Bowl","floor":27.0},{"not_picked":["Anger","Twin Strike","Dropkick"],"picked":"Singing Bowl","floor":28.0},{"not_picked":["Pommel Strike+1","Hemokinesis+1","Perfected Strike"],"picked":"Singing Bowl","floor":29.0},{"not_picked":["Dark Embrace","Fire Breathing","Body Slam"],"picked":"Singing Bowl","floor":31.0},{"not_picked":["Reaper","Impervious","Bludgeon"],"picked":"Singing Bowl","floor":33.0},{"not_picked":["Pummel+1","Wild Strike+1","Anger"],"picked":"Singing Bowl","floor":35.0},{"not_picked":["Clothesline","Havoc","Heavy Blade"],"picked":"Singing Bowl","floor":36},{"not_picked":["Exhume","Warcry+1","True Grit"],"picked":"Singing Bowl","floor":37},{"not_picked":["Ghostly Armor","Flex+1","Sever Soul+1"],"picked":"Singing Bowl","floor":38}],"player_experience":639345,"relics_obtained":[{"floor":7.0,"key":"Singing Bowl"},{"floor":9.0,"key":"Champion Belt"},{"floor":11.0,"key":"Odd Mushroom"},{"floor":12.0,"key":"Dead Branch"},{"floor":26.0,"key":"Blue Candle"},{"floor":29.0,"key":"Vajra"}],"event_choices":[{"cards_removed":["Strike_R"],"damage_healed":0.0,"max_hp_gain":0.0,"max_hp_loss":0.0,"gold_gain":0.0,"event_name":"Living Wall","player_choice":"Forget","floor":2.0,"gold_loss":0.0,"damage_taken":0.0},{"cards_removed":["Strike_R"],"damage_healed":0.0,"max_hp_gain":0.0,"max_hp_loss":0.0,"gold_gain":0.0,"event_name":"Golden Wing","player_choice":"Card Removal","floor":4.0,"gold_loss":0.0,"damage_taken":7.0},{"damage_healed":0.0,"max_hp_gain":0.0,"max_hp_loss":0.0,"gold_gain":0.0,"event_name":"Golden Idol","player_choice":"Take Wound","floor":5.0,"gold_loss":0.0,"damage_taken":0.0,"relics_obtained":["Golden Idol"],"cards_obtained":["Injury"]},{"damage_healed":0.0,"max_hp_gain":0.0,"max_hp_loss":0.0,"gold_gain":0.0,"event_name":"Mushrooms","player_choice":"Fought Mushrooms","floor":11.0,"gold_loss":0.0,"damage_taken":0.0},{"cards_removed":["Strike_R"],"damage_healed":0.0,"max_hp_gain":0.0,"max_hp_loss":0.0,"gold_gain":0.0,"event_name":"Back to Basics","player_choice":"Elegance","floor":21.0,"gold_loss":0.0,"damage_taken":0.0},{"damage_healed":0.0,"max_hp_gain":0.0,"max_hp_loss":0.0,"gold_gain":99.0,"event_name":"Nest","player_choice":"Stole From Cult","floor":22.0,"gold_loss":0.0,"damage_taken":0.0},{"damage_healed":0.0,"max_hp_gain":0.0,"max_hp_loss":0.0,"gold_gain":0.0,"event_name":"Accursed Blacksmith","player_choice":"Forge","floor":25.0,"gold_loss":0.0,"damage_taken":0.0,"cards_upgraded":["Twin Strike"]}],"is_beta":false,"boss_relics":[{"not_picked":["SacredBark","Tiny House"],"picked":"SlaversCollar"},{"not_picked":["Cursed Key","Runic Dome"],"picked":"Black Star"}],"items_purged_floors":[10,20],"is_endless":false,"potions_floor_spawned":[1,3,14,27,29,31,33,35,38],"killed_by":"Sphere and 2 Shapes","ascension_level":6}}