{"host":"zybdh2ue20qfjbiz","time":1613500872,"event":{"mods":["AchievementEnabler","BaseMod","Better Altar","Better Skull","BetterRewards","Friendly Minions","Koishi","Lobotomy","LobotomyExtend","Minty Spire (QoL Compilation)","RemiliaÅiÂQïƒ‰ª?Åj","StSLib"],"gold_per_floor":[119,132,149,149,166,195,195,230,230,249,199,234,244,269,269,367,367,385,210,223,236,252,280,295,314,340,340,360,691,691,726,726,823,823,841,888,901,901,901,901,930,930,957,968,997,1008,583,608,608,608],"floor_reached":51,"language":"ENG","playtime":3296,"items_purged":["Strike_P","Defend_P","Defend_P","Strike_P+1"],"score":1467,"play_id":"15943da7-e971-4ce5-9cea-6ff0bb30fad4","local_time":"20210216214112","is_ascension_mode":true,"campfire_choices":[{"data":"Eruption","floor":7,"key":"SMITH"},{"floor":15,"key":"DIG"},{"floor":30,"key":"DIG"},{"floor":32,"key":"DIG"},{"floor":40,"key":"DIG"},{"floor":49,"key":"REST"}],"circlet_count":0,"master_deck":["Strike_P+1","Strike_P+1","Defend_P+1","Eruption+1","Vigilance+1","FollowUp+1","Adaptation+1","FlyingSleeves+1","FlyingSleeves+1","CutThroughFate+1","FlurryOfBlows+1","LessonLearned+1","FollowUp+1","Ragnarok+1","CutThroughFate+1","CutThroughFate+1","Vengeance+1","TalkToTheHand+1","FlurryOfBlows+1","Brilliance+1","CutThroughFate+1","Scrawl+1","ConjureBlade","WheelKick+1","EmptyFist+1","FlyingSleeves+1","Prostrate+1","Pray+1","EmptyBody","Eruption+1","EmptyMind+1"],"relics":["PureWater","Calipers","Sling","Molten Egg 2","Lee\u0027s Waffle","Omamori","LetterFromLob","Nunchaku","Thread and Needle","Shovel","Ginger","Turnip","Bag of Preparation","Mango","Fusion Hammer","Lizard Tail","Damaru","Old Coin","Mercury Hourglass","Gambling Chip","MealTicket","Cursed Key","CaptainsWheel","Question Card","Oddly Smooth Stone","Singing Bowl","Regal Pillow","DollysMirror","Toy Ornithopter"],"acts_visited":["Exordium","TheCity","TheBeyond"],"potions_floor_usage":[31,33,51,51],"damage_taken":[{"damage":0,"enemies":"Small Slimes","floor":1,"turns":3},{"damage":3,"enemies":"2 Louse","floor":2,"turns":2},{"damage":0,"enemies":"Jaw Worm","floor":3,"turns":3},{"damage":2,"enemies":"Blue Slaver","floor":5,"turns":4},{"damage":0,"enemies":"Gremlin Nob","floor":6,"turns":2},{"damage":0,"enemies":"Lagavulin","floor":8,"turns":4},{"damage":0,"enemies":"2 Fungi Beasts","floor":10,"turns":2},{"damage":0,"enemies":"Gremlin Nob","floor":12,"turns":2},{"damage":0,"enemies":"Exordium Wildlife","floor":13,"turns":3},{"damage":0,"enemies":"Lagavulin","floor":14,"turns":3},{"damage":52,"enemies":"The Guardian","floor":16,"turns":5},{"damage":0,"enemies":"Spheric Guardian","floor":18,"turns":2},{"damage":0,"enemies":"Chosen","floor":20,"turns":2},{"damage":0,"enemies":"Snake Plant","floor":21,"turns":1},{"damage":0,"enemies":"3 Cultists","floor":22,"turns":2},{"damage":0,"enemies":"Book of Stabbing","floor":23,"turns":3},{"damage":0,"enemies":"Centurion and Healer","floor":24,"turns":1},{"damage":4,"enemies":"Shelled Parasite and Fungi","floor":25,"turns":2},{"damage":4,"enemies":"Snecko","floor":28,"turns":3},{"damage":8,"enemies":"Slavers","floor":29,"turns":2},{"damage":0,"enemies":"Gremlin Leader","floor":31,"turns":1},{"damage":0,"enemies":"Collector","floor":33,"turns":2},{"damage":0,"enemies":"3 Darklings","floor":35,"turns":2},{"damage":16,"enemies":"2 Orb Walkers","floor":36,"turns":2},{"damage":0,"enemies":"Orb Walker","floor":37,"turns":1},{"damage":0,"enemies":"Giant Head","floor":41,"turns":3},{"damage":0,"enemies":"Spire Growth","floor":44,"turns":1},{"damage":6,"enemies":"Reptomancer","floor":45,"turns":2},{"damage":6,"enemies":"Sphere and 2 Shapes","floor":46,"turns":2},{"damage":0,"enemies":"Giant Head","floor":48,"turns":2},{"damage":66,"enemies":"Awakened One","floor":50,"turns":7},{"damage":5,"enemies":"Malkuth","floor":51,"turns":7},{"damage":25,"enemies":"Netzach","floor":51,"turns":7}],"seed_played":"-5420711384680012870","potions_obtained":[{"floor":3,"key":"Fire Potion"},{"floor":6,"key":"AttackPotion"},{"floor":10,"key":"Fire Potion"},{"floor":14,"key":"CultistPotion"},{"floor":20,"key":"PowerPotion"},{"floor":24,"key":"AttackPotion"},{"floor":28,"key":"AttackPotion"},{"floor":31,"key":"LiquidBronze"},{"floor":33,"key":"Fire Potion"},{"floor":35,"key":"SneckoOil"},{"floor":45,"key":"PowerPotion"},{"floor":46,"key":"Block Potion"}],"is_trial":false,"path_per_floor":["M","M","M","?","M","E","R","E","T","M","?","E","M","E","R","B",null,"M","$","M","M","M","E","M","M","T","?","M","E","R","E","R","B",null,"M","?","M","?","T","R","E","?","T","M","E","M","$","E","R","B",null],"character_chosen":"WATCHER","items_purchased":["Calipers","Sling","FollowUp","Adaptation","Molten Egg 2","Lee\u0027s Waffle","Omamori","CutThroughFate+1","AttackPotion","DollysMirror","EmptyMind"],"campfire_rested":1,"item_purchase_floors":[0,0,0,0,0,0,0,19,47,47,47],"current_hp_per_floor":[79,76,76,69,67,67,67,67,67,67,67,67,67,67,81,29,93,93,93,93,93,93,93,93,89,89,93,89,81,81,81,81,81,93,93,77,77,67,67,67,67,67,67,67,61,57,72,74,97,31],"gold":608,"neow_bonus":"","is_daily":false,"chose_seed":false,"campfire_upgraded":1,"win_rate":0.0,"timestamp":1613500872,"path_taken":["M","M","M","?","M","E","R","E","T","M","?","E","M","E","R","BOSS","M","$","M","M","M","E","M","M","T","?","M","E","R","E","R","BOSS","M","?","M","?","?","R","E","?","T","?","E","M","$","E","R","BOSS"],"items_purchased_type":["Relic","Relic","Card","Card","Relic","Relic","Relic","Card","Potion","Relic","Card"],"build_version":"2020-12-22","purchased_purges":4,"victory":true,"max_hp_per_floor":[79,79,79,79,79,79,79,79,79,79,79,79,79,79,93,93,93,93,93,93,93,93,93,93,93,93,93,93,93,93,93,93,93,93,93,93,93,93,93,93,93,93,93,93,93,95,95,97,97,97],"card_choices":[{"not_picked":["EmptyBody","Swivel"],"picked":"FlyingSleeves+1","floor":1},{"not_picked":["SandsOfTime+1","PathToVictory"],"picked":"FlyingSleeves+1","floor":2},{"not_picked":["Consecrate+1","CrushJoints+1"],"picked":"CutThroughFate+1","floor":3},{"not_picked":["Swivel","Protect"],"picked":"FlurryOfBlows+1","floor":5},{"not_picked":["LikeWater","FearNoEvil+1"],"picked":"LessonLearned+1","floor":6},{"not_picked":["PathToVictory","SandsOfTime+1","Perseverance"],"picked":"SKIP","floor":8},{"not_picked":["Vengeance","Protect","PathToVictory"],"picked":"SKIP","floor":10},{"not_picked":["WreathOfFlame","ClearTheMind"],"picked":"FollowUp+1","floor":12},{"not_picked":["Evaluate","Consecrate+1","Vengeance"],"picked":"SKIP","floor":13},{"not_picked":["Protect","BattleHymn","BowlingBash+1"],"picked":"SKIP","floor":14},{"not_picked":["MasterReality","Brilliance+1"],"picked":"Ragnarok+1","floor":16},{"not_picked":["JustLucky+1","Halt","SashWhip+1"],"picked":"SKIP","floor":18},{"not_picked":["Study","SandsOfTime+1"],"picked":"CutThroughFate+1","floor":20},{"not_picked":["CrushJoints+1","Devotion"],"picked":"Vengeance+1","floor":21},{"not_picked":["CrushJoints+1","SashWhip+1"],"picked":"TalkToTheHand+1","floor":22},{"not_picked":["EmptyBody","CutThroughFate+1"],"picked":"FlurryOfBlows+1","floor":23},{"not_picked":["WreathOfFlame","PathToVictory+1","Vengeance"],"picked":"SKIP","floor":24},{"not_picked":["JustLucky+1","Pray+1"],"picked":"Brilliance+1","floor":25},{"not_picked":["PathToVictory","Sanctity"],"picked":"CutThroughFate+1","floor":28},{"not_picked":["Crescendo","Collect+1","PathToVictory"],"picked":"SKIP","floor":29},{"not_picked":["Evaluate","ReachHeaven+1"],"picked":"Scrawl","floor":31},{"not_picked":["LessonLearned+1","Judgement"],"picked":"ConjureBlade","floor":33},{"not_picked":["CutThroughFate+1","FollowUp+1"],"picked":"WheelKick+1","floor":35},{"not_picked":["Evaluate+1","JustLucky+1"],"picked":"EmptyFist+1","floor":36},{"not_picked":["FollowUp+1","Omniscience"],"picked":"FlyingSleeves+1","floor":37},{"not_picked":["Purity","Jack Of All Trades"],"picked":"Secret Weapon","floor":38},{"not_picked":["EmptyBody","LikeWater","Tantrum+1"],"picked":"Prostrate+1","floor":41},{"not_picked":["Halt","PathToVictory","Brilliance+1"],"picked":"Pray+1","floor":44},{"not_picked":["PathToVictory","Scrawl","Nirvana"],"picked":"EmptyBody","floor":45},{"not_picked":["Halt+1","PathToVictory","Protect","BowlingBash+1"],"picked":"Singing Bowl","floor":46},{"not_picked":["Study","CutThroughFate+1","EmptyMind","FollowUp+1"],"picked":"Singing Bowl","floor":48}],"player_experience":416545,"relics_obtained":[{"floor":1,"key":"LetterFromLob"},{"floor":6,"key":"Thread and Needle"},{"floor":8,"key":"Shovel"},{"floor":9,"key":"Ginger"},{"floor":12,"key":"Turnip"},{"floor":14,"key":"Bag of Preparation"},{"floor":15,"key":"Mango"},{"floor":23,"key":"Lizard Tail"},{"floor":26,"key":"Damaru"},{"floor":29,"key":"Old Coin"},{"floor":30,"key":"Mercury Hourglass"},{"floor":31,"key":"Gambling Chip"},{"floor":32,"key":"MealTicket"},{"floor":36,"key":"CaptainsWheel"},{"floor":39,"key":"Question Card"},{"floor":40,"key":"Oddly Smooth Stone"},{"floor":41,"key":"Singing Bowl"},{"floor":45,"key":"Regal Pillow"},{"floor":48,"key":"Toy Ornithopter"}],"event_choices":[{"damage_healed":0,"gold_gain":0,"player_choice":"Success","damage_taken":7,"relics_obtained":["Nunchaku"],"max_hp_gain":0,"max_hp_loss":0,"event_name":"Scrap Ooze","floor":4,"gold_loss":0},{"cards_removed":["Defend_P"],"damage_healed":0,"gold_gain":0,"player_choice":"Card Removal","damage_taken":0,"max_hp_gain":0,"max_hp_loss":0,"event_name":"The Cleric","floor":11,"gold_loss":50},{"damage_healed":0,"gold_gain":0,"player_choice":"Fight","damage_taken":0,"max_hp_gain":0,"max_hp_loss":0,"event_name":"Mysterious Sphere","floor":36,"gold_loss":0},{"damage_healed":0,"gold_gain":0,"player_choice":"Memory 3","damage_taken":10,"max_hp_gain":0,"max_hp_loss":0,"event_name":"SensoryStone","floor":38,"gold_loss":0},{"cards_removed":["Secret Weapon"],"damage_healed":0,"gold_gain":0,"player_choice":"Removed Skill","damage_taken":0,"max_hp_gain":0,"max_hp_loss":0,"event_name":"Falling","floor":42,"gold_loss":0}],"is_beta":false,"boss_relics":[{"not_picked":["Pandora\u0027s Box","Sozu"],"picked":"Fusion Hammer"},{"not_picked":["Tiny House","Runic Dome"],"picked":"Cursed Key"}],"items_purged_floors":[0,0,19,47],"is_endless":false,"potions_floor_spawned":[3,6,10,13,14,20,22,24,28,31,33,35,45,46,48],"ascension_level":1}}