{"host":"h5mpg8xef8fl8s1y","time":1613462562,"event":{"mods":["100% Spire Juice","AchievementEnabler","BaseMod","Bestiary","Block Reminder","CapriCore","Colored Map","Colored Powertips","Curses Come First","Dark Map","Displayed Cursed Tome","Energized Spire","Googly Eyes","Highlight Path","Koishi","Marisa????????","Melee Mod","Minty Spire (QoL Compilation)","Permanent Neow","Potion Indicator Mod","Quick Restart","Random Character Button","Rare Cards Sparkle","Reimu??????","Relic Stats","Remilia??????","StSLib","Starting Relic: Pandora\u0027s Box","The Bug Knight","The Immortal","The Marked","The Senshi","The Servant 0.9.4","TheSwordswoman","TheVelvet","Virulent Crown","Waifu the Spire","Wide Potions","Yakumo Yukari mod","Yuyuko","everything is the same but u backflip on backflip","slay the spire mod where everything is the same but ironclad has a cowboy hat"],"gold_per_floor":[70,46,100,112,112,112,128,143,143,163,178,178,198,19,19,140,140,159,15,55,55,55,55,78,97,97,196,196,196,227,242,242,361,361,375,375,65,65,128,128,146,177,223,238,238,263,263,112,112,112],"floor_reached":51,"language":"ENG","playtime":4359,"items_purged":["BarrageOfMoneybags:ReiMu"],"score":660,"play_id":"136dc1e0-fd1a-4175-8ce7-c4cd21ea83c2","local_time":"20210216030242","is_ascension_mode":false,"campfire_choices":[{"data":"InherentArray:ReiMu","floor":6,"key":"SMITH"},{"data":"OctopathBindingBorder2:ReiMu","floor":12,"key":"SMITH"},{"floor":15,"key":"REST"},{"data":"YinYangSange:ReiMu","floor":23,"key":"SMITH"},{"data":"MountainWay:ReiMu","floor":29,"key":"SMITH"},{"floor":32,"key":"REST"},{"data":"ManaGlint:ReiMu","floor":40,"key":"SMITH"},{"data":"OctopathBindingBorder2:ReiMu","floor":45,"key":"SMITH"},{"data":"Amulet:ReiMu","floor":47,"key":"SMITH"},{"floor":49,"key":"REST"}],"circlet_count":0,"master_deck":["NB:ReiMu","Stagnation:ReiMu","OrbThrow:ReiMu","MountainWay:ReiMu+1","PayForSelf:ReiMu","OrbThrow:ReiMu","OrbThrow:ReiMu","SubAcupoint:ReiMu+1","Conquer:ReiMu","CardOfSanctity:ReiMu","InherentArray:ReiMu+1","RainPray2:ReiMu","Amulet:ReiMu+1","CareerPray:ReiMu","OctopathBindingBorder2:ReiMu+1","AirStrike:ReiMu","SafetyPray:ReiMu","AlertArray:ReiMu","PrayRite:ReiMu","ShadowOfCrow2:ReiMu+1","YinYangSange:ReiMu+1","Crusade:ReiMu","OctopathBindingBorder2:ReiMu+1","SpringWay:ReiMu+1","SpreadBorder2:ReiMu+1","SpreadBorder2:ReiMu+1","KamiRite:ReiMu","CurseOfTheBell","TakeOff:ReiMu+1","ManaGlint:ReiMu+1","SubAcupoint:ReiMu+1","PassingAway:ReiMu+1","SpringWay:ReiMu+1","Parasite","PassingAway:ReiMu+1","FineLineFantasy:ReiMu+1","NineCharacters:ReiMu+1","AirManeuver:ReiMu+1"],"relics":["FlyPower:ReiMu","Golden Idol","Incense Burner","Nunchaku","Velvet Choker","Red Mask","Ice Cream","Frozen Egg 2","Question Card","Calling Bell","Bag of Marbles","Toxic Egg 2","Lizard Tail","Mercury Hourglass","CaptainsWheel","Mango","Lantern"],"acts_visited":["Exordium","TheCity","TheBeyond"],"potions_floor_usage":[20,33],"damage_taken":[{"damage":0,"enemies":"Jaw Worm","floor":1,"turns":2},{"damage":0,"enemies":"2 Louse","floor":4,"turns":1},{"damage":0,"enemies":"Small Slimes","floor":7,"turns":2},{"damage":0,"enemies":"2 Fungi Beasts","floor":8,"turns":3},{"damage":6,"enemies":"Large Slime","floor":10,"turns":7},{"damage":11,"enemies":"Gremlin Gang","floor":11,"turns":2},{"damage":3,"enemies":"2 Fungi Beasts","floor":13,"turns":3},{"damage":11,"enemies":"The Guardian","floor":16,"turns":8},{"damage":4,"enemies":"Chosen","floor":18,"turns":4},{"damage":10,"enemies":"Masked Bandits","floor":20,"turns":4},{"damage":0,"enemies":"Spheric Guardian","floor":24,"turns":6},{"damage":3,"enemies":"Snake Plant","floor":25,"turns":4},{"damage":13,"enemies":"Gremlin Leader","floor":30,"turns":5},{"damage":11,"enemies":"Centurion and Healer","floor":31,"turns":6},{"damage":5,"enemies":"Automaton","floor":33,"turns":8},{"damage":0,"enemies":"3 Shapes","floor":35,"turns":4},{"damage":0,"enemies":"Mind Bloom Boss Battle","floor":39,"turns":7},{"damage":13,"enemies":"3 Darklings","floor":41,"turns":4},{"damage":9,"enemies":"Giant Head","floor":42,"turns":9},{"damage":6,"enemies":"Writhing Mass","floor":44,"turns":6},{"damage":8,"enemies":"Sphere and 2 Shapes","floor":46,"turns":5},{"damage":5,"enemies":"Donu and Deca","floor":50,"turns":8}],"seed_played":"8976033247960605489","potions_obtained":[{"floor":1,"key":"SkillPotion"},{"floor":4,"key":"BlessingOfTheForge"},{"floor":13,"key":"PanachePotion"},{"floor":25,"key":"EssenceOfSteel"},{"floor":30,"key":"PinkPotion:ReiMu"},{"floor":31,"key":"HakureiPotion:ReiMu"},{"floor":33,"key":"GrandPatriotsElixir:ReiMu"}],"is_trial":false,"path_per_floor":["M","$","?","M","?","R","M","M","T","M","M","R","M","$","R","B",null,"M","$","?","?","?","R","M","M","T","?","T","R","E","M","R","B",null,"M","?","$","?","?","R","M","E","T","M","R","M","R","$","R","B",null],"character_chosen":"REIMU","items_purchased":["RainPray2:ReiMu","Nunchaku","AlertArray:ReiMu","YinYangSange:ReiMu","ManaGlint:ReiMu","Mercury Hourglass","NineCharacters:ReiMu+1","AirManeuver:ReiMu+1"],"campfire_rested":3,"item_purchase_floors":[2,14,14,19,37,37,48,48],"current_hp_per_floor":[65,65,65,65,49,49,49,49,49,43,32,32,29,29,48,37,65,61,61,51,51,51,51,51,48,48,48,48,48,35,24,43,38,65,65,65,65,65,65,65,52,57,57,51,51,43,43,43,66,61],"gold":112,"neow_bonus":"ONE_RANDOM_RARE_CARD","is_daily":false,"chose_seed":false,"campfire_upgraded":7,"win_rate":0.0,"timestamp":1613462562,"path_taken":["M","$","?","M","?","R","M","M","T","M","M","R","M","?","R","BOSS","M","$","?","?","?","R","M","M","T","?","?","R","E","?","R","BOSS","M","?","?","?","?","R","M","E","T","M","R","M","R","$","R","BOSS"],"items_purchased_type":["Card","Relic","Card","Card","Card","Relic","Card","Card"],"build_version":"2020-12-22","purchased_purges":1,"victory":true,"max_hp_per_floor":[65,65,65,65,65,65,65,65,65,65,65,65,65,65,65,65,65,65,65,65,65,65,65,65,65,65,65,65,65,65,65,65,65,65,65,65,65,65,65,65,65,79,79,79,79,79,79,79,79,79],"relic_stats":{"Nunchaku":[11],"Lizard Tail":0,"counters":[22,99],"Golden Idol":154,"Question Card":9,"obtain_stats":[{"Ice Cream":21,"Lantern":43,"Golden Idol":5,"Velvet Choker":17,"Mango":42,"Incense Burner":9,"Frozen Egg 2":28,"Question Card":30,"Mercury Hourglass":37,"Calling Bell":34,"Nunchaku":14,"Lizard Tail":34,"CaptainsWheel":39,"Red Mask":20,"Bag of Marbles":34,"Toxic Egg 2":34,"FlyPower:ReiMu":0},{"Ice Cream":10,"Lantern":19,"Golden Idol":2,"Velvet Choker":8,"Mango":19,"Incense Burner":4,"Frozen Egg 2":12,"Question Card":13,"Mercury Hourglass":16,"Calling Bell":15,"Nunchaku":7,"Lizard Tail":15,"CaptainsWheel":17,"Red Mask":10,"Bag of Marbles":15,"Toxic Egg 2":15,"FlyPower:ReiMu":0},{"Ice Cream":34,"Lantern":82,"Golden Idol":3,"Velvet Choker":27,"Mango":82,"Incense Burner":8,"Frozen Egg 2":43,"Question Card":47,"Mercury Hourglass":65,"Calling Bell":61,"Nunchaku":19,"Lizard Tail":61,"CaptainsWheel":71,"Red Mask":34,"Bag of Marbles":61,"Toxic Egg 2":61,"FlyPower:ReiMu":0}],"Mercury Hourglass":[130]},"card_choices":[{"not_picked":["Intuition:ReiMu","SpiritualOutbreak2:ReiMu"],"picked":"InherentArray:ReiMu","floor":1},{"not_picked":["RainPray2:ReiMu","ManaGlint:ReiMu"],"picked":"Amulet:ReiMu","floor":4},{"not_picked":["SafetyPray:ReiMu","Crusade:ReiMu"],"picked":"CareerPray:ReiMu","floor":7},{"not_picked":["SubcavityInstant:ReiMu","Meditation:ReiMu"],"picked":"OctopathBindingBorder2:ReiMu","floor":8},{"not_picked":["CeremonyResonance:ReiMu","RainPray2:ReiMu"],"picked":"AirStrike:ReiMu","floor":10},{"not_picked":["Conquer:ReiMu","Amulet:ReiMu"],"picked":"SafetyPray:ReiMu","floor":11},{"not_picked":["AirStrike:ReiMu","Conquer:ReiMu"],"picked":"Determination:ReiMu","floor":13},{"not_picked":["SubcavityFantasy:ReiMu","CardOfSanctity:ReiMu"],"picked":"PrayRite:ReiMu","floor":16},{"not_picked":["LearningPray:ReiMu","AirManeuver:ReiMu"],"picked":"ShadowOfCrow2:ReiMu+1","floor":18},{"not_picked":["TightArray:ReiMu","LearningPray:ReiMu"],"picked":"Crusade:ReiMu","floor":20},{"not_picked":["Mountainwind:ReiMu","InherentArray:ReiMu"],"picked":"OctopathBindingBorder2:ReiMu","floor":24},{"not_picked":["SpiritualOutbreak2:ReiMu","ForcedLanding:ReiMu"],"picked":"SpringWay:ReiMu+1","floor":25},{"not_picked":["Revelation:ReiMu","Crusade:ReiMu"],"picked":"SpreadBorder2:ReiMu+1","floor":30},{"not_picked":["AirStrike:ReiMu","Conquer:ReiMu","CareerPray:ReiMu"],"picked":"SpreadBorder2:ReiMu+1","floor":31},{"not_picked":["BlastKick2:ReiMu","Determination:ReiMu","HakureiPhantom:ReiMu"],"picked":"KamiRite:ReiMu","floor":33},{"not_picked":["UniversalSpiritual:ReiMu+1","OctopathBindingBorder2:ReiMu+1","SubAcupoint:ReiMu+1"],"picked":"TakeOff:ReiMu+1","floor":35},{"not_picked":["AirStrike:ReiMu+1","RainPray2:ReiMu+1","EmergencyTakeOff:ReiMu+1"],"picked":"SubAcupoint:ReiMu+1","floor":39},{"not_picked":["Enchanting:ReiMu+1","SpringWay:ReiMu+1","TakeOff:ReiMu+1"],"picked":"PassingAway:ReiMu+1","floor":41},{"not_picked":["AlertArray:ReiMu+1","SafetyPray:ReiMu+1","SubcavityInstant:ReiMu+1"],"picked":"SpringWay:ReiMu+1","floor":42},{"not_picked":["SubAcupoint:ReiMu","WonderfulDomain:ReiMu+1","AirStrike:ReiMu+1"],"picked":"PassingAway:ReiMu+1","floor":44},{"not_picked":["Intuition:ReiMu+1","Enchanting:ReiMu+1","SpreadBorder2:ReiMu+1"],"picked":"FineLineFantasy:ReiMu+1","floor":46}],"player_experience":257451,"relics_obtained":[{"floor":9,"key":"Incense Burner"},{"floor":20,"key":"Red Mask"},{"floor":28,"key":"Frozen Egg 2"},{"floor":30,"key":"Question Card"},{"floor":34,"key":"Bag of Marbles"},{"floor":34,"key":"Toxic Egg 2"},{"floor":34,"key":"Lizard Tail"},{"floor":39,"key":"CaptainsWheel"},{"floor":42,"key":"Mango"},{"floor":43,"key":"Lantern"}],"event_choices":[{"damage_healed":0,"gold_gain":54,"player_choice":"Gained Gold","damage_taken":0,"max_hp_gain":0,"max_hp_loss":0,"event_name":"Golden Wing","floor":3,"gold_loss":0},{"damage_healed":0,"gold_gain":0,"player_choice":"Take Damage","damage_taken":16,"relics_obtained":["Golden Idol"],"max_hp_gain":0,"max_hp_loss":0,"event_name":"Golden Idol","floor":5,"gold_loss":0},{"damage_healed":0,"gold_gain":0,"player_choice":"Fought Bandits","damage_taken":0,"max_hp_gain":0,"max_hp_loss":0,"event_name":"Masked Bandits","floor":20,"gold_loss":0},{"damage_healed":0,"gold_gain":0,"player_choice":"Stole Relic","damage_taken":0,"relics_obtained":["Ice Cream"],"max_hp_gain":0,"max_hp_loss":0,"event_name":"Addict","floor":21,"gold_loss":0,"cards_obtained":["Shame"]},{"cards_removed":["Shame"],"damage_healed":0,"gold_gain":0,"player_choice":"Elegance","damage_taken":0,"max_hp_gain":0,"max_hp_loss":0,"event_name":"Back to Basics","floor":22,"gold_loss":0},{"damage_healed":0,"gold_gain":99,"player_choice":"Stole From Cult","damage_taken":0,"max_hp_gain":0,"max_hp_loss":0,"event_name":"Nest","floor":27,"gold_loss":0},{"damage_healed":0,"gold_gain":0,"player_choice":"Upgraded","damage_taken":0,"max_hp_gain":0,"max_hp_loss":0,"event_name":"Upgrade Shrine","floor":36,"gold_loss":0,"cards_upgraded":["SubAcupoint:ReiMu"]},{"cards_removed":["Determination:ReiMu"],"damage_healed":0,"gold_gain":0,"player_choice":"Removed Attack","damage_taken":0,"max_hp_gain":0,"max_hp_loss":0,"event_name":"Falling","floor":38,"gold_loss":0},{"damage_healed":0,"gold_gain":0,"player_choice":"Fight","damage_taken":0,"max_hp_gain":0,"max_hp_loss":0,"event_name":"MindBloom","floor":39,"gold_loss":0}],"is_beta":false,"boss_relics":[{"not_picked":["energizedSpire:MagnifyingGlass","energizedSpire:SpiderWeb"],"picked":"Velvet Choker"},{"not_picked":["energizedSpire:RedRose","Runic Dome"],"picked":"Calling Bell"}],"items_purged_floors":[19],"is_endless":false,"potions_floor_spawned":[1,4,10,13,18,25,30,31,33,35,44],"ascension_level":0}}