{"host":"qxeepl7ydvsgmfdb","time":1613492456,"event":{"mods":["AchievementEnabler","BaseMod","Colored Powertips","Minty Spire (QoL Compilation)","Quick Restart","slay the spire mod where everything is the same but ironclad has a cowboy hat"],"gold_per_floor":[111,111,111,261,21,54,54,54,54,89,89,114,155,102,102,193,193,207,230,230,230],"floor_reached":20,"language":"ENG","playtime":911,"items_purged":["Doubt"],"score":440,"play_id":"dbb8c34f-64e9-41d2-8f46-98141d36ef38","local_time":"20210216112056","is_ascension_mode":true,"campfire_choices":[{"data":"Deflect","floor":8,"key":"SMITH"},{"floor":15,"key":"REST"}],"circlet_count":0,"master_deck":["AscendersBane","Strike_G","Strike_G","Strike_G","Strike_G","Strike_G","Defend_G","Defend_G+1","Defend_G+1","Defend_G","Defend_G","Survivor","Neutralize","Deadly Poison+1","Deflect+1","Accuracy","Slice","Corpse Explosion","Blade Dance"],"relics":["Ring of the Snake","NeowsBlessing","Blood Vial","Pantograph","White Beast Statue","War Paint","Golden Idol","Lantern","Ancient Tea Set","WristBlade"],"acts_visited":["Exordium","TheCity"],"potions_floor_usage":[13,16,16,16,19,20],"damage_taken":[{"damage":0,"enemies":"Jaw Worm","floor":1,"turns":1},{"damage":0,"enemies":"Lagavulin","floor":6,"turns":1},{"damage":0,"enemies":"Gremlin Nob","floor":10,"turns":1},{"damage":7,"enemies":"Small Slimes","floor":12,"turns":4},{"damage":28,"enemies":"Lagavulin","floor":13,"turns":8},{"damage":23,"enemies":"The Guardian","floor":16,"turns":11},{"damage":22,"enemies":"3 Byrds","floor":18,"turns":3},{"damage":26,"enemies":"Shell Parasite","floor":19,"turns":6},{"damage":28,"enemies":"Sentry and Sphere","floor":20,"turns":5}],"seed_played":"6604406636021563536","potions_obtained":[{"floor":10,"key":"CunningPotion"},{"floor":12,"key":"LiquidBronze"},{"floor":13,"key":"ColorlessPotion"},{"floor":16,"key":"Fruit Juice"},{"floor":18,"key":"SkillPotion"},{"floor":19,"key":"Energy Potion"}],"is_trial":false,"path_per_floor":["M","?","$","?","$","E","?","R","T","E","?","M","E","?","R","B",null,"M","M","M"],"character_chosen":"THE_SILENT","items_purchased":["Blood Vial"],"campfire_rested":1,"item_purchase_floors":[5],"current_hp_per_floor":[59,59,59,59,59,61,61,61,61,63,40,35,9,9,28,37,63,43,19,0,0],"gold":230,"neow_bonus":"THREE_ENEMY_KILL","is_daily":false,"chose_seed":false,"campfire_upgraded":1,"win_rate":0.0,"timestamp":1613492456,"path_taken":["M","?","$","?","$","E","?","R","T","E","?","M","E","?","R","BOSS","M","M","M"],"items_purchased_type":["Relic"],"build_version":"2020-12-22","purchased_purges":1,"victory":false,"max_hp_per_floor":[66,66,66,66,66,66,66,66,66,66,66,66,66,66,66,71,71,71,71,71,71],"card_choices":[{"not_picked":["Prepared","PiercingWail"],"picked":"Deadly Poison","floor":1},{"not_picked":["Masterful Stab","Leg Sweep"],"picked":"Deflect","floor":6},{"not_picked":["Deflect","Underhanded Strike","Dodge and Roll"],"picked":"SKIP","floor":10},{"not_picked":["Concentrate","Backflip"],"picked":"Accuracy","floor":12},{"not_picked":["Bane","Acrobatics"],"picked":"Slice","floor":13},{"not_picked":["Glass Knife","Bullet Time"],"picked":"Corpse Explosion","floor":16},{"not_picked":["Masterful Stab","Prepared+1","Underhanded Strike"],"picked":"SKIP","floor":18},{"not_picked":["Dagger Throw","Well Laid Plans"],"picked":"Blade Dance","floor":19}],"player_experience":158519,"relics_obtained":[{"floor":6,"key":"Pantograph"},{"floor":9,"key":"White Beast Statue"},{"floor":10,"key":"War Paint"},{"floor":13,"key":"Lantern"}],"event_choices":[{"damage_healed":0,"gold_gain":0,"player_choice":"Grow","damage_taken":0,"max_hp_gain":0,"max_hp_loss":0,"event_name":"Living Wall","floor":2,"gold_loss":0,"cards_upgraded":["Deadly Poison"]},{"damage_healed":0,"gold_gain":150,"player_choice":"AGREE","damage_taken":0,"max_hp_gain":0,"max_hp_loss":0,"event_name":"Liars Game","floor":4,"gold_loss":0,"cards_obtained":["Doubt"]},{"damage_healed":0,"gold_gain":0,"player_choice":"Searched \u00270\u0027 times","damage_taken":0,"max_hp_gain":0,"max_hp_loss":0,"event_name":"Dead Adventurer","floor":7,"gold_loss":0},{"damage_healed":0,"gold_gain":0,"player_choice":"Take Damage","damage_taken":23,"relics_obtained":["Golden Idol"],"max_hp_gain":0,"max_hp_loss":0,"event_name":"Golden Idol","floor":11,"gold_loss":0},{"damage_healed":0,"gold_gain":0,"player_choice":"Paid Gold","damage_taken":0,"relics_obtained":["Ancient Tea Set"],"max_hp_gain":0,"max_hp_loss":0,"event_name":"WeMeetAgain","floor":14,"gold_loss":53}],"is_beta":false,"boss_relics":[{"not_picked":["SacredBark","Cursed Key"],"picked":"WristBlade"}],"items_purged_floors":[5],"is_endless":false,"potions_floor_spawned":[10,12,13,16,18,19],"killed_by":"Sentry and Sphere","ascension_level":17}}