{"host":"4lruzp1xu8o5tnk3","time":1613482338,"event":{"mods":["Act Like it!","BaseMod","Gensokyo","GifTheSpireLib","Hubris","Jedi Mod","Minty Spire (QoL Compilation)","Replay The Spire","StSLib","Stuff the Spire"],"gold_per_floor":[109,120,73,85,95,95,127,127,127,127,146,146,146,163,163,262,262,273,273,293,309,321,321,321,346,397,17,31,31,31,47,47,150,150,161,175,238,254,264,264,264,264,264,264,264,274,199,218,218,218],"floor_reached":51,"language":"ENG","playtime":1668,"items_purged":["hubris:Disease"],"score":746,"play_id":"f1a70305-0fc7-44a9-8f30-1d3f80be8ba2","local_time":"20210216163218","daily_mods":["SealedDeck","Heirloom","Lethality"],"is_ascension_mode":false,"campfire_choices":[{"data":"TalkToTheHand","floor":6,"key":"SMITH"},{"data":"SignatureMove","floor":8,"key":"SMITH"},{"data":"Crescendo","floor":10,"key":"SMITH"},{"data":"TalkToTheHand","floor":13,"key":"SMITH"},{"data":"CrushJoints","floor":15,"key":"SMITH"},{"data":"FollowUp","floor":23,"key":"SMITH"},{"floor":30,"key":"REST"},{"data":"Halt","floor":32,"key":"SMITH"},{"data":"Vault","floor":40,"key":"SMITH"},{"data":"Prostrate","floor":42,"key":"SMITH"},{"data":"Prostrate","floor":45,"key":"SMITH"},{"floor":49,"key":"REST"}],"circlet_count":0,"master_deck":["Halt+1","SignatureMove+1","Evaluate","CrushJoints+1","Consecrate","FollowUp+1","FollowUp","Consecrate","TalkToTheHand+1","Crescendo+1","TalkToTheHand+1","FearNoEvil","Prostrate+1","Wallop","ConjureBlade","DeceiveReality+1","FollowUp+1","Tantrum+1","Pray","Tantrum+1","Vault+1","Prostrate+1","Hallucinations","BowlingBash+1","Replay:DivineShield+1","Tantrum+1"],"relics":["PureWater","Pondfish Scales","Shuriken","hubris:ToyBattleship","Kunai","Gensokyo:Justice","jedi:paperlyon","Molten Egg 2","Gensokyo:SongOfSouls","Ancient Tea Set","Anchor","hubris:TenFootPole","Sling","Cursed Key","Replay:Baseball","Sundial","Vajra"],"acts_visited":["Gensokyo:Gensokyo","Gensokyo:Gensokyoer","Gensokyo:Gensokyoest"],"potions_floor_usage":[25],"damage_taken":[{"damage":0.0,"enemies":"Gensokyo:2_Kodama","floor":1.0,"turns":1.0},{"damage":0.0,"enemies":"Gensokyo:Python","floor":2.0,"turns":1.0},{"damage":0,"enemies":"Gensokyo:3_Fairies","floor":4,"turns":2},{"damage":0,"enemies":"Gensokyo:Kitsune","floor":5,"turns":2},{"damage":0,"enemies":"Gensokyo:Cirno","floor":7,"turns":3},{"damage":6,"enemies":"Gensokyo:5_Fairies","floor":11,"turns":3},{"damage":1,"enemies":"Gensokyo:CorruptedTreant","floor":14,"turns":1},{"damage":0,"enemies":"Gensokyo:Reimu","floor":16,"turns":3},{"damage":0,"enemies":"Gensokyo:2_Gloops","floor":18,"turns":3},{"damage":0,"enemies":"Gensokyo:CosmicMonolith","floor":20,"turns":1},{"damage":18,"enemies":"Gensokyo:Wraith","floor":21,"turns":3},{"damage":0,"enemies":"Gensokyo:Monolith_and_Dog","floor":22,"turns":2},{"damage":18,"enemies":"Gensokyo:Tenshi","floor":25,"turns":2},{"damage":0,"enemies":"Gensokyo:Swordslinger","floor":28,"turns":2},{"damage":0,"enemies":"Gensokyo:Mirror_and_Dog","floor":31,"turns":1},{"damage":4,"enemies":"Gensokyo:Eternal_Rivals","floor":33,"turns":6},{"damage":0,"enemies":"Gensokyo:AncientGuardian","floor":35,"turns":2},{"damage":0,"enemies":"Gensokyo:3_Boulders","floor":36,"turns":2},{"damage":11,"enemies":"Gensokyo:Dusk_and_Dawn","floor":38,"turns":3},{"damage":0,"enemies":"Gensokyo:AtlasGolem","floor":39,"turns":3},{"damage":0,"enemies":"Gensokyo:3_Boulders","floor":46,"turns":1},{"damage":0,"enemies":"Gensokyo:Dusk_and_Dawn","floor":48,"turns":2},{"damage":14,"enemies":"Gensokyo:Yuyuko","floor":50,"turns":4}],"seed_played":"-6103763330655032155","potions_obtained":[{"floor":2.0,"key":"SteroidPotion"},{"floor":7,"key":"Weak Potion"},{"floor":14,"key":"Explosive Potion"},{"floor":33,"key":"Fire Potion"},{"floor":37,"key":"Ambrosia"},{"floor":37,"key":"DuplicationPotion"}],"is_trial":true,"path_per_floor":["M","M","COS","M","M","R","E","R","T","R","M","?","R","M","R","B",null,"M","?","M","M","M","R","?","E","T","$","M","?","R","M","R","B",null,"M","M","?","M","M","R","?","R","T","?","R","M","$","M","R","B",null],"character_chosen":"WATCHER","items_purchased":["hubris:TenFootPole","Sling","Pray"],"campfire_rested":2,"item_purchase_floors":[27,27,27],"current_hp_per_floor":[72,72,72,72,72,72,72,72,72,72,66,66,66,65,65,65,72,72,72,72,54,54,54,54,36,36,36,36,36,57,57,57,53,72,72,72,72,61,61,61,61,61,61,54,54,54,54,54,72,72],"gold":218,"neow_bonus":"","is_daily":false,"chose_seed":false,"campfire_upgraded":10,"win_rate":0.0,"timestamp":1613482338,"path_taken":["M","M","COS","M","M","R","E","R","T","R","M","?","R","?","R","BOSS","M","?","M","?","M","R","?","E","T","?","?","?","R","?","R","BOSS","M","M","?","?","M","R","?","R","T","?","R","?","$","M","R","BOSS"],"items_purchased_type":["Relic","Relic","Card"],"build_version":"2020-12-22","purchased_purges":1,"victory":true,"max_hp_per_floor":[72,72,72,72,72,72,72,72,72,72,72,72,72,72,72,72,72,72,72,72,72,72,72,72,72,72,72,72,72,72,72,72,72,72,72,72,72,72,72,72,72,72,72,72,72,72,72,72,72,72],"card_choices":[{"not_picked":["CutThroughFate","JustLucky","FlyingSleeves"],"picked":"SKIP","floor":1.0},{"not_picked":["Study","SashWhip"],"picked":"TalkToTheHand","floor":2.0},{"not_picked":["Replay:AtTheReady","EmptyMind","Replay:BluntJabs"],"picked":"SKIP","floor":4},{"not_picked":["Nirvana","JustLucky"],"picked":"FearNoEvil","floor":5},{"not_picked":["BowlingBash","Replay:Anticipation"],"picked":"Crescendo","floor":7},{"not_picked":["Fasting2","FollowUp"],"picked":"Prostrate","floor":11},{"not_picked":["Conclude","EmptyBody"],"picked":"Wallop","floor":14},{"not_picked":["MasterReality","Omniscience"],"picked":"ConjureBlade","floor":16},{"not_picked":["Consecrate","MentalFortress","WreathOfFlame"],"picked":"SKIP","floor":18},{"not_picked":["SandsOfTime+1","SashWhip+1"],"picked":"DeceiveReality+1","floor":20},{"not_picked":["Wireheading","LikeWater","Evaluate"],"picked":"SKIP","floor":21},{"not_picked":["FlurryOfBlows+1","DeceiveReality+1"],"picked":"FollowUp+1","floor":22},{"not_picked":["FlurryOfBlows+1","FollowUp+1"],"picked":"Tantrum+1","floor":25},{"not_picked":["Replay:BluntJabs+1","Replay:ManipulateFuture"],"picked":"Tantrum+1","floor":28},{"not_picked":["Replay:BluntJabs+1","Alpha","CutThroughFate+1"],"picked":"SKIP","floor":31},{"not_picked":["Alpha","Blasphemy"],"picked":"Vault","floor":33},{"not_picked":["Replay:Anticipation+1","Evaluate"],"picked":"Prostrate","floor":35},{"not_picked":["WreathOfFlame","FlurryOfBlows+1","Replay:ManipulateFuture"],"picked":"SKIP","floor":36},{"not_picked":["Replay:ManipulateFuture+1","CutThroughFate+1"],"picked":"BowlingBash+1","floor":37},{"not_picked":["FlyingSleeves+1","EmptyFist+1"],"picked":"Replay:DivineShield+1","floor":38},{"not_picked":["Worship+1","Devotion"],"picked":"Tantrum+1","floor":39},{"not_picked":["Replay:Anticipation","Replay:BluntJabs+1","ClearTheMind+1"],"picked":"SKIP","floor":46},{"not_picked":["FlurryOfBlows+1","SashWhip+1","CutThroughFate+1"],"picked":"SKIP","floor":48}],"player_experience":1047016,"relics_obtained":[{"floor":7,"key":"hubris:ToyBattleship"},{"floor":9,"key":"Kunai"},{"floor":25,"key":"Ancient Tea Set"},{"floor":26,"key":"Anchor"},{"floor":37,"key":"Replay:Baseball"},{"floor":43,"key":"Sundial"}],"event_choices":[],"is_beta":false,"boss_relics":[{"not_picked":["SlaversCollar","Tiny House"],"picked":"jedi:paperlyon"},{"not_picked":["Replay:Ancient Bell","HolyWater"],"picked":"Cursed Key"}],"items_purged_floors":[47],"is_endless":false,"potions_floor_spawned":[2,7,14,18,21,22,33,35,39],"ascension_level":0}}