{"host":"6dypmz777xraikqf","time":1613470393,"event":{"mods":["AchievementEnabler","BaseMod","BetterRewards","Colored Map","Colored Powertips","Downfall","Highlight Path","Hubris","Infinite Spire","Minty Spire (QoL Compilation)","Replay The Spire","StSLib"],"gold_per_floor":[110,35,48,48,48,81,91,91,118,118,118,134,160,175,175,252,252,229,229,229,229,239,254,286,286,310,310,337,351,351,351,351,426,426,468,517,569,624,199,199,237,237,261,311,345,377,413,456,456,456],"floor_reached":51,"language":"ENG","playtime":4315,"items_purged":["Defend_R","Anger"],"score":1744,"play_id":"7d4a7835-e8f4-4713-ad3d-60ca7ffd20ee","local_time":"20210216101313","is_ascension_mode":true,"campfire_choices":[{"data":"infinitespire:OneForAll","floor":8,"key":"SMITH"},{"data":"Shrug It Off","floor":10,"key":"SMITH"},{"data":"Entrench","floor":15,"key":"SMITH"},{"data":"Heavy Blade","floor":25,"key":"SMITH"},{"data":"Inflame","floor":30,"key":"SMITH"},{"data":"infinitespire:NeuralNetwork","floor":32,"key":"SMITH"},{"data":"Demon Form","floor":40,"key":"SMITH"},{"data":"Demon Form","floor":42,"key":"SMITH"},{"data":"Impervious","floor":49,"key":"SMITH"}],"circlet_count":0,"master_deck":["AscendersBane","Defend_R","Defend_R","Defend_R","Bash","Shrug It Off+1","infinitespire:OneForAll+1","Clothesline","Entrench+1","Immolate+1","Bite+1","Bite","Bite","Bite","Bite","Heavy Blade+1","ReplayTheSpireMod:Haul","Combust+1","Inflame+1","infinitespire:NeuralNetwork+1","Demon Form+1","Demon Form+1","Impervious+1"],"relics":["Burning Blood","NeowsBlessing","Happy Flower","Replay:Mystery Machine","Tiny Chest","Red Skull","Velvet Choker","Strawberry","CultistMask","ReplayTheSpireMod:TigerMarble","Blood Vial","Guide Book","hubris:VirtuousBlindfold","Onion Ring","infinitespire:EvilPickle","infinitespire:Cupcake","PreservedInsect","Lizard Tail","hubris:TenFootPole","infinitespire:Beetle Shell"],"acts_visited":["Exordium","TheCity","TheBeyond"],"potions_floor_usage":[14,24,33,35,41],"damage_taken":[{"damage":0,"enemies":"Jaw Worm","floor":1,"turns":1},{"damage":0,"enemies":"Small Slimes","floor":3,"turns":1},{"damage":0,"enemies":"Lagavulin","floor":6,"turns":1},{"damage":29,"enemies":"infinitespire:Voidling","floor":7,"turns":6},{"damage":16,"enemies":"Lots of Slimes","floor":12,"turns":5},{"damage":17,"enemies":"Replay:BlueRogue","floor":13,"turns":6},{"damage":7,"enemies":"Exordium Thugs","floor":14,"turns":3},{"damage":12,"enemies":"Hexaghost","floor":16,"turns":9},{"damage":0,"enemies":"2 Thieves","floor":18,"turns":4},{"damage":6,"enemies":"3 Byrds","floor":22,"turns":4},{"damage":22,"enemies":"Snake Plant","floor":23,"turns":5},{"damage":16,"enemies":"Book of Stabbing","floor":24,"turns":3},{"damage":14,"enemies":"Gremlin Leader","floor":28,"turns":5},{"damage":0,"enemies":"3 Cultists","floor":29,"turns":1},{"damage":25,"enemies":"Pondfish","floor":33,"turns":4},{"damage":14,"enemies":"3 Darklings","floor":35,"turns":2},{"damage":11,"enemies":"Orb Walker","floor":36,"turns":2},{"damage":25,"enemies":"4 Shapes","floor":37,"turns":6},{"damage":31,"enemies":"Maw","floor":38,"turns":4},{"damage":24,"enemies":"R_Hoarder","floor":41,"turns":4},{"damage":0,"enemies":"Sphere and 2 Shapes","floor":45,"turns":3},{"damage":1,"enemies":"3 Darklings","floor":46,"turns":4},{"damage":12,"enemies":"Jaw Worm Horde","floor":47,"turns":3},{"damage":29,"enemies":"Writhing Mass","floor":48,"turns":5},{"damage":126,"enemies":"Donu and Deca","floor":50,"turns":7}],"seed_played":"769999204347446620","potions_obtained":[{"floor":1,"key":"FairyPotion"},{"floor":3,"key":"Fire Potion"},{"floor":23,"key":"SneckoOil"},{"floor":24,"key":"Reflective Coating"},{"floor":28,"key":"PowerPotion"},{"floor":33,"key":"Toxic Potion"},{"floor":35,"key":"Toxic Potion"},{"floor":45,"key":"champ:CounterPotion"}],"is_trial":false,"path_per_floor":["M","$","M","$","?","E","M","R","T","R","?","M","E","M","R","B",null,"M","?","T","?","M","M","E","R","T","AVR","E","M","R","?","R","B",null,"M","M","M","M","$","R","E","R","T","T","M","M","M","M","R","B",null],"character_chosen":"IRONCLAD","items_purchased":["Impervious","PreservedInsect"],"campfire_rested":0,"item_purchase_floors":[39,39],"current_hp_per_floor":[74,74,75,75,80,80,57,57,57,57,57,47,36,35,35,29,67,73,56,63,63,63,57,51,51,51,51,57,63,63,49,49,39,57,55,56,53,41,41,41,30,30,30,30,45,63,59,47,47,9],"gold":456,"neow_bonus":"THREE_ENEMY_KILL","is_daily":false,"chose_seed":false,"campfire_upgraded":9,"win_rate":0.0,"timestamp":1613470393,"path_taken":["M","$","M","$","?","E","M","R","T","R","?","?","E","?","R","BOSS","M","?","?","?","?","M","E","R","T","AVR","E","M","R","?","R","BOSS","M","M","M","M","$","R","E","R","T","?","?","M","M","M","R","BOSS"],"items_purchased_type":["Card","Relic"],"build_version":"2020-12-22","purchased_purges":2,"victory":true,"max_hp_per_floor":[75,75,75,75,80,80,80,80,80,80,80,80,80,80,80,80,80,80,56,63,63,63,63,63,63,63,63,63,63,63,63,63,63,63,63,63,63,63,63,63,63,63,63,63,63,63,63,63,63,63],"card_choices":[{"not_picked":["Sword Boomerang","Body Slam"],"picked":"Shrug It Off","floor":1},{"not_picked":["Armaments","Twin Strike"],"picked":"Whirlwind","floor":3},{"not_picked":["Heavy Blade","Body Slam"],"picked":"infinitespire:OneForAll","floor":6},{"not_picked":["Headbutt","Pummel"],"picked":"Anger","floor":7},{"not_picked":["Infernal Blade","Havoc","Corruption"],"picked":"SKIP","floor":12},{"not_picked":["Pommel Strike","Replay:Undeath\u0027s Touch"],"picked":"Clothesline","floor":13},{"not_picked":["Perfected Strike","Hemokinesis"],"picked":"Entrench","floor":14},{"not_picked":["Corruption","Barricade"],"picked":"Immolate","floor":16},{"not_picked":["True Grit","Sentinel","Life Link"],"picked":"SKIP","floor":18},{"not_picked":["Entrench","ReplayTheSpireMod:Strike From Hell","Havoc"],"picked":"SKIP","floor":22},{"not_picked":["Entrench","Twin Strike","Clothesline"],"picked":"SKIP","floor":23},{"not_picked":["hubris:StunningStrike","Burning Pact"],"picked":"Heavy Blade","floor":24},{"not_picked":["Burning Pact","Thunderclap"],"picked":"Combust+1","floor":28},{"not_picked":["Rampage","Body Slam"],"picked":"Inflame","floor":29},{"not_picked":["infinitespire:FinalStrike","infinitespire:SevenWalls"],"picked":"infinitespire:NeuralNetwork","floor":31},{"not_picked":["Reaper","Barricade"],"picked":"Demon Form","floor":33},{"not_picked":["Clash","Thunderclap+1","Cleave"],"picked":"SKIP","floor":35},{"not_picked":["Flex","Run Through","Body Slam+1"],"picked":"SKIP","floor":36},{"not_picked":["Headbutt","ReplayTheSpireMod:Strike From Hell"],"picked":"Demon Form","floor":37},{"not_picked":["hubris:ReadiedAction","Armaments+1","Warcry"],"picked":"SKIP","floor":38},{"not_picked":["Clothesline","Flex+1","Seeing Red"],"picked":"SKIP","floor":41},{"not_picked":["ReplayTheSpireMod:Muscle Training","Sword Boomerang","Juggernaut"],"picked":"SKIP","floor":45},{"not_picked":["Armaments","Clothesline","ReplayTheSpireMod:Strike From Hell"],"picked":"SKIP","floor":46},{"not_picked":["Body Slam+1","Sentinel","Feed"],"picked":"SKIP","floor":47},{"not_picked":["infinitespire:OneForAll+1","ReplayReversal","Heavy Blade+1"],"picked":"SKIP","floor":48}],"player_experience":240888,"relics_obtained":[{"floor":6,"key":"Happy Flower"},{"floor":9,"key":"Replay:Mystery Machine"},{"floor":13,"key":"Red Skull"},{"floor":20,"key":"Strawberry"},{"floor":24,"key":"ReplayTheSpireMod:TigerMarble"},{"floor":26,"key":"Blood Vial"},{"floor":28,"key":"Onion Ring"},{"floor":41,"key":"Lizard Tail"},{"floor":43,"key":"hubris:TenFootPole"},{"floor":44,"key":"infinitespire:Beetle Shell"}],"event_choices":[{"damage_healed":0,"gold_gain":0,"player_choice":"Donut","damage_taken":0,"max_hp_gain":5,"max_hp_loss":0,"event_name":"Big Fish","floor":5,"gold_loss":0},{"cards_removed":["Whirlwind"],"damage_healed":0,"gold_gain":0,"player_choice":"Gave Card","damage_taken":0,"relics_obtained":["Tiny Chest"],"max_hp_gain":0,"max_hp_loss":0,"event_name":"WeMeetAgain","floor":11,"gold_loss":0},{"damage_healed":0,"gold_gain":0,"player_choice":"Became a vampire","damage_taken":0,"max_hp_gain":0,"max_hp_loss":24,"event_name":"Vampires","floor":19,"gold_loss":0,"cards_obtained":["Bite","Bite","Bite","Bite","Bite"]},{"damage_healed":0,"gold_gain":0,"player_choice":"Trade","damage_taken":0,"relics_obtained":["CultistMask"],"max_hp_gain":0,"max_hp_loss":0,"event_name":"FaceTrader","floor":21,"gold_loss":0}],"is_beta":false,"boss_relics":[{"not_picked":["ChewingGum","Replay:Bronze Core"],"picked":"Velvet Choker"},{"not_picked":["Calling Bell","Abe\u0027s Treasure"],"picked":"infinitespire:Cupcake"}],"items_purged_floors":[2,39],"is_endless":false,"potions_floor_spawned":[1,3,12,13,23,24,28,33,35,37,45,46,47,48],"ascension_level":17}}