{"host":"neeznpvpgo0qgfkd","time":1613458394,"event":{"mods":["AchievementEnabler","BaseMod","BetterRewards","Colored Map","Colored Powertips","Exacting","Minty Spire (QoL Compilation)","Permanent Neow","Quick Restart","Shop Mod"],"gold_per_floor":[118,293,342,342,357,357,388,399,399,399,412,14,26,55,55,156,156,174,186,213,18,18,18,50,60,84,84,149,149,178,278,278,381,381,401,51,51,99,39,39,65,65,65,94,126,160,176,209,209,209,209,209,23,52,52],"floor_reached":56,"language":"ENG","playtime":2956,"items_purged":["Doubt"],"score":1810,"play_id":"bc31ef36-b662-48fc-b4e1-d45111fb158c","local_time":"20210216015314","is_ascension_mode":true,"campfire_choices":[{"data":"Heavy Blade","floor":6.0,"key":"SMITH"},{"data":"Spot Weakness","floor":10.0,"key":"SMITH"},{"data":"Heavy Blade","floor":15.0,"key":"SMITH"},{"floor":23.0,"key":"REST"},{"floor":27.0,"key":"RECALL"},{"data":"Exhume","floor":29.0,"key":"SMITH"},{"data":"Flex","floor":32.0,"key":"SMITH"},{"floor":40.0,"key":"REST"},{"data":"Rupture","floor":42.0,"key":"SMITH"},{"floor":49.0,"key":"REST"},{"data":"Inflame","floor":52,"key":"SMITH"}],"circlet_count":0,"master_deck":["Strike_R","Strike_R","Strike_R","Strike_R","Strike_R","Defend_R+1","Defend_R","Defend_R+1","Defend_R","Bash","Rupture+1","Flex+1","Heavy Blade+1","Iron Wave","Pain","Iron Wave","Spot Weakness+1","Shrug It Off","Inflame+1","Perfected Strike","Heavy Blade+1","Reaper","Twin Strike","Thunderclap+1","Perfected Strike","Infernal Blade+1","Exhume+1","Double Tap","Perfected Strike+1","Armaments","Madness","Madness","Seeing Red+1","Metallicize","Heavy Blade+1","Hemokinesis+1","Iron Wave+1","Pummel","Dropkick"],"relics":["Black Blood","StrikeDummy","Magic Flower","ClockworkSouvenir","Vajra","WarpedTongs","Happy Flower","The Courier","Turnip","Oddly Smooth Stone","Mango","Red Mask","Kunai","Blood Vial","PreservedInsect","Mercury Hourglass","Toy Ornithopter","Prayer Wheel","Pantograph","MerchantsRug","Nunchaku","Torii","Thread and Needle","Bronze Scales","Bird Faced Urn","War Paint","Gremlin Horn","Pen Nib"],"acts_visited":["Exordium","TheCity","TheBeyond","TheEnding"],"potions_floor_usage":[50,50,54,54],"damage_taken":[{"damage":7.0,"enemies":"Jaw Worm","floor":1.0,"turns":2.0},{"damage":0.0,"enemies":"Small Slimes","floor":3.0,"turns":2.0},{"damage":2.0,"enemies":"Cultist","floor":5.0,"turns":2.0},{"damage":16.0,"enemies":"3 Sentries","floor":7.0,"turns":5.0},{"damage":10.0,"enemies":"2 Fungi Beasts","floor":8.0,"turns":2.0},{"damage":20.0,"enemies":"Large Slime","floor":11.0,"turns":4.0},{"damage":12.0,"enemies":"Exordium Wildlife","floor":13.0,"turns":6.0},{"damage":25.0,"enemies":"Lagavulin","floor":14.0,"turns":4.0},{"damage":5.0,"enemies":"Slime Boss","floor":16.0,"turns":7.0},{"damage":19.0,"enemies":"Chosen","floor":18.0,"turns":4.0},{"damage":8.0,"enemies":"3 Byrds","floor":19.0,"turns":4.0},{"damage":42.0,"enemies":"Masked Bandits","floor":20.0,"turns":4.0},{"damage":33.0,"enemies":"Gremlin Leader","floor":24.0,"turns":4.0},{"damage":12.0,"enemies":"3 Cultists","floor":25.0,"turns":3.0},{"damage":22.0,"enemies":"Slavers","floor":28.0,"turns":3.0},{"damage":0.0,"enemies":"Gremlin Leader","floor":30.0,"turns":4.0},{"damage":10.0,"enemies":"Colosseum Slavers","floor":31.0,"turns":2.0},{"damage":18.0,"enemies":"Colosseum Nobs","floor":31.0,"turns":3.0},{"damage":53.0,"enemies":"Collector","floor":33.0,"turns":7.0},{"damage":5.0,"enemies":"Orb Walker","floor":35.0,"turns":2.0},{"damage":55.0,"enemies":"2 Orb Walkers","floor":38.0,"turns":4.0},{"damage":59.0,"enemies":"Nemesis","floor":41.0,"turns":5.0},{"damage":33.0,"enemies":"Giant Head","floor":44.0,"turns":6.0},{"damage":12.0,"enemies":"3 Shapes","floor":45.0,"turns":3.0},{"damage":71.0,"enemies":"Nemesis","floor":46.0,"turns":7.0},{"damage":22.0,"enemies":"Sphere and 2 Shapes","floor":47.0,"turns":5.0},{"damage":56.0,"enemies":"Giant Head","floor":48.0,"turns":7.0},{"damage":148,"enemies":"Awakened One","floor":50,"turns":11},{"damage":77,"enemies":"Shield and Spear","floor":54,"turns":5},{"damage":124,"enemies":"The Heart","floor":55,"turns":8}],"seed_played":"5800090611826651518","potions_obtained":[{"floor":3.0,"key":"Regen Potion"},{"floor":5.0,"key":"EntropicBrew"},{"floor":11.0,"key":"DuplicationPotion"},{"floor":14.0,"key":"Block Potion"},{"floor":20.0,"key":"BlessingOfTheForge"},{"floor":24.0,"key":"AttackPotion"},{"floor":25.0,"key":"Dexterity Potion"},{"floor":30.0,"key":"Strength Potion"},{"floor":35.0,"key":"HeartOfIron"},{"floor":45.0,"key":"DuplicationPotion"},{"floor":48.0,"key":"SpeedPotion"}],"is_trial":false,"path_per_floor":["M","?","M","?","M","R","E","M","T","R","M","$","M","E","R","B",null,"M","M","?","$","?","R","E","M","T","R","E","R","E","?","R","B",null,"M","$","?","?","$","R","E","R","T","E","M","E","M","E","R","B",null,"R","$","E","B",null],"character_chosen":"IRONCLAD","items_purchased":["StrikeDummy","ClockworkSouvenir","Vajra","Rupture","Flex","BlessingOfTheForge","Turnip","Inflame","Oddly Smooth Stone","Kunai","MerchantsRug","Nunchaku","Torii","FairyPotion","Regen Potion","Block Potion"],"campfire_rested":3,"item_purchase_floors":[0,0,0,0,0,0,12,12,12,21,36,36,36,53,53,53],"current_hp_per_floor":[74,74,80,80,80,80,73,72,72,72,61,61,80,78,78,82,91,90,94,61,61,61,89,94,91,91,91,81,81,94,85,85,50,83,94,94,82,66,66,94,74,74,74,62,94,47,52,60,88,32,79,79,79,94,39],"gold":52,"neow_bonus":"","is_daily":false,"chose_seed":false,"campfire_upgraded":7,"win_rate":0.0,"timestamp":1613458394,"path_taken":["M","?","M","?","M","R","E","M","T","R","M","$","?","E","R","BOSS","M","M","?","$","?","R","E","M","T","R","E","R","E","?","R","BOSS","M","$","?","?","?","R","E","R","T","E","M","E","M","E","R","BOSS","R","$","E","BOSS"],"items_purchased_type":["Relic","Relic","Relic","Card","Card","Potion","Relic","Card","Relic","Relic","Relic","Relic","Relic","Potion","Potion","Potion"],"build_version":"2020-12-22","purchased_purges":1,"victory":true,"max_hp_per_floor":[80,80,80,80,80,80,80,80,80,80,80,80,80,94,94,94,94,94,94,94,94,94,94,94,94,94,94,94,94,94,94,94,94,94,94,94,94,94,94,94,94,94,94,94,94,94,94,94,94,94,94,94,94,94,94],"card_choices":[{"not_picked":["Dual Wield","Iron Wave"],"picked":"Heavy Blade","floor":1.0},{"not_picked":["Second Wind","Headbutt"],"picked":"Iron Wave","floor":3.0},{"not_picked":["Headbutt","Flex"],"picked":"Iron Wave","floor":5.0},{"not_picked":["Hemokinesis","Clothesline"],"picked":"Spot Weakness","floor":7.0},{"not_picked":["Ghostly Armor","Entrench","Pommel Strike"],"picked":"SKIP","floor":8.0},{"not_picked":["Clash","Reckless Charge"],"picked":"Shrug It Off","floor":11.0},{"not_picked":["Shockwave","Perfected Strike","Corruption"],"picked":"SKIP","floor":13.0},{"not_picked":["Shockwave","Corruption"],"picked":"Perfected Strike","floor":13.0},{"not_picked":["Clothesline","Flex"],"picked":"Heavy Blade","floor":14.0},{"not_picked":["Offering","Demon Form"],"picked":"Reaper","floor":16.0},{"not_picked":["Uppercut","Flex","Heavy Blade"],"picked":"SKIP","floor":18.0},{"not_picked":["Burning Pact","Wild Strike"],"picked":"Twin Strike","floor":19.0},{"not_picked":["Feel No Pain+1","Sword Boomerang"],"picked":"Thunderclap+1","floor":20.0},{"not_picked":["Dark Embrace","Body Slam","Headbutt"],"picked":"SKIP","floor":24.0},{"not_picked":["Rampage","Sever Soul+1"],"picked":"Infernal Blade+1","floor":25.0},{"not_picked":["Uppercut","Headbutt"],"picked":"Exhume","floor":28.0},{"not_picked":["Hemokinesis+1","Thunderclap"],"picked":"Double Tap","floor":30.0},{"not_picked":["Warcry+1","Flex"],"picked":"Perfected Strike+1","floor":35.0},{"not_picked":["True Grit+1","Dual Wield"],"picked":"Armaments","floor":35.0},{"not_picked":["Warcry","True Grit"],"picked":"Seeing Red+1","floor":38.0},{"not_picked":["Wild Strike","Second Wind"],"picked":"Metallicize","floor":41.0},{"not_picked":["Shrug It Off","Evolve+1"],"picked":"Heavy Blade+1","floor":44.0},{"not_picked":["Flex+1","Shockwave+1"],"picked":"Hemokinesis+1","floor":45.0},{"not_picked":["Clash","Perfected Strike","Twin Strike+1"],"picked":"SKIP","floor":45.0},{"not_picked":["Shrug It Off+1","Disarm"],"picked":"Iron Wave+1","floor":46.0},{"not_picked":["Bludgeon","Cleave","Carnage+1"],"picked":"SKIP","floor":47.0},{"not_picked":["Whirlwind","Clothesline+1","Cleave"],"picked":"SKIP","floor":47.0},{"not_picked":["Anger+1","Twin Strike"],"picked":"Pummel","floor":48.0},{"not_picked":["Cleave+1","Immolate"],"picked":"Dropkick","floor":54}],"player_experience":1414698,"relics_obtained":[{"floor":7.0,"key":"Happy Flower"},{"floor":9.0,"key":"The Courier"},{"floor":14.0,"key":"Mango"},{"floor":20.0,"key":"Red Mask"},{"floor":24.0,"key":"Blood Vial"},{"floor":26.0,"key":"PreservedInsect"},{"floor":28.0,"key":"Mercury Hourglass"},{"floor":30.0,"key":"Toy Ornithopter"},{"floor":31.0,"key":"Prayer Wheel"},{"floor":31.0,"key":"Pantograph"},{"floor":38.0,"key":"Thread and Needle"},{"floor":41.0,"key":"Bronze Scales"},{"floor":44.0,"key":"Bird Faced Urn"},{"floor":46.0,"key":"War Paint"},{"floor":48.0,"key":"Gremlin Horn"},{"floor":54,"key":"Pen Nib"}],"event_choices":[{"damage_healed":0.0,"max_hp_gain":0.0,"max_hp_loss":0.0,"gold_gain":175.0,"event_name":"Liars Game","player_choice":"AGREE","floor":2.0,"gold_loss":0.0,"damage_taken":0.0,"cards_obtained":["Doubt"]},{"damage_healed":0.0,"max_hp_gain":0.0,"max_hp_loss":0.0,"gold_gain":0.0,"event_name":"Accursed Blacksmith","player_choice":"Rummage","floor":4.0,"gold_loss":0.0,"damage_taken":0.0,"relics_obtained":["WarpedTongs"],"cards_obtained":["Pain"]},{"damage_healed":0.0,"max_hp_gain":0.0,"max_hp_loss":0.0,"gold_gain":0.0,"event_name":"Masked Bandits","player_choice":"Fought Bandits","floor":20.0,"gold_loss":0.0,"damage_taken":0.0},{"damage_healed":0.0,"max_hp_gain":0.0,"max_hp_loss":0.0,"gold_gain":0.0,"event_name":"The Library","player_choice":"Read","floor":22.0,"gold_loss":0.0,"damage_taken":0.0,"cards_obtained":["Perfected Strike"]},{"damage_healed":0.0,"max_hp_gain":0.0,"max_hp_loss":0.0,"gold_gain":0.0,"event_name":"Colosseum","player_choice":"Fight","floor":31.0,"gold_loss":0.0,"damage_taken":0.0},{"damage_healed":0.0,"max_hp_gain":0.0,"max_hp_loss":0.0,"gold_gain":0.0,"event_name":"Colosseum","player_choice":"Fought Nobs","floor":31.0,"gold_loss":0.0,"damage_taken":0.0},{"damage_healed":0.0,"max_hp_gain":0.0,"max_hp_loss":0.0,"gold_gain":0.0,"event_name":"Winding Halls","player_choice":"Embrace Madness","floor":37.0,"gold_loss":0.0,"damage_taken":12.0,"cards_obtained":["Madness","Madness"]},{"damage_healed":0.0,"max_hp_gain":0.0,"max_hp_loss":0.0,"gold_gain":0.0,"event_name":"Mysterious Sphere","player_choice":"Fight","floor":38.0,"gold_loss":0.0,"damage_taken":0.0}],"is_beta":false,"boss_relics":[{"not_picked":["Philosopher\u0027s Stone","Pandora\u0027s Box"],"picked":"Runic Dome"},{"not_picked":["Velvet Choker","Sozu"],"picked":"Black Blood"}],"items_purged_floors":[39],"is_endless":false,"potions_floor_spawned":[3,5,11,14,20,24,25,30,31,33,35,45,46,47,48],"ascension_level":6}}