{"host":"1sqx9dmsrxu9kvq7","time":1613484060,"event":{"mods":["2.2 Compatiblity","Act Like it!","Aspiration","BaseMod","Bestiary","Block Reminder","CapriCore","Chen","Colored Powertips","Custom Start","DeckTracker","Downfall","Friendly Minions","Halation","Highlight Path","HololiveMod","Hubris","KinomotoSakuraMod(木之本?)","Kiyohime（清?）","Koishi","Marisa（霧雨　魔理沙）","Minty Spire (QoL Compilation)","Prisma Mod","Quick Restart","Rare Cards Sparkle","Reimu（博??梦）","Relic Stats","Remilia（蕾米莉?）","Shop Mod","Spicy Shops","StSLib","Synergy Search","Td1madao Mod","The Administrix","The Alterego","The Blue Laboratory","The Immortal","The Servant 0.9.4","Waifu the Spire","WarShipGirlsR/??少女R mod","Yakumo Yukari mod","Yuyuko"],"gold_per_floor":[118,118,130,130,150,150,167,167,191,191,216,233,233,245,245,342,342,358,372,389,389,389,389],"floor_reached":22,"language":"ENG","playtime":1040,"items_purged":[],"score":188,"play_id":"b7efa6d4-e6f4-4825-a492-8cd20a787959","local_time":"20210216080100","is_ascension_mode":false,"campfire_choices":[{"floor":6,"key":"RECALL"},{"data":"Knight Kick","floor":8,"key":"SMITH"},{"data":"Black Execution","floor":10,"key":"SMITH"},{"floor":13,"key":"REST"},{"floor":15,"key":"REST"}],"circlet_count":0,"master_deck":["Strike_C","Strike_C","Strike_C","Strike_C","Defend_C","Defend_C","Defend_C","Defend_C","Knight Kick+1","Chip","Oblique Hack","Black Execution+1","Injury","Revenge+1","Black Spear+1","Resistance+1","Preparedness","Optimization","Im Angry","Here Defend Chip+1","Fixing","Bugfix"],"relics":["Apod","NeowsBlessing","Molten Egg 2","Bag of Preparation","aspiration:SecretTechniqueScroll"],"acts_visited":["Exordium","TheCity"],"potions_floor_usage":[20],"damage_taken":[{"damage":0,"enemies":"Small Slimes","floor":1,"turns":1},{"damage":0,"enemies":"2 Louse","floor":3,"turns":1},{"damage":0,"enemies":"Jaw Worm","floor":5,"turns":1},{"damage":5,"enemies":"Looter","floor":7,"turns":4},{"damage":37,"enemies":"Lagavulin","floor":11,"turns":9},{"damage":0,"enemies":"Large Slime","floor":12,"turns":2},{"damage":2,"enemies":"3 Louse","floor":14,"turns":2},{"damage":37,"enemies":"Hexaghost","floor":16,"turns":11},{"damage":55,"enemies":"2 Thieves","floor":18,"turns":4},{"damage":10,"enemies":"3 Byrds","floor":19,"turns":6},{"damage":2,"enemies":"Centurion and Healer","floor":20,"turns":3},{"damage":4,"enemies":"Cultist and Chosen","floor":22,"turns":4}],"seed_played":"509907561020572257","potions_obtained":[{"floor":1,"key":"Swift Potion"},{"floor":3,"key":"blueLaboratory:BubblePotion"},{"floor":12,"key":"blueLaboratory:BottleOfVodka"}],"is_trial":false,"path_per_floor":["M","?","M","?","M","R","M","R","T","R","E","M","R","M","R","B",null,"M","M","M","$","M"],"character_chosen":"TD1MADAO_CLASS","items_purchased":[],"campfire_rested":2,"item_purchase_floors":[],"current_hp_per_floor":[70,70,70,70,70,70,65,65,65,65,28,28,49,47,68,31,70,15,5,3,3,0,0],"gold":389,"neow_bonus":"THREE_ENEMY_KILL","is_daily":false,"chose_seed":false,"campfire_upgraded":2,"win_rate":0.0,"timestamp":1613484060,"path_taken":["M","?","M","?","M","R","M","R","T","R","E","M","R","M","R","BOSS","M","M","M","$","M"],"items_purchased_type":[],"build_version":"2020-12-22","purchased_purges":0,"victory":false,"max_hp_per_floor":[70,70,70,70,70,70,70,70,70,70,70,70,70,70,70,70,70,70,70,70,70,70,70],"relic_stats":{"counters":[12,48],"Bag of Preparation":[14],"obtain_stats":[{"NeowsBlessing":0,"Molten Egg 2":4,"Bag of Preparation":11,"Apod":0,"aspiration:SecretTechniqueScroll":17,"halation:StarCompass":2},{"NeowsBlessing":0,"Molten Egg 2":2,"Bag of Preparation":5,"Apod":0,"aspiration:SecretTechniqueScroll":8,"halation:StarCompass":1},{"NeowsBlessing":0,"Molten Egg 2":2,"Bag of Preparation":16,"Apod":0,"aspiration:SecretTechniqueScroll":31,"halation:StarCompass":1}]},"card_choices":[{"not_picked":["Recovery Mechanism","Break Into"],"picked":"Oblique Hack","floor":1},{"not_picked":["Resistance","Judgment"],"picked":"Black Execution","floor":3},{"not_picked":["Gravity Defend","Here Defend Chip"],"picked":"Revenge+1","floor":5},{"not_picked":["Paralysis","Energy Supply"],"picked":"Black Spear+1","floor":7},{"not_picked":["Preparedness","Load Balancing"],"picked":"Resistance+1","floor":11},{"not_picked":["Fixing","Winding Magic"],"picked":"Preparedness","floor":12},{"not_picked":["Afterwards","Fixing"],"picked":"Optimization","floor":14},{"not_picked":["Retrieval Recycling+1","Moon Tear"],"picked":"Im Angry","floor":16},{"not_picked":["New Defend Magic","Black Shadow+1"],"picked":"Here Defend Chip+1","floor":18},{"not_picked":["Preparedness+1","New Defend Magic"],"picked":"Fixing","floor":19},{"not_picked":["Light Attack+1","Ruin Defend"],"picked":"Bugfix","floor":20}],"player_experience":342331,"relics_obtained":[{"floor":11,"key":"Bag of Preparation"}],"event_choices":[],"is_beta":false,"boss_relics":[{"not_picked":["Empty Cage","hubris:Backtick"],"picked":"aspiration:SecretTechniqueScroll"}],"items_purged_floors":[],"is_endless":false,"potions_floor_spawned":[1,3,12,19],"killed_by":"Cultist and Chosen","ascension_level":0}}