{"host":"j2zti408atcvju3x","time":1613446717,"event":{"mods":["BaseMod","Minty Spire (QoL Compilation)","Quick Restart","StSLib"],"gold_per_floor":[113,188,199,199,124,124,135,152,152,152,166,176,76,95,95,194,194,207,207,82,100,100,100,100,100],"floor_reached":24,"language":"ZHS","playtime":1001,"items_purged":["Strike_B","Strike_B","Strike_B"],"score":188,"play_id":"b06bd739-e134-451e-96c8-eb73d3cd691a","local_time":"20210216113837","is_ascension_mode":false,"campfire_choices":[{"data":"Zap","floor":6,"key":"SMITH"},{"data":"Ball Lightning","floor":10,"key":"SMITH"},{"floor":15,"key":"REST"},{"data":"Seek","floor":23,"key":"SMITH"}],"circlet_count":0,"master_deck":["Strike_B","Defend_B","Defend_B","Defend_B","Defend_B","Zap+1","Dualcast","Redo","Ball Lightning+1","Loop","Double Energy","Cold Snap","Seek+1","Genetic Algorithm","Storm"],"relics":["Cracked Core","Bronze Scales","Sundial","Inserter"],"acts_visited":["Exordium","TheCity"],"potions_floor_usage":[16,16],"damage_taken":[{"damage":2,"enemies":"2 Louse","floor":1,"turns":2},{"damage":1,"enemies":"Jaw Worm","floor":3,"turns":2},{"damage":0,"enemies":"Small Slimes","floor":7,"turns":2},{"damage":0,"enemies":"Looter","floor":8,"turns":3},{"damage":8,"enemies":"Red Slaver","floor":11,"turns":2},{"damage":6,"enemies":"3 Louse","floor":12,"turns":2},{"damage":0,"enemies":"Looter","floor":14,"turns":3},{"damage":25,"enemies":"The Guardian","floor":16,"turns":10},{"damage":2,"enemies":"Chosen","floor":18,"turns":5},{"damage":24,"enemies":"Spheric Guardian","floor":21,"turns":6},{"damage":32,"enemies":"Centurion and Healer","floor":24,"turns":8}],"seed_played":"-8061039702687282342","potions_obtained":[{"floor":3,"key":"Fire Potion"},{"floor":8,"key":"Energy Potion"},{"floor":14,"key":"PotionOfCapacity"},{"floor":18,"key":"FocusPotion"},{"floor":21,"key":"Explosive Potion"}],"is_trial":false,"path_per_floor":["M","?","M","?","$","R","M","M","T","R","M","M","$","M","R","B",null,"M","?","$","M","$","R","M"],"character_chosen":"DEFECT","items_purchased":[],"campfire_rested":1,"item_purchase_floors":[],"current_hp_per_floor":[73,62,61,61,61,61,61,61,61,61,53,47,47,47,69,44,75,73,73,73,49,49,49,17,17],"gold":100,"neow_bonus":"RANDOM_COMMON_RELIC","is_daily":false,"chose_seed":false,"campfire_upgraded":3,"win_rate":0.0,"timestamp":1613446717,"path_taken":["M","?","M","?","$","R","M","M","T","R","M","M","$","M","R","BOSS","M","?","$","M","$","R","M"],"items_purchased_type":[],"build_version":"2020-12-22","purchased_purges":3,"victory":false,"max_hp_per_floor":[75,75,75,75,75,75,75,75,75,75,75,75,75,75,75,75,75,75,75,75,75,75,75,75,75],"card_choices":[{"not_picked":["Aggregate","Go for the Eyes"],"picked":"Redo","floor":1},{"not_picked":["Gash","Chaos"],"picked":"Ball Lightning","floor":3},{"not_picked":["Aggregate","Steam Power","Reinforced Body"],"picked":"SKIP","floor":7},{"not_picked":["Coolheaded","FTL","Scrape"],"picked":"SKIP","floor":8},{"not_picked":["Leap","Ball Lightning"],"picked":"Loop","floor":11},{"not_picked":["Sweeping Beam","Chill"],"picked":"Double Energy","floor":12},{"not_picked":["Leap","Steam"],"picked":"Cold Snap","floor":14},{"not_picked":["Amplify","Reboot"],"picked":"Seek","floor":16},{"not_picked":["Gash","Stack"],"picked":"Genetic Algorithm","floor":18},{"not_picked":["Redo+1","Melter+1","Cold Snap+1"],"picked":"SKIP","floor":21}],"player_experience":8873,"relics_obtained":[{"floor":9,"key":"Sundial"}],"event_choices":[{"damage_healed":0,"gold_gain":75,"player_choice":"Gather Gold","damage_taken":11,"max_hp_gain":0,"max_hp_loss":0,"event_name":"World of Goop","floor":2,"gold_loss":0},{"damage_healed":0,"gold_gain":0,"player_choice":"Ignored","damage_taken":0,"max_hp_gain":0,"max_hp_loss":0,"event_name":"Liars Game","floor":4,"gold_loss":0},{"damage_healed":0,"gold_gain":0,"player_choice":"Read","damage_taken":0,"max_hp_gain":0,"max_hp_loss":0,"event_name":"The Library","floor":19,"gold_loss":0,"cards_obtained":["Storm"]}],"is_beta":false,"boss_relics":[{"not_picked":["Coffee Dripper","Busted Crown"],"picked":"Inserter"}],"items_purged_floors":[5,13,20],"is_endless":false,"potions_floor_spawned":[3,8,14,18,21],"killed_by":"Centurion and Healer","ascension_level":0}}