{"host":"clf2hd4adhiiw0zf","time":1613446882,"event":{"mods":["AchievementEnabler","BaseMod","Beaked The Cultist","Bestiary","Dark Map","Downfall","Gremlin Mod","Hermit","Jorbs\u0027s Wanderer Trilogy","Marisa????????","Minty Spire (QoL Compilation)","Shop Mod","StSLib","The Cursed","Wide Potions"],"gold_per_floor":[99,111,111,122,122,138,183,198,98,98,113,138,38,52,66,143,143,43,43,43,63,74,74,128,113,123,123,123,123],"floor_reached":27,"language":"ENG","playtime":1093,"items_purged":[],"score":419,"play_id":"1477236e-7ae6-4cce-8b67-7fd7bd3e9df1","local_time":"20210215204122","is_ascension_mode":true,"campfire_choices":[{"floor":1.0,"key":"RECALL"},{"data":"champ:PerfectedStrike","floor":9.0,"key":"SMITH"},{"data":"champ:HoldFirm","floor":13,"key":"SMITH"},{"data":"Gremlin:CongaLine","floor":18,"key":"SMITH"},{"floor":23,"key":"REST"}],"circlet_count":0,"master_deck":["AscendersBane","champ:Strike","champ:Strike","champ:Strike","champ:Strike","champ:Defend","champ:Defend","champ:Defend","champ:Defend","champ:Execute","champ:Taunt+1","CurseOfTheBell","champ:Endure","champ:PerfectedStrike+1","champ:HoldFirm+1","champ:AdrenalArmor","champ:IgnorePain","champ:Parry","champ:DefensiveShout","champ:Circumvent","champ:ArenaPreparation","champ:ShieldThrow","Gremlin:CongaLine+1","champ:ShieldWall+1","champ:FlashCut","champ:EnGarde"],"relics":["Calling Bell","Bag of Preparation","beaked:ShinyBauble","Thread and Needle","downfall:HeartBlessingRed","hexamod:CandleOfCauterizing","downfall:HeartBlessingGreen","beaked:SacredDeck","downfall:HeartBlessingBlue","Bag of Marbles"],"acts_visited":["Exordium","TheCity"],"potions_floor_usage":[16,27],"damage_taken":[{"damage":20.0,"enemies":"2 Louse","floor":2.0,"turns":4.0},{"damage":20.0,"enemies":"Cultist","floor":4.0,"turns":4.0},{"damage":10.0,"enemies":"Jaw Worm","floor":6.0,"turns":4.0},{"damage":0.0,"enemies":"Blue Slaver","floor":8.0,"turns":3.0},{"damage":12.0,"enemies":"Exordium Thugs","floor":11.0,"turns":5.0},{"damage":37.0,"enemies":"Gremlin Nob","floor":12.0,"turns":5.0},{"damage":15,"enemies":"Gremlin Gang","floor":14,"turns":4},{"damage":10,"enemies":"Large Slime","floor":15,"turns":5},{"damage":26,"enemies":"DF_ARCHETYPE_STREAMLINE","floor":16,"turns":15},{"damage":0,"enemies":"Chosen","floor":19,"turns":1},{"damage":22,"enemies":"downfall:LooterAlt2","floor":21,"turns":6},{"damage":36,"enemies":"Shelled Parasite and Fungi","floor":22,"turns":5},{"damage":25,"enemies":"downfall:FleeingMerchant","floor":25,"turns":4},{"damage":10,"enemies":"Centurion and Healer","floor":26,"turns":8},{"damage":83,"enemies":"Gremlin Leader","floor":27,"turns":15}],"seed_played":"4998112862987498960","potions_obtained":[{"floor":4.0,"key":"Weak Potion"},{"floor":11.0,"key":"DuplicationPotion"},{"floor":15,"key":"SkillPotion"},{"floor":21,"key":"FearPotion"}],"is_trial":false,"path_per_floor":["R","M","?","M","?","M","T","M","R","?","M","E","R","M","M","B",null,"R","M","?","M","M","R","T","$","M","E"],"character_chosen":"THE_CHAMP","items_purchased":[],"campfire_rested":1,"item_purchase_floors":[],"current_hp_per_floor":[73,73,73,73,73,73,73,73,73,73,71,44,44,39,39,23,67,77,77,77,65,29,56,56,56,56,0,0,0],"gold":123,"neow_bonus":"BOSS_RELIC","is_daily":false,"chose_seed":false,"campfire_upgraded":3,"win_rate":0.0,"timestamp":1613446882,"path_taken":["R","M","?","?","?","M","T","M","R","?","M","E","R","M","M","BOSS","R","M","?","?","M","R","T","$","M","E"],"items_purchased_type":[],"build_version":"2020-12-22","purchased_purges":0,"victory":false,"max_hp_per_floor":[81,81,81,81,81,81,81,81,81,81,81,81,81,81,81,81,81,91,91,91,91,91,91,91,91,91,91,91,91],"card_choices":[{"not_picked":["champ:SwordSigil","champ:FocusedDefense"],"picked":"champ:Endure","floor":2.0},{"not_picked":["champ:Endure","champ:Backstep"],"picked":"champ:PerfectedStrike","floor":4.0},{"not_picked":["champ:DefensiveShout","champ:PreemptiveStrike"],"picked":"champ:HoldFirm","floor":6.0},{"not_picked":["champ:FanOfKnives","champ:ShieldSlam"],"picked":"champ:AdrenalArmor","floor":8.0},{"not_picked":["champ:BerserkerStyle","champ:DefensiveStyle"],"picked":"champ:Parry","floor":11.0},{"not_picked":["champ:Endure","champ:DancingMaster"],"picked":"champ:DefensiveShout","floor":12.0},{"not_picked":["champ:Parry","champ:AdrenalArmor"],"picked":"champ:Circumvent","floor":14},{"not_picked":["champ:PreciseThrust","champ:ShieldSlam"],"picked":"champ:ArenaPreparation","floor":15},{"not_picked":["champ:VampiricStrike","champ:GladiatorForm"],"picked":"champ:ShieldThrow","floor":16},{"not_picked":["champ:Backstep","champ:Duel"],"picked":"champ:ShieldWall","floor":19},{"not_picked":["champ:GladiatorStyle","champ:FanOfKnives","champ:RisingSlash"],"picked":"SKIP","floor":21},{"not_picked":["champ:FocusedBerserking+1","champ:ArenaPreparation"],"picked":"champ:FlashCut","floor":22},{"not_picked":["champ:ShieldSigil","champ:FanOfKnives"],"picked":"champ:EnGarde","floor":25},{"not_picked":["champ:BerserkerStyle","champ:FanOfKnives","champ:ArenaPreparation"],"picked":"SKIP","floor":26}],"player_experience":320487,"relics_obtained":[{"floor":0.0,"key":"Bag of Preparation"},{"floor":0.0,"key":"beaked:ShinyBauble"},{"floor":0.0,"key":"Thread and Needle"},{"floor":12.0,"key":"hexamod:CandleOfCauterizing"},{"floor":24,"key":"Bag of Marbles"}],"event_choices":[{"damage_healed":0.0,"max_hp_gain":0.0,"max_hp_loss":0.0,"gold_gain":0.0,"event_name":"Accursed Blacksmith","player_choice":"Forge","floor":3.0,"gold_loss":0.0,"damage_taken":0.0,"cards_upgraded":["champ:Taunt"]}],"is_beta":false,"boss_relics":[{"not_picked":["Coffee Dripper","Empty Cage"],"picked":"beaked:SacredDeck"}],"items_purged_floors":[],"is_endless":false,"potions_floor_spawned":[4,11,15,21],"killed_by":"Gremlin Leader","ascension_level":19}}