{"host":"mi0eibewekhugwl1","time":1613484495,"event":{"mods":["AchievementEnabler","BaseMod","Colored Map","Colored Powertips","DeckTracker","Keyboard Shortcuts","Minty Spire (QoL Compilation)","Quick Restart","Rare Cards Sparkle","Relic Stats","StSLib","SuperFastMode","everything is the same but u backflip on backflip"],"gold_per_floor":[210,210,9,9,9,9,32,48,48,72,86,86,86],"floor_reached":12,"language":"KOR","playtime":162,"items_purged":[],"score":140,"play_id":"5d36e9bb-2c82-49f9-8660-e5ef482d1222","local_time":"20210216230815","is_ascension_mode":true,"campfire_choices":[{"floor":6,"key":"REST"}],"circlet_count":0,"master_deck":["AscendersBane","Strike_R","Strike_R","Strike_R","Strike_R","Defend_R","Defend_R","Defend_R","Defend_R","Bash","Second Wind","Evolve","Juggernaut","Warcry","Perfected Strike","Anger","Twin Strike"],"relics":["Burning Blood","Golden Idol","Membership Card","Ancient Tea Set","Blood Vial"],"acts_visited":["Exordium"],"potions_floor_usage":[12],"damage_taken":[{"damage":9,"enemies":"2 Louse","floor":1,"turns":3},{"damage":4,"enemies":"Jaw Worm","floor":7,"turns":3},{"damage":18,"enemies":"Cultist","floor":8,"turns":5},{"damage":9,"enemies":"3 Louse","floor":10,"turns":4},{"damage":12,"enemies":"2 Fungi Beasts","floor":11,"turns":4},{"damage":30,"enemies":"Lagavulin","floor":12,"turns":5}],"seed_played":"-2530964151325659389","potions_obtained":[{"floor":1,"key":"PowerPotion"},{"floor":10,"key":"Weak Potion"}],"is_trial":false,"path_per_floor":["M","?","$","?","?","R","M","M","T","M","M","E"],"character_chosen":"IRONCLAD","items_purchased":["Membership Card","Evolve"],"campfire_rested":1,"item_purchase_floors":[3,3],"current_hp_per_floor":[65,39,39,13,13,35,37,25,25,24,20,0,0],"gold":86,"neow_bonus":"HUNDRED_GOLD","is_daily":false,"chose_seed":false,"campfire_upgraded":0,"win_rate":0.0,"timestamp":1613484495,"path_taken":["M","?","$","?","?","R","M","?","T","M","M","E"],"items_purchased_type":["Relic","Card"],"build_version":"2020-12-22","purchased_purges":0,"victory":false,"max_hp_per_floor":[75,75,75,75,75,75,75,75,75,75,75,75,75],"relic_stats":{"Blood Vial":6,"counters":[6,24],"Golden Idol":16,"obtain_stats":[{"Blood Vial":9,"Golden Idol":2,"Membership Card":3,"Ancient Tea Set":4,"Burning Blood":0},{"Blood Vial":3,"Golden Idol":1,"Membership Card":1,"Ancient Tea Set":1,"Burning Blood":0},{"Blood Vial":11,"Golden Idol":3,"Membership Card":3,"Ancient Tea Set":3,"Burning Blood":0}],"Burning Blood":30},"card_choices":[{"not_picked":["Dropkick","Shrug It Off"],"picked":"Second Wind","floor":1},{"not_picked":["Warcry","Flex","Clash"],"picked":"SKIP","floor":7},{"not_picked":["Flex","Clash"],"picked":"Warcry","floor":7},{"not_picked":["Thunderclap","Evolve"],"picked":"Perfected Strike","floor":8},{"not_picked":["Headbutt","Anger","Hemokinesis"],"picked":"SKIP","floor":10},{"not_picked":["Headbutt","Hemokinesis"],"picked":"Anger","floor":10},{"not_picked":["Clash","Dark Embrace"],"picked":"Twin Strike","floor":11}],"player_experience":1809726,"relics_obtained":[{"floor":9,"key":"Blood Vial"}],"event_choices":[{"damage_healed":0,"gold_gain":0,"player_choice":"Take Damage","damage_taken":26,"relics_obtained":["Golden Idol"],"max_hp_gain":0,"max_hp_loss":0,"event_name":"Golden Idol","floor":2,"gold_loss":0},{"damage_healed":0,"gold_gain":0,"player_choice":"Success","damage_taken":26,"relics_obtained":["Ancient Tea Set"],"max_hp_gain":0,"max_hp_loss":0,"event_name":"Scrap Ooze","floor":4,"gold_loss":0},{"damage_healed":0,"gold_gain":0,"cards_transformed":["Strike_R"],"player_choice":"Transformed","damage_taken":0,"max_hp_gain":0,"max_hp_loss":0,"event_name":"Transmorgrifier","floor":5,"gold_loss":0,"cards_obtained":["Juggernaut"]}],"is_beta":false,"boss_relics":[],"items_purged_floors":[],"is_endless":false,"potions_floor_spawned":[1,10],"killed_by":"Lagavulin","ascension_level":20}}