{"host":"nb3r5a3er9rrnn3n","time":1613473795,"event":{"mods":["Always Whale","BaseMod","Colored Map","Minty Spire (QoL Compilation)","Relic Stats","StSLib","everything is the same but u backflip on backflip"],"gold_per_floor":[17,30,46,61,61,95,95,95,95],"floor_reached":8,"language":"ENG","playtime":291,"items_purged":[],"score":116,"play_id":"fc043d83-42bd-4677-95fe-17fdd9518d98","local_time":"20210216220955","is_ascension_mode":true,"campfire_choices":[{"data":"Streamline","floor":7,"key":"SMITH"}],"circlet_count":0,"master_deck":["AscendersBane","Strike_B","Strike_B","Strike_B","Defend_B","Defend_B","Defend_B","Zap","Dualcast","Turbo","Compile Driver","Streamline+1","Genetic Algorithm","Hologram"],"relics":["Cracked Core","Golden Idol","Ornamental Fan"],"acts_visited":["Exordium"],"potions_floor_usage":[6],"damage_taken":[{"damage":2.0,"enemies":"Cultist","floor":1.0,"turns":4.0},{"damage":1.0,"enemies":"Small Slimes","floor":2.0,"turns":3.0},{"damage":7.0,"enemies":"Jaw Worm","floor":3.0,"turns":3.0},{"damage":9.0,"enemies":"2 Fungi Beasts","floor":4.0,"turns":3.0},{"damage":32,"enemies":"Gremlin Nob","floor":6,"turns":4},{"damage":32,"enemies":"Lagavulin","floor":8,"turns":5}],"seed_played":"-3421949417633729696","potions_obtained":[{"floor":1.0,"key":"SpeedPotion"},{"floor":2.0,"key":"PotionOfCapacity"},{"floor":4.0,"key":"GamblersBrew"}],"is_trial":false,"path_per_floor":["M","M","M","M","?","E","R","E"],"character_chosen":"DEFECT","items_purchased":[],"campfire_rested":0,"item_purchase_floors":[],"current_hp_per_floor":[62,61,54,45,45,13,13,0,0],"gold":95,"neow_bonus":"REMOVE_TWO","is_daily":false,"chose_seed":false,"campfire_upgraded":1,"win_rate":0.0,"timestamp":1613473795,"path_taken":["M","M","M","M","?","E","R","E"],"items_purchased_type":[],"build_version":"2020-12-22","purchased_purges":0,"victory":false,"max_hp_per_floor":[71,71,71,71,64,64,64,64,64],"relic_stats":{"counters":[6,22],"Golden Idol":7,"Ornamental Fan":[0],"obtain_stats":[{"Golden Idol":5,"Ornamental Fan":6,"Cracked Core":0},{"Golden Idol":4,"Ornamental Fan":5,"Cracked Core":0},{"Golden Idol":13,"Ornamental Fan":17,"Cracked Core":0}]},"card_choices":[{"not_picked":["Self Repair","Rebound"],"picked":"Turbo","floor":1.0},{"not_picked":["Conserve Battery","Stack"],"picked":"Compile Driver","floor":2.0},{"not_picked":["Stack","Steam"],"picked":"Streamline","floor":3.0},{"not_picked":["Rebound","Multi-Cast"],"picked":"Genetic Algorithm","floor":4.0},{"not_picked":["Melter","Leap"],"picked":"Hologram","floor":6}],"player_experience":1655453,"relics_obtained":[{"floor":6,"key":"Ornamental Fan"}],"event_choices":[{"damage_healed":0.0,"max_hp_gain":0.0,"max_hp_loss":7.0,"gold_gain":0.0,"event_name":"Golden Idol","player_choice":"Lose Max HP","floor":5.0,"gold_loss":0.0,"damage_taken":0.0,"relics_obtained":["Golden Idol"]}],"is_beta":false,"boss_relics":[],"items_purged_floors":[],"is_endless":false,"potions_floor_spawned":[1,2,4],"killed_by":"Lagavulin","ascension_level":20}}