{"host":"kdt6w7ix8lwe69i9","time":1613495141,"event":{"mods":["100% Spire Juice","BaseMod","ChefMod","Evolution","Koishi","Minty Spire (QoL Compilation)","Poor People Problems","Reimu（博丽灵梦）","Robot Space Explorer","Shade Mod","Shapeshifter Mod","StSLib","The Druid","The Gatherer","The Poker Player","The Servant 0.9.4","TheSurvivalist"],"gold_per_floor":[115,115,115,129,129,129,129,129,180,203,243,243,283,297,297,418,481,505,528,37,50,74,74,105,65,65,65,78,96,26,26,26,26,26],"floor_reached":33,"language":"ENG","playtime":3094,"items_purged":[],"score":299,"play_id":"c22d4822-f11b-444d-98e4-61da38c79640","local_time":"20210216120541","is_ascension_mode":false,"campfire_choices":[{"data":"StSShapeShifter:FlamingoForm","floor":6,"key":"SMITH"},{"data":"StSShapeShifter:StormGryphonForm","floor":8,"key":"SMITH"},{"floor":12,"key":"REST"},{"data":"StSShapeShifter:HippoForm","floor":15,"key":"SMITH"},{"data":"StSShapeShifter:PoisonIvy","floor":23,"key":"SMITH"},{"data":"ZunPunch:ReiMu","floor":32,"key":"SMITH"}],"circlet_count":0,"master_deck":["StSShapeShifter:ShapeShifter_Strike","StSShapeShifter:ShapeShifter_Strike","StSShapeShifter:ShapeShifter_Strike+1","StSShapeShifter:ShapeShifter_Strike","StSShapeShifter:ShapeShifter_Strike","StSShapeShifter:ShapeShifter_Defend","StSShapeShifter:ShapeShifter_Defend","StSShapeShifter:ShapeShifter_Defend","StSShapeShifter:ShapeShifter_Defend","StSShapeShifter:ShapeShifter_Defend","StSShapeShifter:ShiftingStrike","StSShapeShifter:FlamingoForm+1","StSShapeShifter:UnicornForm","StSShapeShifter:StormGryphonForm+1","StSShapeShifter:HippoForm+1","StSShapeShifter:SquirrelForm","StSShapeShifter:FesteringBite","StSShapeShifter:MonkeyForm","StSShapeShifter:Vengeance","StSShapeShifter:FruitBasket","StSShapeShifter:Roar","StSShapeShifter:OakBlade+1","StSShapeShifter:Flood","StSShapeShifter:BurstingSpore","StSShapeShifter:MultiSpiritedStrike","StSShapeShifter:PantherForm+1","StSShapeShifter:PoisonIvy+1","StSShapeShifter:FesteringBite+1","ZunPunch:ReiMu+1","Shame","StSShapeShifter:BarkSkin","StSShapeShifter:DeerForm","StSShapeShifter:Rabid"],"relics":["StSShapeShifter:AnimalHeart","StSShapeShifter:TheShapeShiftersMagnolia","EVO:Axolotl","NeowsBlessing","Golden Idol","Spirit Poop","Centennial Puzzle","Blood Vial","Pear","Tiny House","Turnip","Shuriken","StSShapeShifter:FrogOfVitality","Blue Candle"],"acts_visited":["Exordium","TheCity"],"potions_floor_usage":[13,16,18,19,21,24,33],"damage_taken":[{"damage":0,"enemies":"Small Slimes","floor":1,"turns":1},{"damage":0,"enemies":"Jaw Worm","floor":4,"turns":1},{"damage":0,"enemies":"Cultist","floor":10,"turns":1},{"damage":21,"enemies":"3 Sentries","floor":11,"turns":6},{"damage":28,"enemies":"Gremlin Nob","floor":13,"turns":4},{"damage":0,"enemies":"Large Slime","floor":14,"turns":3},{"damage":34,"enemies":"Hexaghost","floor":16,"turns":9},{"damage":8,"enemies":"Chosen","floor":18,"turns":5},{"damage":0,"enemies":"2 Thieves","floor":19,"turns":4},{"damage":1,"enemies":"Snecko","floor":21,"turns":4},{"damage":23,"enemies":"Centurion and Healer","floor":22,"turns":4},{"damage":38,"enemies":"Gremlin Leader","floor":24,"turns":5},{"damage":21,"enemies":"3 Cultists","floor":28,"turns":4},{"damage":6,"enemies":"Snecko","floor":29,"turns":4},{"damage":52,"enemies":"Collector","floor":33,"turns":6}],"seed_played":"-4251873666276920391","potions_obtained":[{"floor":11,"key":"DistilledChaos"},{"floor":14,"key":"Strength Potion"},{"floor":16,"key":"ColorlessPotion"},{"floor":17,"key":"Energy Potion"},{"floor":18,"key":"FearPotion"},{"floor":19,"key":"Strength Potion"},{"floor":22,"key":"Strength Potion"},{"floor":29,"key":"AttackPotion"}],"is_trial":false,"path_per_floor":["M","?","?","M","?","R","?","R","T","M","E","R","E","M","R","B",null,"M","M","$","M","M","R","E","?","T","?","M","M","$","?","R","B"],"character_chosen":"SHAPESHIFTER","items_purchased":["Turnip","StSShapeShifter:Flood","StSShapeShifter:BurstingSpore","StSShapeShifter:MultiSpiritedStrike","StSShapeShifter:Rabid"],"campfire_rested":1,"item_purchase_floors":[20,20,20,20,30],"current_hp_per_floor":[78,78,78,78,78,78,71,71,71,71,50,73,57,59,59,27,93,85,87,87,88,67,67,31,31,31,31,15,13,13,45,45,0,0],"gold":26,"neow_bonus":"THREE_ENEMY_KILL","is_daily":false,"chose_seed":false,"campfire_upgraded":5,"win_rate":0.0,"timestamp":1613495141,"path_taken":["M","?","?","?","?","R","?","R","T","M","E","R","E","M","R","BOSS","M","M","$","M","M","R","E","?","T","?","?","M","$","?","R","BOSS"],"items_purchased_type":["Relic","Card","Card","Card","Card"],"build_version":"2020-12-22","purchased_purges":0,"victory":false,"max_hp_per_floor":[78,78,78,78,78,78,78,78,78,78,78,78,88,88,88,88,93,93,93,93,93,93,93,93,93,93,93,96,98,98,98,98,101,101],"card_choices":[{"not_picked":["StSShapeShifter:ThornToss","StSShapeShifter:VineHandcuffs"],"picked":"StSShapeShifter:ShiftingStrike","floor":1},{"not_picked":["StSShapeShifter:EagleForm","StSShapeShifter:AdaptiveStrikes"],"picked":"StSShapeShifter:FlamingoForm","floor":4},{"not_picked":["StSShapeShifter:Rest","StSShapeShifter:Sapling"],"picked":"StSShapeShifter:HippoForm","floor":10},{"not_picked":["StSShapeShifter:WaspSwarmForm","StSShapeShifter:MooseForm"],"picked":"StSShapeShifter:SquirrelForm","floor":11},{"not_picked":["StSShapeShifter:ShiftingStrike","StSShapeShifter:ThrashAbout"],"picked":"StSShapeShifter:FesteringBite","floor":13},{"not_picked":["StSShapeShifter:EagleForm","StSShapeShifter:Flourish"],"picked":"StSShapeShifter:MonkeyForm","floor":14},{"not_picked":["StSShapeShifter:Autumn","StSShapeShifter:RestoreBalance"],"picked":"StSShapeShifter:Vengeance","floor":16},{"not_picked":["StSShapeShifter:Guard","StSShapeShifter:Sapling"],"picked":"StSShapeShifter:FruitBasket","floor":17},{"not_picked":["StSShapeShifter:OakBlade","StSShapeShifter:BaskInBloom"],"picked":"StSShapeShifter:Roar","floor":18},{"not_picked":["StSShapeShifter:Rest","StSShapeShifter:BladeOfGrass+1"],"picked":"StSShapeShifter:OakBlade+1","floor":19},{"not_picked":["StSShapeShifter:Sapling","StSShapeShifter:ShiftingStrike"],"picked":"StSShapeShifter:PantherForm+1","floor":21},{"not_picked":["StSShapeShifter:DeepWound+1","StSShapeShifter:FlamingoForm"],"picked":"StSShapeShifter:PoisonIvy","floor":22},{"not_picked":["StSShapeShifter:WiltingWrath+1","StSShapeShifter:RatForm"],"picked":"StSShapeShifter:FesteringBite+1","floor":24},{"not_picked":["StSShapeShifter:FallingLeaves+1","StSShapeShifter:OakBlade"],"picked":"StSShapeShifter:BarkSkin","floor":28},{"not_picked":["StSShapeShifter:Efflorescence","StSShapeShifter:BurstingSpore"],"picked":"StSShapeShifter:DeerForm","floor":29}],"player_experience":1620513,"relics_obtained":[{"floor":9,"key":"Centennial Puzzle"},{"floor":11,"key":"Blood Vial"},{"floor":13,"key":"Pear"},{"floor":24,"key":"Shuriken"},{"floor":26,"key":"StSShapeShifter:FrogOfVitality"}],"event_choices":[{"damage_healed":0,"gold_gain":0,"player_choice":"Take Wound","damage_taken":0,"relics_obtained":["Golden Idol"],"max_hp_gain":0,"max_hp_loss":0,"event_name":"Golden Idol","floor":2,"gold_loss":0,"cards_obtained":["Injury"]},{"cards_removed":["Injury"],"damage_healed":0,"gold_gain":0,"player_choice":"Offered Curse","damage_taken":0,"relics_obtained":["Spirit Poop"],"max_hp_gain":0,"max_hp_loss":0,"event_name":"Bonfire Elementals","floor":3,"gold_loss":0},{"damage_healed":0,"gold_gain":0,"player_choice":"Hand rover O-miki","damage_taken":0,"max_hp_gain":0,"max_hp_loss":0,"event_name":"ZunEvent","floor":25,"relics_lost":["ZunR:ReiMu"],"gold_loss":0,"cards_obtained":["ZunPunch:ReiMu"]},{"damage_healed":0,"gold_gain":0,"player_choice":"Stole Relic","damage_taken":0,"relics_obtained":["Blue Candle"],"max_hp_gain":0,"max_hp_loss":0,"event_name":"Addict","floor":27,"gold_loss":0,"cards_obtained":["Shame"]},{"damage_healed":32,"gold_gain":0,"player_choice":"Heal","damage_taken":0,"max_hp_gain":0,"max_hp_loss":0,"event_name":"The Library","floor":31,"gold_loss":0}],"is_beta":false,"boss_relics":[{"not_picked":["Busted Crown","Runic Pyramid"],"picked":"Tiny House"}],"items_purged_floors":[],"is_endless":false,"potions_floor_spawned":[11,14,16,18,19,22,29],"killed_by":"Collector","ascension_level":0}}