{"host":"rylkjufw9dlhr07b","time":1613438693,"event":{"mods":["AchievementEnabler","BaseMod","Better Note","BetterRewards","Hubris","Minty Spire (QoL Compilation)","Quick Restart","StSLib","The Servant 0.9.4"],"gold_per_floor":[118,118,133,133,133,133,144,162,162,181,197,197,197,215,215,319,319,339,339,47,47,64,64,89,53,53,83,83,103,103,103,103,308,308,323,340,340,107,121,140,140,154,228,10,10,10,27,27,27],"floor_reached":48,"language":"FRA","playtime":2270,"items_purged":["Writhe"],"score":662,"play_id":"038ee2dd-4868-4665-ad40-9aa1ccd4b6d0","local_time":"20210216022453","is_ascension_mode":false,"campfire_choices":[{"data":"Defy","floor":6.0,"key":"SMITH"},{"data":"SpecialFormula","floor":15.0,"key":"SMITH"},{"data":"SilverBlades","floor":23.0,"key":"SMITH"},{"floor":28.0,"key":"REST"},{"data":"Defy","floor":32.0,"key":"SMITH"}],"circlet_count":0,"master_deck":["Strike_S","Strike_S","Defend_S","Defend_S","KidneyShot","Exchange","Desolation","Defy+1","ShatteredReality","LightFlow+1","Rearm","SpecialFormula+1","Initiator+1","LightFlow","Moonlight","Dilation","Replace+1","Sabotage+1","Defy+1","DoubleEdge","SilverBlades+1","GearUp","Defy+1","SurpressingFire","SurpressingFire","MurderousAura","TimeWarp+1","GearUp","Luminosity","FastForward+1","Jack Of All Trades","SpecialFormula","BestPractice","Rearm","BottledTime"],"relics":["SplendidAttire","Medical Kit","Oddly Smooth Stone","hubris:Icosahedron","Smiling Mask","Orichalcum","Astrolabe","Strawberry","NlothsMask","hubris:SlimyHat","Bag of Marbles","Dream Catcher","Shuriken","Boot","hubris:Towel"],"acts_visited":["Exordium","TheCity","TheBeyond"],"potions_floor_usage":[47],"damage_taken":[{"damage":0.0,"enemies":"2 Louse","floor":1.0,"turns":2.0},{"damage":0.0,"enemies":"Jaw Worm","floor":3.0,"turns":5.0},{"damage":0.0,"enemies":"Cultist","floor":7.0,"turns":2.0},{"damage":0.0,"enemies":"3 Louse","floor":8.0,"turns":3.0},{"damage":0.0,"enemies":"Blue Slaver","floor":10.0,"turns":2.0},{"damage":0.0,"enemies":"Large Slime","floor":11.0,"turns":4.0},{"damage":0.0,"enemies":"Lots of Slimes","floor":14.0,"turns":2.0},{"damage":30.0,"enemies":"Hexaghost","floor":16.0,"turns":6.0},{"damage":0.0,"enemies":"Spheric Guardian","floor":18.0,"turns":2.0},{"damage":9.0,"enemies":"2 Thieves","floor":22.0,"turns":4.0},{"damage":10.0,"enemies":"Gremlin Leader","floor":24.0,"turns":8.0},{"damage":23.0,"enemies":"Book of Stabbing","floor":27.0,"turns":5.0},{"damage":12.0,"enemies":"Snake Plant","floor":29.0,"turns":3.0},{"damage":6.0,"enemies":"Colosseum Slavers","floor":31.0,"turns":5.0},{"damage":76.0,"enemies":"hubris:MusketHawk","floor":33.0,"turns":13.0},{"damage":40,"enemies":"3 Darklings","floor":35,"turns":10},{"damage":0,"enemies":"Orb Walker","floor":36,"turns":2},{"damage":20,"enemies":"3 Darklings","floor":39,"turns":8},{"damage":20,"enemies":"Jaw Worm Horde","floor":40,"turns":4},{"damage":56,"enemies":"Transient","floor":42,"turns":5},{"damage":0,"enemies":"Sphere and 2 Shapes","floor":47,"turns":5},{"damage":42,"enemies":"4 Shapes","floor":48,"turns":3}],"seed_played":"9032342703007308767","potions_obtained":[{"floor":7.0,"key":"Swift Potion"},{"floor":8.0,"key":"Regen Potion"},{"floor":14.0,"key":"FairyPotion"},{"floor":22.0,"key":"AttackPotion"},{"floor":27.0,"key":"Swift Potion"},{"floor":42,"key":"Swift Potion"}],"is_trial":false,"path_per_floor":["M","?","M","?","?","R","M","M","T","M","M","?","T","M","R","B",null,"M","?","$","?","M","R","E","$","T","E","R","M","?","?","R","B",null,"M","M","?","$","M","M","?","M","T","$","?","?","M","M"],"character_chosen":"THE_SERVANT","items_purchased":["Medical Kit","Desolation","SilverBlades","Strawberry","GearUp","SurpressingFire","Luminosity","Dream Catcher","BestPractice","Boot"],"campfire_rested":1,"item_purchase_floors":[0,0,20,20,20,25,38,38,44,44],"current_hp_per_floor":[65,53,53,53,53,53,53,65,65,65,65,65,65,65,65,43,65,65,65,72,72,63,63,72,72,72,49,70,66,66,72,72,4,72,40,40,58,58,46,26,26,21,21,21,21,21,34,0,0],"gold":27,"neow_bonus":"","is_daily":false,"chose_seed":false,"campfire_upgraded":4,"win_rate":0.0,"timestamp":1613438693,"path_taken":["M","?","M","?","?","R","M","M","T","?","M","?","?","M","R","BOSS","M","?","$","?","?","R","E","?","T","E","R","M","?","?","R","BOSS","M","M","?","$","M","M","?","M","T","?","?","?","?","M"],"items_purchased_type":["Relic","Card","Card","Relic","Card","Card","Card","Relic","Card","Relic"],"build_version":"2020-12-22","purchased_purges":1,"victory":false,"max_hp_per_floor":[65,65,65,65,65,65,65,65,65,65,65,65,65,65,65,65,65,65,65,72,72,72,72,72,72,72,72,72,72,72,72,72,72,72,72,72,72,72,72,72,72,72,72,72,72,72,72,72,72],"card_choices":[{"not_picked":["Rewind","Rearm"],"picked":"Defy","floor":1.0},{"not_picked":["Revamp","Collapse"],"picked":"ShatteredReality","floor":3.0},{"not_picked":["Unruled","Rewind"],"picked":"Rearm","floor":7.0},{"not_picked":["DualDimension","Contraction"],"picked":"SpecialFormula","floor":8.0},{"not_picked":["BottledTime","Rearm"],"picked":"Initiator","floor":10.0},{"not_picked":["Rewind","Rearm"],"picked":"LightFlow","floor":11.0},{"not_picked":["ShatteredReality","FastForward"],"picked":"Moonlight","floor":14.0},{"not_picked":["LightFlow","FloweringNight"],"picked":"Dilation","floor":16.0},{"not_picked":["Rearm","Replace"],"picked":"DoubleEdge","floor":18.0},{"not_picked":["InstantArmor","Alleviate+1","Revamp"],"picked":"SKIP","floor":22.0},{"not_picked":["ShiftingGears","Comet"],"picked":"Defy","floor":24.0},{"not_picked":["Potential","Replace"],"picked":"SurpressingFire","floor":27.0},{"not_picked":["Rewind","Replace","Defy+1"],"picked":"SKIP","floor":29.0},{"not_picked":["LightFlow","Initiator"],"picked":"MurderousAura","floor":33.0},{"not_picked":["WasteNot+1","Replace+1"],"picked":"TimeWarp+1","floor":35},{"not_picked":["Rewind+1","Reset"],"picked":"GearUp","floor":36},{"not_picked":["Unruled","BottledTime+1"],"picked":"FastForward+1","floor":39},{"not_picked":["Unruled","TimeWarp+1","Revamp+1"],"picked":"SKIP","floor":40},{"not_picked":["Forethought","Chrysalis"],"picked":"Jack Of All Trades","floor":41},{"not_picked":["Rewind+1","Unruled+1"],"picked":"SpecialFormula","floor":42},{"not_picked":["StarChef+1","Spin+1"],"picked":"BottledTime","floor":47}],"player_experience":602594,"relics_obtained":[{"floor":9.0,"key":"Smiling Mask"},{"floor":13.0,"key":"Orichalcum"},{"floor":24.0,"key":"hubris:SlimyHat"},{"floor":27.0,"key":"Bag of Marbles"},{"floor":43,"key":"Shuriken"}],"event_choices":[{"damage_healed":0.0,"max_hp_gain":0.0,"max_hp_loss":0.0,"gold_gain":0.0,"event_name":"Scrap Ooze","player_choice":"Success","floor":2.0,"gold_loss":0.0,"damage_taken":12.0,"relics_obtained":["Oddly Smooth Stone"]},{"damage_healed":0.0,"max_hp_gain":0.0,"max_hp_loss":0.0,"gold_gain":0.0,"event_name":"betterNote:BetterNote","player_choice":"Take","floor":5.0,"gold_loss":0.0,"damage_taken":0.0,"cards_obtained":["LightFlow"]},{"damage_healed":0.0,"max_hp_gain":0.0,"max_hp_loss":0.0,"gold_gain":0.0,"event_name":"Living Wall","player_choice":"Grow","floor":12.0,"gold_loss":0.0,"damage_taken":0.0,"cards_upgraded":["Initiator"]},{"damage_healed":0.0,"max_hp_gain":0.0,"max_hp_loss":0.0,"gold_gain":0.0,"event_name":"Beggar","player_choice":"Ignored","floor":19.0,"gold_loss":0.0,"damage_taken":0.0},{"damage_healed":0.0,"max_hp_gain":0.0,"max_hp_loss":0.0,"gold_gain":0.0,"event_name":"FaceTrader","player_choice":"Trade","floor":21.0,"gold_loss":0.0,"damage_taken":0.0,"relics_obtained":["NlothsMask"]},{"damage_healed":0.0,"max_hp_gain":0.0,"max_hp_loss":0.0,"gold_gain":0.0,"event_name":"Ghosts","player_choice":"Ignored","floor":30.0,"gold_loss":0.0,"damage_taken":0.0},{"damage_healed":0.0,"max_hp_gain":0.0,"max_hp_loss":0.0,"gold_gain":0.0,"event_name":"Colosseum","player_choice":"Fight","floor":31.0,"gold_loss":0.0,"damage_taken":0.0},{"damage_healed":0.0,"max_hp_gain":0.0,"max_hp_loss":0.0,"gold_gain":0.0,"event_name":"Colosseum","player_choice":"Fled From Nobs","floor":31.0,"gold_loss":0.0,"damage_taken":0.0},{"damage_healed":18,"gold_gain":0,"player_choice":"Writhe","damage_taken":0,"max_hp_gain":0,"max_hp_loss":0,"event_name":"Winding Halls","floor":37,"gold_loss":0,"cards_obtained":["Writhe"]},{"damage_healed":0,"gold_gain":0,"player_choice":"Memory 1","damage_taken":0,"max_hp_gain":0,"max_hp_loss":0,"event_name":"SensoryStone","floor":41,"gold_loss":0},{"damage_healed":0,"gold_gain":0,"cards_transformed":["Defend_S"],"player_choice":"Transformed","damage_taken":0,"max_hp_gain":0,"max_hp_loss":0,"event_name":"Transmorgrifier","floor":46,"gold_loss":0,"cards_obtained":["Rearm"]}],"is_beta":false,"boss_relics":[{"not_picked":["Empty Cage","Snecko Eye"],"picked":"Astrolabe"},{"not_picked":["hubris:GrandSneckoEye","hubris:VirtuousBlindfold"],"picked":"SplendidAttire"}],"items_purged_floors":[38],"is_endless":false,"potions_floor_spawned":[7,8,14,16,22,27,42],"killed_by":"4 Shapes","ascension_level":0}}