{"host":"syfsfjmzue8y1a6l","time":1613463421,"event":{"mods":["AchievementEnabler","BaseMod","Colored Map","DeckTracker","Minty Spire (QoL Compilation)","Permanent Neow","SuperFastMode"],"gold_per_floor":[119,133,145,21,40,40,66,81,81,101,128,128,162,175,175,278,278,294,219,230,240,258,258,288,288,334,259,292,292,312,323,323,425,425,445,495,495,509,373,373,373,248,248,265,265,299,310,310,325,325,325],"floor_reached":52,"language":"KOR","playtime":3740,"items_purged":["Weave","Strike_P","Strike_P"],"score":746,"play_id":"82e34219-b826-4945-b159-5dc1b69cabe9","local_time":"20210216171701","is_ascension_mode":false,"campfire_choices":[{"data":"Eruption","floor":6,"key":"SMITH"},{"data":"FlurryOfBlows","floor":15,"key":"SMITH"},{"data":"Worship","floor":23,"key":"SMITH"},{"floor":25,"key":"REST"},{"data":"Pray","floor":29,"key":"SMITH"},{"data":"Prostrate","floor":32,"key":"SMITH"},{"data":"Ragnarok","floor":40,"key":"SMITH"},{"floor":45,"key":"RECALL"},{"data":"CutThroughFate","floor":50,"key":"SMITH"}],"circlet_count":0,"master_deck":["Strike_P","Strike_P","Defend_P","Defend_P","Defend_P","Eruption+1","Vigilance","Evaluate","Prostrate+1","Brilliance","FlurryOfBlows+1","Consecrate","Worship+1","Pray+1","Pray","Judgement","CurseOfTheBell","FollowUp","WheelKick+1","CutThroughFate+1","Evaluate+1","Ragnarok+1","FlurryOfBlows","Sanctity","Master of Strategy"],"relics":["PureWater","Toy Ornithopter","Bottled Lightning","Meat on the Bone","Bottled Flame","Boot","Matryoshka","Calling Bell","Dream Catcher","Gremlin Horn","Mango","Lantern","Nunchaku","PreservedInsect","Damaru","VioletLotus","GoldenEye","Mummified Hand","HornCleat","Bag of Preparation"],"acts_visited":["Exordium","TheCity","TheBeyond"],"potions_floor_usage":[10,11,16,22,30,33,33,46,47,49,51],"damage_taken":[{"damage":0,"enemies":"Cultist","floor":1,"turns":2},{"damage":4,"enemies":"Jaw Worm","floor":2,"turns":6},{"damage":2,"enemies":"Small Slimes","floor":3,"turns":5},{"damage":0,"enemies":"2 Fungi Beasts","floor":5,"turns":4},{"damage":35,"enemies":"Lagavulin","floor":7,"turns":10},{"damage":0,"enemies":"3 Louse","floor":8,"turns":3},{"damage":1,"enemies":"Exordium Thugs","floor":10,"turns":4},{"damage":0,"enemies":"Gremlin Nob","floor":11,"turns":2},{"damage":3,"enemies":"Lagavulin","floor":13,"turns":4},{"damage":2,"enemies":"Looter","floor":14,"turns":2},{"damage":41,"enemies":"The Guardian","floor":16,"turns":7},{"damage":8,"enemies":"Shell Parasite","floor":18,"turns":4},{"damage":0,"enemies":"3 Byrds","floor":20,"turns":4},{"damage":17,"enemies":"Shelled Parasite and Fungi","floor":21,"turns":4},{"damage":8,"enemies":"Centurion and Healer","floor":22,"turns":4},{"damage":32,"enemies":"Slavers","floor":24,"turns":5},{"damage":23,"enemies":"Gremlin Leader","floor":28,"turns":3},{"damage":23,"enemies":"Snake Plant","floor":30,"turns":3},{"damage":3,"enemies":"Shelled Parasite and Fungi","floor":31,"turns":3},{"damage":30,"enemies":"Automaton","floor":33,"turns":5},{"damage":5,"enemies":"Orb Walker","floor":35,"turns":3},{"damage":5,"enemies":"Mind Bloom Boss Battle","floor":36,"turns":5},{"damage":29,"enemies":"3 Darklings","floor":38,"turns":3},{"damage":2,"enemies":"Sphere and 2 Shapes","floor":44,"turns":2},{"damage":12,"enemies":"Reptomancer","floor":46,"turns":3},{"damage":0,"enemies":"Transient","floor":47,"turns":5},{"damage":18,"enemies":"Writhing Mass","floor":49,"turns":3},{"damage":48,"enemies":"Donu and Deca","floor":51,"turns":4}],"seed_played":"9123928366967847095","potions_obtained":[{"floor":3,"key":"SteroidPotion"},{"floor":5,"key":"Energy Potion"},{"floor":8,"key":"LiquidBronze"},{"floor":10,"key":"ColorlessPotion"},{"floor":16,"key":"SteroidPotion"},{"floor":18,"key":"Fire Potion"},{"floor":22,"key":"LiquidMemories"},{"floor":24,"key":"SkillPotion"},{"floor":31,"key":"ColorlessPotion"},{"floor":33,"key":"Fire Potion"},{"floor":38,"key":"Fire Potion"},{"floor":46,"key":"FearPotion"},{"floor":49,"key":"BottledMiracle"}],"is_trial":false,"path_per_floor":["M","M","M","$","M","R","E","M","T","M","E","?","E","M","R","B",null,"M","$","M","M","M","R","E","R","T","?","E","R","M","M","R","B",null,"M","?","?","M","$","R","?","$","T","M","R","E","M","M","M","R","B",null],"character_chosen":"WATCHER","items_purchased":["Prostrate","Brilliance","Sanctity"],"campfire_rested":1,"item_purchase_floors":[4,4,39],"current_hp_per_floor":[72,68,66,66,66,66,31,31,31,47,52,49,46,44,44,20,86,78,78,78,61,58,58,38,63,63,63,52,52,46,55,55,47,86,81,76,76,47,47,47,47,47,47,45,45,50,55,55,54,54,23],"gold":325,"neow_bonus":"RANDOM_COMMON_RELIC","is_daily":false,"chose_seed":false,"campfire_upgraded":7,"win_rate":0.0,"timestamp":1613463421,"path_taken":["M","?","M","$","M","R","E","M","T","M","E","?","E","M","R","BOSS","M","$","M","M","M","R","E","R","T","?","E","R","M","M","R","BOSS","M","?","?","M","$","R","?","$","T","?","R","E","M","M","M","R","BOSS"],"items_purchased_type":["Card","Card","Card"],"build_version":"2020-12-22","purchased_purges":3,"victory":true,"max_hp_per_floor":[72,72,72,72,72,72,72,72,72,72,72,72,72,72,72,72,86,86,86,86,86,86,86,86,86,86,86,86,86,86,86,86,86,86,86,86,86,86,86,86,86,86,86,86,86,86,86,86,86,86,86],"card_choices":[{"not_picked":["WheelKick","TalkToTheHand"],"picked":"Evaluate","floor":1},{"not_picked":["Meditate","Worship"],"picked":"Weave","floor":2},{"not_picked":["Conclude","Crescendo","TalkToTheHand"],"picked":"SKIP","floor":3},{"not_picked":["ForeignInfluence","ThirdEye"],"picked":"FlurryOfBlows","floor":5},{"not_picked":["CrushJoints","Adaptation"],"picked":"Consecrate","floor":7},{"not_picked":["Evaluate","Fasting2"],"picked":"Worship","floor":8},{"not_picked":["ThirdEye","Halt"],"picked":"Pray","floor":10},{"not_picked":["Conclude","CutThroughFate"],"picked":"Pray","floor":11},{"not_picked":["Brilliance","Meditate"],"picked":"Judgement","floor":13},{"not_picked":["CrushJoints","WreathOfFlame","FlyingSleeves"],"picked":"SKIP","floor":14},{"not_picked":["CrushJoints","Fasting2","SashWhip+1"],"picked":"SKIP","floor":18},{"not_picked":["ClearTheMind","WreathOfFlame"],"picked":"FollowUp","floor":20},{"not_picked":["FollowUp","Crescendo+1","Evaluate"],"picked":"SKIP","floor":21},{"not_picked":["Swivel","EmptyFist"],"picked":"WheelKick+1","floor":22},{"not_picked":["EmptyFist+1","WheelKick"],"picked":"CutThroughFate","floor":24},{"not_picked":["EmptyBody","WheelKick+1"],"picked":"Evaluate+1","floor":25},{"not_picked":["MentalFortress","Crescendo","EmptyBody"],"picked":"SKIP","floor":28},{"not_picked":["Meditate","ThirdEye","FlyingSleeves+1"],"picked":"SKIP","floor":30},{"not_picked":["EmptyFist","LessonLearned","Protect"],"picked":"SKIP","floor":31},{"not_picked":["Alpha","DeusExMachina"],"picked":"Ragnarok","floor":33},{"not_picked":["Indignation","Halt+1","Vengeance"],"picked":"SKIP","floor":35},{"not_picked":["Wallop+1","FollowUp"],"picked":"FlurryOfBlows","floor":36},{"not_picked":["EmptyBody+1","Consecrate","BowlingBash"],"picked":"SKIP","floor":38},{"not_picked":["Bandage Up","Flash of Steel"],"picked":"Master of Strategy","floor":41},{"not_picked":["FearNoEvil+1","SignatureMove+1","FollowUp+1"],"picked":"SKIP","floor":44},{"not_picked":["FearNoEvil+1","SignatureMove+1","FollowUp+1"],"picked":"SKIP","floor":44},{"not_picked":["EmptyBody","ThirdEye+1","ClearTheMind"],"picked":"SKIP","floor":46},{"not_picked":["Consecrate","ForeignInfluence","Meditate+1"],"picked":"SKIP","floor":47},{"not_picked":["WindmillStrike+1","Perseverance","Crescendo"],"picked":"SKIP","floor":49}],"player_experience":85989,"relics_obtained":[{"floor":7,"key":"Bottled Lightning"},{"floor":9,"key":"Meat on the Bone"},{"floor":11,"key":"Bottled Flame"},{"floor":13,"key":"Matryoshka"},{"floor":17,"key":"Dream Catcher"},{"floor":17,"key":"Gremlin Horn"},{"floor":17,"key":"Mango"},{"floor":24,"key":"Lantern"},{"floor":26,"key":"Nunchaku"},{"floor":26,"key":"PreservedInsect"},{"floor":28,"key":"Damaru"},{"floor":36,"key":"GoldenEye"},{"floor":43,"key":"Mummified Hand"},{"floor":43,"key":"HornCleat"},{"floor":46,"key":"Bag of Preparation"}],"event_choices":[{"damage_healed":0,"gold_gain":0,"player_choice":"Success","damage_taken":3,"relics_obtained":["Boot"],"max_hp_gain":0,"max_hp_loss":0,"event_name":"Scrap Ooze","floor":12,"gold_loss":0},{"cards_removed":["Defend_P"],"damage_healed":0,"gold_gain":0,"player_choice":"Gave Gold","damage_taken":0,"max_hp_gain":0,"max_hp_loss":0,"event_name":"Beggar","floor":27,"gold_loss":75},{"damage_healed":0,"gold_gain":0,"player_choice":"Fight","damage_taken":0,"max_hp_gain":0,"max_hp_loss":0,"event_name":"MindBloom","floor":36,"gold_loss":0},{"damage_healed":0,"gold_gain":0,"player_choice":"Ignored","damage_taken":0,"max_hp_gain":0,"max_hp_loss":0,"event_name":"Mysterious Sphere","floor":37,"gold_loss":0},{"damage_healed":0,"gold_gain":0,"player_choice":"Memory 1","damage_taken":0,"max_hp_gain":0,"max_hp_loss":0,"event_name":"SensoryStone","floor":41,"gold_loss":0}],"is_beta":false,"boss_relics":[{"not_picked":["Cursed Key","Snecko Eye"],"picked":"Calling Bell"},{"not_picked":["Busted Crown","Coffee Dripper"],"picked":"VioletLotus"}],"items_purged_floors":[19,39,42],"is_endless":false,"potions_floor_spawned":[3,5,8,10,16,18,22,24,31,33,38,46,49],"ascension_level":0}}