{"host":"Baz","time":1613441553,"event":{"mods":["BaseMod","Colored Map","Filter the Spire","Googly Eyes","Highlight Path","Minty Spire (QoL Compilation)","Quick Restart","Rare Cards Sparkle","Relic Stats","StSLib"],"gold_per_floor":[360,360,13,28,42,71,71,84,84,84,84],"floor_reached":10,"language":"ENG","playtime":444,"items_purged":["Doubt"],"score":136,"play_id":"43b20e7d-d6e4-4a39-9d9f-e20ab2959297","local_time":"20210215201233","is_ascension_mode":true,"campfire_choices":[{"data":"Well Laid Plans","floor":7,"key":"SMITH"}],"circlet_count":0,"master_deck":["AscendersBane","Strike_G","Strike_G","Strike_G","Strike_G","Strike_G","Defend_G","Defend_G","Defend_G","Defend_G","Defend_G","Survivor","Neutralize","Well Laid Plans+1","Sucker Punch+1","Quick Slash+1","Deadly Poison","Endless Agony+1"],"relics":["Ring of the Snake","Molten Egg 2","InkBottle","Toxic Egg 2"],"acts_visited":["Exordium"],"potions_floor_usage":[6,6],"damage_taken":[{"damage":10,"enemies":"Small Slimes","floor":1,"turns":8},{"damage":0,"enemies":"Cultist","floor":4,"turns":4},{"damage":1,"enemies":"Jaw Worm","floor":5,"turns":4},{"damage":24,"enemies":"Gremlin Nob","floor":6,"turns":4},{"damage":17,"enemies":"Exordium Thugs","floor":8,"turns":6},{"damage":10,"enemies":"3 Sentries","floor":10,"turns":2}],"seed_played":"5521358907371794147","potions_obtained":[{"floor":1,"key":"ColorlessPotion"},{"floor":2,"key":"DistilledChaos"},{"floor":4,"key":"CultistPotion"}],"is_trial":false,"path_per_floor":["M","?","$","M","M","E","R","M","T","E"],"character_chosen":"THE_SILENT","items_purchased":["Molten Egg 2"],"campfire_rested":0,"item_purchase_floors":[3],"current_hp_per_floor":[49,49,49,49,48,24,24,7,7,0,0],"gold":84,"neow_bonus":"TWO_FIFTY_GOLD","is_daily":false,"chose_seed":false,"campfire_upgraded":1,"win_rate":0.0,"timestamp":1613441553,"path_taken":["M","?","$","M","M","E","R","M","T","E"],"items_purchased_type":["Relic"],"build_version":"2020-12-18","purchased_purges":1,"victory":false,"max_hp_per_floor":[66,66,66,66,66,66,66,66,66,66,66],"relic_stats":{"counters":[6,28],"obtain_stats":[{"Molten Egg 2":3,"Toxic Egg 2":9,"InkBottle":6,"Ring of the Snake":0},{"Molten Egg 2":1,"Toxic Egg 2":5,"InkBottle":4,"Ring of the Snake":0},{"Molten Egg 2":8,"Toxic Egg 2":26,"InkBottle":20,"Ring of the Snake":0}],"InkBottle":[3],"Ring of the Snake":[12]},"card_choices":[{"not_picked":["Deflect","Acrobatics"],"picked":"Well Laid Plans","floor":1},{"not_picked":["Catalyst","Poisoned Stab+1"],"picked":"Sucker Punch+1","floor":4},{"not_picked":["Bane+1","Prepared"],"picked":"Quick Slash+1","floor":5},{"not_picked":["Deflect","Quick Slash+1"],"picked":"Deadly Poison","floor":6},{"not_picked":["Finisher+1","Deadly Poison"],"picked":"Endless Agony+1","floor":8}],"player_experience":1319008,"relics_obtained":[{"floor":6,"key":"InkBottle"},{"floor":9,"key":"Toxic Egg 2"}],"event_choices":[{"damage_healed":0,"gold_gain":0,"player_choice":"Got Potions","damage_taken":0,"max_hp_gain":0,"max_hp_loss":0,"event_name":"Lab","floor":2,"gold_loss":0}],"is_beta":true,"boss_relics":[],"items_purged_floors":[3],"is_endless":false,"potions_floor_spawned":[1,4,5],"killed_by":"3 Sentries","ascension_level":20}}