{"host":"vhifjdba66khcqwn","time":1613465531,"event":{"mods":["AchievementEnabler","BaseMod","Bestiary","Clawfect","Energized Spire","Minty Spire (QoL Compilation)","Practice Mode","Relic Stats","Spicy Shops","StSLib","slay the spire mod where everything is the same but ironclad has a cowboy hat"],"gold_per_floor":[115,115,115,129,129,165,4,39,39,63,63,213,288,288,313,273,273,369,369,388,371,208,133,133,133,133,133],"floor_reached":26,"language":"ENG","playtime":2503,"items_purged":[],"score":479,"play_id":"69d1721e-5445-4b4d-9b21-bc8df6d4962f","local_time":"20210216005211","is_ascension_mode":true,"campfire_choices":[{"floor":11,"key":"REST"},{"floor":14,"key":"REST"},{"data":"Clawfect:Clawline","floor":17,"key":"SMITH"},{"floor":25,"key":"REST"}],"circlet_count":0,"master_deck":["AscendersBane","Gash+1","Gash","Gash","Gash","Gash","Defend_B","Defend_B","Defend_B","Defend_B","Defend_B","Clawfect:Clawline+1","Clawfect:ScrapingClaw","Conserve Battery","Leap","Reinforced Body","Skim","Seek","Coolheaded","Gash"],"relics":["Clawfect:DRClaw","NeowsBlessing","Golden Idol","Meat on the Bone","Toolbox","Bag of Preparation","Blood Vial","energizedSpire:OgreHead","Ice Cream"],"acts_visited":["Exordium","TheCity"],"potions_floor_usage":[18,24],"damage_taken":[{"damage":2,"enemies":"Small Slimes","floor":1,"turns":2},{"damage":3,"enemies":"2 Louse","floor":4,"turns":2},{"damage":0,"enemies":"Gremlin Nob","floor":6,"turns":1},{"damage":16,"enemies":"Lagavulin","floor":8,"turns":6},{"damage":12,"enemies":"Jaw Worm","floor":10,"turns":3},{"damage":12,"enemies":"3 Louse","floor":15,"turns":4},{"damage":6,"enemies":"Looter","floor":16,"turns":4},{"damage":37,"enemies":"Slime Boss","floor":18,"turns":10},{"damage":35,"enemies":"Chosen","floor":20,"turns":8},{"damage":29,"enemies":"2 Thieves","floor":21,"turns":5},{"damage":15,"enemies":"Snake Plant","floor":24,"turns":2},{"damage":53,"enemies":"Slavers","floor":26,"turns":4}],"seed_played":"5618408520103584694","potions_obtained":[{"floor":6,"key":"SmokeBomb"},{"floor":15,"key":"SteroidPotion"},{"floor":20,"key":"BlessingOfTheForge"}],"is_trial":false,"path_per_floor":["M","?","?","M","?","E","$","E","T","M","R","?","?","R","M","M","R","B",null,"M","M","$","?","M","R","E"],"character_chosen":"DEFECT","items_purchased":["Toolbox","Ice Cream"],"campfire_rested":3,"item_purchase_floors":[7,22],"current_hp_per_floor":[62,62,67,64,64,64,64,48,48,38,58,58,47,67,57,53,53,30,59,38,23,23,23,22,42,0,0],"gold":133,"neow_bonus":"THREE_ENEMY_KILL","is_daily":false,"chose_seed":false,"campfire_upgraded":1,"win_rate":0.0,"timestamp":1613465531,"path_taken":["M","?","?","M","?","E","$","E","T","?","R","?","?","R","M","M","R","BOSS","M","M","$","?","M","R","E"],"items_purchased_type":["Relic","Relic"],"build_version":"2020-12-22","purchased_purges":0,"victory":false,"max_hp_per_floor":[71,71,76,76,69,69,69,69,69,69,69,69,69,69,69,69,69,69,69,69,69,69,69,69,69,69,69],"relic_stats":{"Blood Vial":16,"counters":[12,51],"Golden Idol":56,"Bag of Preparation":[16],"obtain_stats":[{"Blood Vial":9,"Ice Cream":22,"NeowsBlessing":0,"Golden Idol":5,"Toolbox":7,"Bag of Preparation":8,"energizedSpire:OgreHead":19,"Clawfect:DRClaw":0,"Meat on the Bone":6},{"Blood Vial":4,"Ice Cream":10,"NeowsBlessing":0,"Golden Idol":2,"Toolbox":3,"Bag of Preparation":4,"energizedSpire:OgreHead":8,"Clawfect:DRClaw":0,"Meat on the Bone":3},{"Blood Vial":11,"Ice Cream":45,"NeowsBlessing":0,"Golden Idol":4,"Toolbox":5,"Bag of Preparation":11,"energizedSpire:OgreHead":32,"Clawfect:DRClaw":0,"Meat on the Bone":5}],"Meat on the Bone":48},"card_choices":[{"not_picked":["Hello World","Clawfect:ClawpileDriver"],"picked":"Clawfect:Clawline","floor":1},{"not_picked":["Stack","Heatsinks"],"picked":"Clawfect:ScrapingClaw","floor":4},{"not_picked":["Clawfect:ClawSnap","Lockon"],"picked":"Conserve Battery","floor":6},{"not_picked":["Clawfect:ScrapingClaw","Clawfect:Clawrage","Clawfect:ClawpileDriver"],"picked":"SKIP","floor":8},{"not_picked":["Lockon","Meteor Strike"],"picked":"Leap","floor":10},{"not_picked":["Leap","Clawfect:ClawingBeam"],"picked":"Reinforced Body","floor":15},{"not_picked":["Coolheaded","Stack"],"picked":"Skim","floor":16},{"not_picked":["Amplify","Biased Cognition"],"picked":"Seek","floor":18},{"not_picked":["Rebound","Hologram"],"picked":"Coolheaded","floor":20},{"not_picked":["BootSequence","Reinforced Body"],"picked":"Gash","floor":21}],"player_experience":1175873,"relics_obtained":[{"floor":6,"key":"Meat on the Bone"},{"floor":8,"key":"Bag of Preparation"},{"floor":9,"key":"Blood Vial"}],"event_choices":[{"damage_healed":0,"gold_gain":0,"player_choice":"Grow","damage_taken":0,"max_hp_gain":0,"max_hp_loss":0,"event_name":"Living Wall","floor":2,"gold_loss":0,"cards_upgraded":["Gash"]},{"damage_healed":0,"gold_gain":0,"player_choice":"Donut","damage_taken":0,"max_hp_gain":5,"max_hp_loss":0,"event_name":"Big Fish","floor":3,"gold_loss":0},{"damage_healed":0,"gold_gain":0,"player_choice":"Lose Max HP","damage_taken":0,"relics_obtained":["Golden Idol"],"max_hp_gain":0,"max_hp_loss":7,"event_name":"Golden Idol","floor":5,"gold_loss":0},{"damage_healed":0,"gold_gain":150,"player_choice":"AGREE","damage_taken":0,"max_hp_gain":0,"max_hp_loss":0,"event_name":"Liars Game","floor":12,"gold_loss":0,"cards_obtained":["Doubt"]},{"damage_healed":0,"gold_gain":75,"player_choice":"Gather Gold","damage_taken":11,"max_hp_gain":0,"max_hp_loss":0,"event_name":"World of Goop","floor":13,"gold_loss":0},{"cards_removed":["Doubt"],"damage_healed":0,"gold_gain":0,"player_choice":"Gave Gold","damage_taken":0,"max_hp_gain":0,"max_hp_loss":0,"event_name":"Beggar","floor":23,"gold_loss":75}],"is_beta":false,"boss_relics":[{"not_picked":["Nuclear Battery","Runic Pyramid"],"picked":"energizedSpire:OgreHead"}],"items_purged_floors":[],"is_endless":false,"potions_floor_spawned":[6,15,20,24],"killed_by":"Slavers","ascension_level":18}}