{"host":"ix07nhfx4o3nf6kx","time":1613480332,"event":{"mods":["BaseMod","Hermit","Minty Spire (QoL Compilation)","StSLib","The Bug Knight","The Cursed","The Dragon Tamer","The Hierophant","The Jungle","The Runesmith"],"gold_per_floor":[13,13,88,100,63,63,78,143,143,143,157,332,47,57,57,57,57],"floor_reached":16,"language":"KOR","playtime":1208,"items_purged":[],"score":90,"play_id":"261d6ddd-3ce2-4990-9cc1-40e38a32e5d8","local_time":"20210216215852","is_ascension_mode":false,"campfire_choices":[{"data":"HollowMod:Hiveblood","floor":6,"key":"SMITH"},{"floor":10,"key":"REST"},{"floor":15,"key":"REST"}],"circlet_count":0,"master_deck":["HollowMod:NailStrikeStart","HollowMod:NailStrikeStart","HollowMod:NailStrikeStart","HollowMod:NailStrikeStart","HollowMod:QuickDashStart","HollowMod:QuickDashStart","HollowMod:QuickDashStart","HollowMod:QuickDashStart","HollowMod:FocusHealStart","HollowMod:PogoStrike","HollowMod:Hiveblood+1","HollowMod:LifebloodCocoon","HollowMod:LuriensSpire","HollowMod:TaintedHusks","HollowMod:SharpenedNail","HollowMod:CrystalDash","Doubt","HollowMod:HornetsHelp","HollowMod:HeavyBlow"],"relics":["HollowMod:VesselMask","Oddly Smooth Stone","Mummified Hand","PreservedInsect"],"acts_visited":["Exordium"],"potions_floor_usage":[8,16],"damage_taken":[{"damage":1,"enemies":"Small Slimes","floor":1,"turns":4},{"damage":19,"enemies":"Jaw Worm","floor":4,"turns":6},{"damage":10,"enemies":"2 Louse","floor":7,"turns":3},{"damage":105,"enemies":"3 Sentries","floor":8,"turns":13},{"damage":28,"enemies":"Looter","floor":11,"turns":5},{"damage":22,"enemies":"Red Slaver","floor":14,"turns":7},{"damage":112,"enemies":"Slime Boss","floor":16,"turns":16}],"seed_played":"3568138621414384281","potions_obtained":[{"floor":1,"key":"Strength Potion"},{"floor":14,"key":"Dexterity Potion"}],"is_trial":false,"path_per_floor":["M","?","?","M","$","R","M","?","T","R","M","?","$","M","R","B"],"character_chosen":"THE_BUGKNIGHT","items_purchased":["HollowMod:LuriensSpire","HollowMod:HornetsHelp","PreservedInsect"],"campfire_rested":2,"item_purchase_floors":[5,13,13],"current_hp_per_floor":[89,89,78,84,84,84,80,15,15,41,37,37,37,46,72,0,0],"gold":57,"neow_bonus":"TWENTY_PERCENT_HP_BONUS","is_daily":false,"chose_seed":false,"campfire_upgraded":1,"win_rate":0.0,"timestamp":1613480332,"path_taken":["M","?","?","M","$","R","M","?","T","R","M","?","?","?","R","BOSS"],"items_purchased_type":["Card","Card","Relic"],"build_version":"2020-12-22","purchased_purges":0,"victory":false,"max_hp_per_floor":[89,89,89,89,89,89,89,89,89,89,89,89,89,89,89,89,89],"card_choices":[{"not_picked":["HollowMod:SoulVessel","HollowMod:SiblingsSouls"],"picked":"HollowMod:LifebloodCocoon","floor":1},{"not_picked":["HollowMod:ShadowDash","HollowMod:WraithStrike"],"picked":"HollowMod:LifebloodCocoon","floor":4},{"not_picked":["HollowMod:HeavyBlow","HollowMod:InfectedAttack"],"picked":"HollowMod:TaintedHusks","floor":7},{"not_picked":["HollowMod:PureNailStrike","HollowMod:LordofShades"],"picked":"HollowMod:SharpenedNail","floor":8},{"not_picked":["HollowMod:InfectedAttack","HollowMod:NewLittleFool"],"picked":"HollowMod:CrystalDash","floor":11},{"not_picked":["HollowMod:InfectedCysts","HollowMod:NewInfectedGuardian"],"picked":"HollowMod:HeavyBlow","floor":14}],"player_experience":322098,"relics_obtained":[{"floor":8,"key":"Oddly Smooth Stone"},{"floor":9,"key":"Mummified Hand"}],"event_choices":[{"damage_healed":0,"gold_gain":0,"cards_transformed":["HollowMod:LifebloodCocoon"],"player_choice":"Change","damage_taken":0,"max_hp_gain":0,"max_hp_loss":0,"event_name":"Living Wall","floor":2,"gold_loss":0,"cards_obtained":["HollowMod:Hiveblood"]},{"damage_healed":0,"gold_gain":75,"player_choice":"Gather Gold","damage_taken":11,"max_hp_gain":0,"max_hp_loss":0,"event_name":"World of Goop","floor":3,"gold_loss":0},{"damage_healed":0,"gold_gain":0,"player_choice":"Searched \u00271\u0027 times","damage_taken":0,"max_hp_gain":0,"max_hp_loss":0,"event_name":"Dead Adventurer","floor":8,"gold_loss":0},{"damage_healed":0,"gold_gain":175,"player_choice":"AGREE","damage_taken":0,"max_hp_gain":0,"max_hp_loss":0,"event_name":"Liars Game","floor":12,"gold_loss":0,"cards_obtained":["Doubt"]}],"is_beta":false,"boss_relics":[],"items_purged_floors":[],"is_endless":false,"potions_floor_spawned":[1,14],"killed_by":"Slime Boss","ascension_level":0}}