{"host":"9rqxlbwknj581inl","time":1613440782,"event":{"mods":["BaseMod","Colored Map","Colored Powertips","Minty Spire (QoL Compilation)","Quick Restart","Random Character Mod"],"gold_per_floor":[111,128,57,67,67,67,67,83,109,40,74,88,104,104,104],"floor_reached":14,"language":"ENG","playtime":1465,"items_purged":[],"score":92,"play_id":"03b6e06c-254b-407e-bfce-27b0ad2a3744","local_time":"20210215185942","is_ascension_mode":false,"campfire_choices":[{"data":"Shrug It Off","floor":7,"key":"SMITH"}],"circlet_count":0,"master_deck":["Strike_R+1","Strike_R","Strike_R","Strike_R","Defend_R","Defend_R","Defend_R","Defend_R","Bash","Flame Barrier","Shrug It Off+1","Shockwave","Cleave","Body Slam","Inflame","Disarm","Warcry","Shrug It Off"],"relics":["Burning Blood","Vajra","Potion Belt"],"acts_visited":["Exordium"],"potions_floor_usage":[11],"damage_taken":[{"damage":11,"enemies":"2 Louse","floor":1,"turns":4},{"damage":6,"enemies":"Cultist","floor":2,"turns":3},{"damage":4,"enemies":"Jaw Worm","floor":4,"turns":4},{"damage":14,"enemies":"Large Slime","floor":8,"turns":7},{"damage":18,"enemies":"Gremlin Nob","floor":11,"turns":4},{"damage":9,"enemies":"2 Fungi Beasts","floor":12,"turns":3},{"damage":21,"enemies":"Red Slaver","floor":13,"turns":4},{"damage":2,"enemies":"Lagavulin","floor":14,"turns":7}],"seed_played":"5459234454845582692","potions_obtained":[{"floor":1,"key":"FearPotion"},{"floor":11,"key":"Block Potion"},{"floor":13,"key":"Explosive Potion"}],"is_trial":false,"path_per_floor":["M","M","$","M","?","?","R","M","T","$","E","M","M","E"],"character_chosen":"IRONCLAD","items_purchased":["Shockwave","Inflame"],"campfire_rested":0,"item_purchase_floors":[3,10],"current_hp_per_floor":[83,83,83,85,67,67,67,59,59,59,47,44,29,27,27],"gold":104,"neow_bonus":"TEN_PERCENT_HP_BONUS","is_daily":false,"chose_seed":false,"campfire_upgraded":1,"win_rate":0.0,"timestamp":1613440782,"path_taken":["M","M","$","M","?","?","R","?","T","?","E","M","M","E"],"items_purchased_type":["Card","Card"],"build_version":"2020-12-22","purchased_purges":0,"victory":false,"max_hp_per_floor":[88,88,88,88,88,88,88,88,88,88,88,88,88,88,88],"card_choices":[{"not_picked":["Thunderclap","Blood for Blood"],"picked":"Flame Barrier","floor":1},{"not_picked":["Perfected Strike","Burning Pact"],"picked":"Shrug It Off","floor":2},{"not_picked":["Second Wind","Pommel Strike"],"picked":"Cleave","floor":4},{"not_picked":["Pommel Strike","Infernal Blade"],"picked":"Body Slam","floor":8},{"not_picked":["Sentinel","Bloodletting"],"picked":"Disarm","floor":11},{"not_picked":["Blood for Blood","Second Wind"],"picked":"Warcry","floor":12},{"not_picked":["Corruption","Shockwave"],"picked":"Shrug It Off","floor":13}],"player_experience":279875,"relics_obtained":[{"floor":9,"key":"Vajra"},{"floor":11,"key":"Potion Belt"}],"event_choices":[{"damage_healed":0,"gold_gain":0,"player_choice":"Entered Light","damage_taken":18,"max_hp_gain":0,"max_hp_loss":0,"event_name":"Shining Light","floor":5,"gold_loss":0,"cards_upgraded":["Strike_R","Strike_R"]},{"cards_removed":["Strike_R"],"damage_healed":0,"gold_gain":0,"player_choice":"Offered Basic","damage_taken":0,"max_hp_gain":0,"max_hp_loss":0,"event_name":"Bonfire Elementals","floor":6,"gold_loss":0}],"is_beta":false,"boss_relics":[],"items_purged_floors":[],"is_endless":false,"potions_floor_spawned":[1,11,13],"killed_by":"Lagavulin","ascension_level":0}}