{"host":"tf5skwcwe0vlu2md","time":1613483855,"event":{"mods":["BaseMod","Downfall","Highlight Path","Minty Spire (QoL Compilation)","Quick Restart","StSLib","The Hierophant"],"gold_per_floor":[111,122,102,122,140,172,172,185,485,485,485,496,531,547,547,643,693,706,706,301,318,333,333,352,352,352,352,352],"floor_reached":27,"playtime":1455,"items_purged":[],"score":334,"play_id":"17bcbe8c-1f03-416e-a91c-679b94f5bcf0","local_time":"20210217005735","is_ascension_mode":true,"campfire_choices":[{"data":"Berserk","floor":7,"key":"SMITH"},{"data":"Dual Wield","floor":11,"key":"SMITH"},{"data":"Whirlwind","floor":15,"key":"SMITH"},{"data":"Infernal Blade","floor":23,"key":"SMITH"},{"floor":25,"key":"REST"}],"circlet_count":0,"master_deck":["Strike_R","Strike_R","Strike_R","Strike_R+1","Strike_R","Defend_R","Defend_R","Defend_R","Bash","Dual Wield+1","Anger","Perfected Strike","Clash","Berserk+1","Whirlwind+1","Infernal Blade+1","Feed","Dual Wield","Apotheosis","Cleave+1","Thunderclap+1","Seeing Red"],"relics":["Burning Blood","Centennial Puzzle","Old Coin","Mango","Tiny House","Molten Egg 2"],"acts_visited":["Exordium","TheCity"],"potions_floor_usage":[6,14,16,16,16,18,22,24],"damage_taken":[{"damage":7,"enemies":"Small Slimes","floor":1,"turns":4},{"damage":15,"enemies":"Cultist","floor":2,"turns":5},{"damage":10,"enemies":"2 Louse","floor":4,"turns":3},{"damage":14,"enemies":"Red Slaver","floor":5,"turns":2},{"damage":35,"enemies":"Lagavulin","floor":6,"turns":5},{"damage":0,"enemies":"Exordium Wildlife","floor":8,"turns":2},{"damage":6,"enemies":"Looter","floor":12,"turns":2},{"damage":18,"enemies":"Gremlin Nob","floor":13,"turns":3},{"damage":29,"enemies":"Exordium Thugs","floor":14,"turns":4},{"damage":19,"enemies":"Slime Boss","floor":16,"turns":6},{"damage":31,"enemies":"Spheric Guardian","floor":18,"turns":4},{"damage":12,"enemies":"3 Byrds","floor":21,"turns":4},{"damage":8,"enemies":"Snake Plant","floor":22,"turns":1},{"damage":46,"enemies":"Centurion and Healer","floor":24,"turns":5},{"damage":87,"enemies":"Book of Stabbing","floor":27,"turns":5}],"seed_played":"-7800467309816982783","potions_obtained":[{"floor":1,"key":"Strength Potion"},{"floor":3,"key":"Dexterity Potion"},{"floor":8,"key":"AttackPotion"},{"floor":13,"key":"LiquidBronze"},{"floor":14,"key":"BlessingOfTheForge"},{"floor":17,"key":"HeartOfIron"},{"floor":21,"key":"champ:CounterPotion"},{"floor":24,"key":"BloodPotion"}],"is_trial":false,"path_per_floor":["M","M","?","M","M","E","R","M","T","?","R","M","E","M","R","B",null,"M","?","$","M","M","R","M","R","T","E"],"character_chosen":"IRONCLAD","items_purchased":["Molten Egg 2","Apotheosis"],"campfire_rested":1,"item_purchase_floors":[20,20],"current_hp_per_floor":[87,78,78,74,66,37,37,43,43,43,43,43,45,22,22,9,84,59,59,59,56,54,54,36,69,69,0,0],"gold":352,"neow_bonus":"TEN_PERCENT_HP_BONUS","is_daily":false,"chose_seed":false,"campfire_upgraded":4,"win_rate":0.0,"timestamp":1613483855,"path_taken":["M","M","?","M","M","E","R","?","T","?","R","?","E","M","R","BOSS","M","?","$","M","M","R","M","R","T","E"],"items_purchased_type":["Relic","Card"],"build_version":"2020-12-13","purchased_purges":0,"victory":false,"max_hp_per_floor":[88,88,88,88,88,88,88,88,88,88,88,88,102,102,102,102,107,107,107,107,110,110,110,110,110,110,110,110],"card_choices":[{"not_picked":["Havoc","Dark Embrace"],"picked":"Dual Wield","floor":1},{"not_picked":["Warcry","Wild Strike"],"picked":"Anger","floor":2},{"not_picked":["Headbutt","Feel No Pain"],"picked":"Perfected Strike","floor":4},{"not_picked":["Perfected Strike","Clothesline"],"picked":"Clash","floor":5},{"not_picked":["Feel No Pain","Flame Barrier"],"picked":"Berserk","floor":6},{"not_picked":["Headbutt","Rupture"],"picked":"Whirlwind","floor":8},{"not_picked":["Carnage","Fire Breathing"],"picked":"Infernal Blade","floor":12},{"not_picked":["Body Slam","Havoc","Sword Boomerang"],"picked":"SKIP","floor":13},{"not_picked":["Armaments","Anger","Body Slam"],"picked":"SKIP","floor":14},{"not_picked":["Barricade","Impervious"],"picked":"Feed","floor":16},{"not_picked":["Hemokinesis","Intimidate"],"picked":"Dual Wield","floor":17},{"not_picked":["Headbutt","Clothesline","Pommel Strike"],"picked":"SKIP","floor":18},{"not_picked":["Flame Barrier","Headbutt+1"],"picked":"Cleave+1","floor":21},{"not_picked":["Pommel Strike+1","Headbutt+1"],"picked":"Thunderclap+1","floor":22},{"not_picked":["Thunderclap+1","Fire Breathing"],"picked":"Seeing Red","floor":24}],"player_experience":263308,"relics_obtained":[{"floor":6,"key":"Centennial Puzzle"},{"floor":9,"key":"Old Coin"},{"floor":13,"key":"Mango"}],"event_choices":[{"damage_healed":0,"gold_gain":0,"player_choice":"Bought 1 Potion","damage_taken":0,"max_hp_gain":0,"max_hp_loss":0,"event_name":"The Woman in Blue","floor":3,"gold_loss":0},{"cards_removed":["Defend_R"],"damage_healed":0,"gold_gain":0,"player_choice":"Offered Basic","damage_taken":0,"max_hp_gain":0,"max_hp_loss":0,"event_name":"Bonfire Elementals","floor":10,"gold_loss":0},{"damage_healed":0,"gold_gain":0,"player_choice":"Ignored","damage_taken":0,"max_hp_gain":0,"max_hp_loss":0,"event_name":"Cursed Tome","floor":19,"gold_loss":0}],"is_beta":false,"boss_relics":[{"not_picked":["Astrolabe","Calling Bell"],"picked":"Tiny House"}],"items_purged_floors":[],"is_endless":false,"potions_floor_spawned":[1,8,13,14,21,24],"killed_by":"Book of Stabbing","ascension_level":5}}