{"host":"jlflj8qhu4jas6pq","time":1613473109,"event":{"mods":["ATMod(°¢èªMod)","BaseMod","Better Vampires","Dota2Spire","FoggyMod","Minty Spire (QoL Compilation)","Quick Restart","Reliquary","Shop Mod","Spicy Shops","StSLib","TestMod","The Servant 0.9.4","noobMod","¡¾ÒÅÎï¿¨ÅÆ¡¿REMEMod","óô»ðÖ¸ÄÏ"],"gold_per_floor":[111,111,24,38,55,55,55],"floor_reached":6,"language":"ZHS","playtime":297,"items_purged":[],"score":36,"play_id":"6dc11b8a-8abb-444a-b650-551a8bb0af61","local_time":"20210216185829","is_ascension_mode":false,"campfire_choices":[],"circlet_count":0,"master_deck":["Strike_S","Strike_S","Strike_S","Strike_S","Defend_S","Defend_S","Defend_S","Defend_S","KidneyShot","Exchange","SpecialFormula","Starlight"],"relics":["Uniform","AT_ATBox","testmod-TestBox","ice","REME_ComplimentaryCards","NeowsBlessing","testmod-HeartOfDaVinci","testmod-Brilliant","Dota2Spire:LotusOrb"],"acts_visited":["Exordium"],"potions_floor_usage":[],"damage_taken":[{"damage":0,"enemies":"2 Louse","floor":1,"turns":2},{"damage":0,"enemies":"Small Slimes","floor":4,"turns":1},{"damage":0,"enemies":"Cultist","floor":5,"turns":1},{"damage":1,"enemies":"3 Sentries","floor":6,"turns":2}],"seed_played":"-6418271382782760072","potions_obtained":[{"floor":4,"key":"BlessingOfTheForge"}],"is_trial":false,"path_per_floor":["M","?","?","M","M","E"],"character_chosen":"THE_SERVANT","items_purchased":[],"campfire_rested":0,"item_purchase_floors":[],"current_hp_per_floor":[65,58,58,58,58,62,62],"gold":55,"neow_bonus":"THREE_ENEMY_KILL","is_daily":false,"chose_seed":false,"campfire_upgraded":0,"win_rate":0.0,"timestamp":1613473109,"path_taken":["M","?","?","?","?","E"],"items_purchased_type":[],"build_version":"2020-12-22","purchased_purges":0,"victory":false,"max_hp_per_floor":[65,65,65,65,65,65,65],"card_choices":[{"not_picked":["Alleviate","Revamp","InstantArmor"],"picked":"SKIP","floor":1},{"not_picked":["Potential","DualDimension"],"picked":"SpecialFormula","floor":4},{"not_picked":["Unruled","SilverBlades"],"picked":"Starlight","floor":5}],"player_experience":17190,"relics_obtained":[],"event_choices":[{"damage_healed":0,"gold_gain":0,"player_choice":"Success","damage_taken":7,"relics_obtained":["testmod-Brilliant"],"max_hp_gain":0,"max_hp_loss":0,"event_name":"Scrap Ooze","floor":2,"gold_loss":0},{"damage_healed":0,"gold_gain":0,"player_choice":"Paid Gold","damage_taken":0,"relics_obtained":["Dota2Spire:LotusOrb"],"max_hp_gain":0,"max_hp_loss":0,"event_name":"WeMeetAgain","floor":3,"gold_loss":87}],"is_beta":false,"boss_relics":[],"items_purged_floors":[],"is_endless":false,"potions_floor_spawned":[4],"killed_by":"3 Sentries","ascension_level":0}}