{"host":"0285y92tozoijo7k","time":1613483794,"event":{"mods":["AchievementEnabler","Act Like it!","BaseMod","Colored Map","DeckTracker","Keyboard Shortcuts","Minty Spire (QoL Compilation)","Permanent Neow","StSLib","SuperFastMode"],"gold_per_floor":[35,76,94,94,137,194,194,194,194,230,230,244,279,83,83,211,211,223,133,204,129,44,44,44,44,70,82,167,197,209,209],"floor_reached":30,"language":"KOR","playtime":839,"items_purged":["Strike_P"],"score":428,"play_id":"04667736-e741-4b3d-b63d-ef659e5d54c6","local_time":"20210216225634","is_ascension_mode":true,"campfire_choices":[{"data":"Eruption","floor":8.0,"key":"SMITH"},{"floor":11.0,"key":"REST"},{"data":"Wish","floor":15.0,"key":"SMITH"},{"data":"Omniscience","floor":23,"key":"SMITH"},{"data":"Adaptation","floor":27,"key":"SMITH"}],"circlet_count":0,"master_deck":["AscendersBane","Strike_P","Strike_P","Defend_P","Defend_P","Defend_P","Eruption+1","Vigilance","Wish+1","Consecrate","CrushJoints+1","Meditate","Adaptation+1","Tantrum","Study","Omniscience+1","TalkToTheHand","Halt"],"relics":["PureWater","Lantern","Smiling Mask","Bottled Tornado","Pear","Vajra","VioletLotus","Matryoshka","MawBank","Bag of Preparation"],"acts_visited":["Exordium","TheCity"],"potions_floor_usage":[16,25,25,29],"damage_taken":[{"damage":23.0,"enemies":"Cultist","floor":1.0,"turns":7.0},{"damage":9.0,"enemies":"Jaw Worm","floor":2.0,"turns":6.0},{"damage":0.0,"enemies":"Small Slimes","floor":3.0,"turns":2.0},{"damage":14.0,"enemies":"Blue Slaver","floor":5.0,"turns":5.0},{"damage":26.0,"enemies":"Gremlin Nob","floor":6.0,"turns":4.0},{"damage":16.0,"enemies":"Exordium Thugs","floor":10.0,"turns":3.0},{"damage":0.0,"enemies":"3 Louse","floor":12.0,"turns":2.0},{"damage":14.0,"enemies":"Lagavulin","floor":13.0,"turns":5.0},{"damage":12,"enemies":"The Guardian","floor":16,"turns":10},{"damage":12,"enemies":"2 Thieves","floor":18,"turns":2},{"damage":4,"enemies":"Chosen","floor":20,"turns":4},{"damage":8,"enemies":"Slavers","floor":25,"turns":2},{"damage":33,"enemies":"Shelled Parasite and Fungi","floor":28,"turns":4},{"damage":0,"enemies":"Centurion and Healer","floor":29,"turns":1},{"damage":0,"enemies":"Gremlin Leader","floor":30,"turns":1}],"seed_played":"6677440749546464698","potions_obtained":[{"floor":5.0,"key":"Swift Potion"},{"floor":10.0,"key":"ColorlessPotion"},{"floor":12.0,"key":"EssenceOfSteel"},{"floor":13.0,"key":"Dexterity Potion"},{"floor":18,"key":"SmokeBomb"},{"floor":20,"key":"DistilledChaos"},{"floor":28,"key":"SkillPotion"},{"floor":29,"key":"FearPotion"}],"is_trial":false,"path_per_floor":["M","M","M","?","M","E","T","R","T","M","R","M","E","$","R","B",null,"M","?","M","?","?","R","$","E","T","R","M","M","E"],"character_chosen":"WATCHER","items_purchased":["Vajra"],"campfire_rested":1,"item_purchase_floors":[14],"current_hp_per_floor":[42,33,33,57,43,17,17,17,17,1,22,22,18,18,18,6,63,51,51,47,47,47,47,47,39,39,39,6,6,6,6],"gold":209,"neow_bonus":"THREE_RARE_CARDS","is_daily":false,"chose_seed":false,"campfire_upgraded":4,"win_rate":0.0,"timestamp":1613483794,"path_taken":["M","M","?","?","M","E","?","R","T","M","R","M","E","$","R","BOSS","M","?","?","?","?","R","$","E","T","R","M","?","E"],"items_purchased_type":["Relic"],"build_version":"2020-12-22","purchased_purges":1,"victory":false,"max_hp_per_floor":[72,72,72,72,72,72,72,72,72,72,72,72,82,82,82,82,82,82,82,82,82,82,82,82,82,82,82,82,82,82,82],"card_choices":[{"not_picked":["Vault","Devotion"],"picked":"Wish","floor":0.0},{"not_picked":["JustLucky","ReachHeaven"],"picked":"Consecrate","floor":1.0},{"not_picked":["Halt","Swivel"],"picked":"CrushJoints","floor":2.0},{"not_picked":["Weave","CutThroughFate"],"picked":"Meditate","floor":3.0},{"not_picked":["Vengeance","SandsOfTime"],"picked":"Adaptation","floor":5.0},{"not_picked":["CarveReality","EmptyMind"],"picked":"Tantrum","floor":6.0},{"not_picked":["Consecrate","DeceiveReality"],"picked":"Study","floor":10.0},{"not_picked":["Fasting2","EmptyBody","LikeWater"],"picked":"SKIP","floor":12.0},{"not_picked":["EmptyBody","FollowUp","PathToVictory"],"picked":"SKIP","floor":13.0},{"not_picked":["DeusExMachina","Scrawl"],"picked":"Omniscience","floor":16},{"not_picked":["CrushJoints","Swivel","SandsOfTime"],"picked":"SKIP","floor":18},{"not_picked":["CrushJoints","FlurryOfBlows","Crescendo"],"picked":"SKIP","floor":20},{"not_picked":["Crescendo","CutThroughFate"],"picked":"TalkToTheHand","floor":28},{"not_picked":["SignatureMove","Protect"],"picked":"Halt","floor":29}],"player_experience":393306,"relics_obtained":[{"floor":6.0,"key":"Lantern"},{"floor":7.0,"key":"Smiling Mask"},{"floor":9.0,"key":"Bottled Tornado"},{"floor":13.0,"key":"Pear"},{"floor":26,"key":"MawBank"},{"floor":26,"key":"Bag of Preparation"}],"event_choices":[{"damage_healed":24.0,"max_hp_gain":0.0,"max_hp_loss":0.0,"gold_gain":0.0,"event_name":"Big Fish","player_choice":"Banana","floor":4.0,"gold_loss":0.0,"damage_taken":0.0},{"cards_removed":["Strike_P"],"damage_healed":0,"gold_gain":0,"player_choice":"Upgrade and Remove","damage_taken":0,"max_hp_gain":0,"max_hp_loss":0,"event_name":"Designer","floor":19,"gold_loss":90,"cards_upgraded":["CrushJoints"]},{"cards_removed":["Defend_P"],"damage_healed":0,"gold_gain":0,"player_choice":"Gave Gold","damage_taken":0,"max_hp_gain":0,"max_hp_loss":0,"event_name":"Beggar","floor":21,"gold_loss":75},{"damage_healed":0,"gold_gain":0,"player_choice":"Obtained Relic","damage_taken":0,"relics_obtained":["Matryoshka"],"max_hp_gain":0,"max_hp_loss":0,"event_name":"Addict","floor":22,"gold_loss":85}],"is_beta":false,"boss_relics":[{"not_picked":["Philosopher\u0027s Stone","Tiny House"],"picked":"VioletLotus"}],"items_purged_floors":[14],"is_endless":false,"potions_floor_spawned":[5,10,12,13,18,20,28,29],"killed_by":"Gremlin Leader","ascension_level":10}}