{"host":"ox77rn1xcurm2t5a","time":1613436178,"event":{"mods":["2.2 Compatiblity","AchievementEnabler","Act Like it!","Aspiration","BaseMod","Best Route Mod","Better Match","Better Note","Better Sensory Stone","Block Reminder","Colored Map","Colored Powertips","Conjunction","Conspire","Custom Start","Energized Spire","GifTheSpireLib","Gold Saver","Gremlin Skip","Halation","Highlight Path","Hubris","Infinite Spire","Minty Spire (QoL Compilation)","Pale of the Ancients","Quick Restart","Replay The Spire","Reworked Bosses","ShortenTheSpire","Spire Exporter","StSLib","Stuff the Spire","Wandering Minibosses"],"gold_per_floor":[1519,1519,1539,1320,1320,1352,1352,1381,1381,1381,1393,1393,1423,626,626,724,724,738,758,758,774,786,820,820,831,878,442,442,442,474,516,516,639,639,676,704,228,228,228,285,96,96,96,96,143,143,185,216,216,226,226],"floor_reached":50,"language":"ENG","playtime":1248,"items_purged":["Defend_R","Defend_R"],"score":671,"play_id":"267a6d48-1a57-4a45-9147-c693da3da417","local_time":"20210216024257","is_ascension_mode":true,"campfire_choices":[{"floor":7.0,"key":"RECALL"},{"data":"Perfected Strike","floor":10.0,"key":"SMITH"},{"data":"Pot Of Greed","floor":12.0,"key":"SMITH"},{"data":"Inflame","floor":15.0,"key":"SMITH"},{"floor":24.0,"key":"REST"},{"data":"Pot Of Greed","floor":29.0,"key":"SMITH"},{"data":"Heavy Blade","floor":32.0,"key":"SMITH"},{"data":"Pot Of Greed","floor":42,"key":"SMITH"},{"data":"Perfected Strike","floor":44,"key":"SMITH"},{"data":"Thunderclap","floor":49,"key":"SMITH"}],"circlet_count":0,"master_deck":["Thunderclap+1","Strike_R","Strike_R","Strike_R","Strike_R","Strike_R","Defend_R","Bash+1","Cleave","Perfected Strike+1","Pot Of Greed+1","Pot Of Greed+1","Cleave","Inflame+1","Swift Strike","Dropkick","Clash+1","Clothesline+1","Clash","Heavy Blade+1","Perfected Strike+1","Reaper","Dropkick+1","Twin Strike+1","Pot Of Greed+1","Thunderclap+1","Anger","Anger","Inflame+1"],"relics":["Burning Blood","halation:PromiseList","Grinning Jar","hubris:MysteriousPyramids","StuffTheSpire:Tea","Replay:Mystery Machine","Art of War","Dead Branch","Bronze Scales","Happy Flower","Replay:Bandana","Black Star","Replay:Ringing Soul","hubris:Zylophone","Smiling Mask","StuffTheSpire:ForceGauntlet","Blood Vial","Frozen Egg 2","Iron Hammer","hubris:SlimyHat"],"acts_visited":["Exordium","TheCity","TheBeyond"],"potions_floor_usage":[36,40,40,40,45,50],"damage_taken":[{"damage":0.0,"enemies":"2 Louse","floor":1.0,"turns":2.0},{"damage":4.0,"enemies":"Jaw Worm","floor":3.0,"turns":4.0},{"damage":35.0,"enemies":"3 Sentries","floor":6.0,"turns":7.0},{"damage":50.0,"enemies":"Lagavulin","floor":8.0,"turns":6.0},{"damage":0.0,"enemies":"Cultist","floor":11.0,"turns":2.0},{"damage":16.0,"enemies":"Gremlin Nob","floor":13.0,"turns":3.0},{"damage":23.0,"enemies":"Hexaghost","floor":16.0,"turns":6.0},{"damage":1.0,"enemies":"3 Byrds","floor":18.0,"turns":3.0},{"damage":6.0,"enemies":"Spheric Guardian","floor":19.0,"turns":3.0},{"damage":19.0,"enemies":"Snake Plant","floor":21.0,"turns":2.0},{"damage":36.0,"enemies":"Shelled Parasite and Fungi","floor":22.0,"turns":3.0},{"damage":40.0,"enemies":"Gremlin Leader","floor":23.0,"turns":5.0},{"damage":7.0,"enemies":"Chosen and Byrds","floor":25.0,"turns":3.0},{"damage":19.0,"enemies":"Snake Plant","floor":30.0,"turns":3.0},{"damage":16.0,"enemies":"3 Cultists","floor":31.0,"turns":4.0},{"damage":12.0,"enemies":"bossMod:newChamp","floor":33.0,"turns":5.0},{"damage":42.0,"enemies":"3 Darklings","floor":35.0,"turns":4.0},{"damage":53,"enemies":"3 Shapes","floor":36,"turns":3},{"damage":28,"enemies":"Reptomancer","floor":40,"turns":4},{"damage":18,"enemies":"3 Darklings","floor":45,"turns":3},{"damage":15,"enemies":"Nemesis","floor":47,"turns":5},{"damage":12,"enemies":"Writhing Mass","floor":48,"turns":2},{"damage":56,"enemies":"Time Eater","floor":50,"turns":2}],"seed_played":"2616628638737860706","potions_obtained":[{"floor":1.0,"key":"Regen Potion"},{"floor":3.0,"key":"ElixirPotion"},{"floor":13.0,"key":"Death Potion"},{"floor":16.0,"key":"Swift Potion"},{"floor":21.0,"key":"EntropicBrew"},{"floor":22.0,"key":"Conjunction:LightningMarble"},{"floor":23.0,"key":"Venom Potion"},{"floor":25.0,"key":"BloodPotion"},{"floor":31.0,"key":"Weak Potion"},{"floor":35.0,"key":"BlessingOfTheForge"},{"floor":40,"key":"Regen Potion"},{"floor":48,"key":"Dexterity Potion"}],"is_trial":false,"path_per_floor":["M","?","M","$","?","E","R","E","T","R","M","R","E","$","R","B",null,"M","M","?","M","M","E","R","M","T","$","?","R","M","M","R","B",null,"M","M","$","?","AVR","E","$","R","T","R","M","?","E","M","R","B"],"character_chosen":"IRONCLAD","items_purchased":["halation:PromiseList","Replay:Mystery Machine","Fruit Juice","Adrenaline Potion","conspire:TimeTravelPotion","Inflame","Art of War","Swift Strike","Happy Flower","Replay:Bandana","Heavy Blade","PowerPotion","Energy Potion","Replay:Ringing Soul","Thunderclap","EssenceOfSteel","BlessingOfTheForge","Weak Potion","Blood Vial","Anger"],"campfire_rested":1,"item_purchase_floors":[4,14,14,14,14,14,14,14,27,27,27,27,27,37,37,37,37,37,41,41],"current_hp_per_floor":[80,80,80,80,80,65,65,21,21,21,27,27,17,22,22,12,85,85,85,85,72,42,8,33,32,32,32,32,32,36,26,26,20,85,49,26,29,29,29,26,29,29,29,29,42,42,35,31,31,0,0],"gold":226,"neow_bonus":"UPGRADE_CARD","is_daily":false,"chose_seed":false,"campfire_upgraded":8,"win_rate":0.0,"timestamp":1613436177,"path_taken":["M","?","M","$","?","E","R","E","T","R","M","R","E","$","R","BOSS","M","M","?","M","M","E","R","M","T","$","?","R","M","?","R","BOSS","M","M","$","?","AVR","E","?","R","T","R","M","?","E","M","R","BOSS"],"items_purchased_type":["Relic","Relic","Potion","Potion","Potion","Card","Relic","Card","Relic","Relic","Card","Potion","Potion","Relic","Card","Potion","Potion","Potion","Relic","Card"],"build_version":"2020-12-22","purchased_purges":2,"victory":false,"max_hp_per_floor":[80,80,80,80,80,80,80,80,80,80,80,80,80,85,85,85,85,85,85,85,85,85,85,85,85,85,85,85,85,85,85,85,85,85,85,85,88,88,88,91,94,94,94,94,97,97,97,97,97,97,97],"card_choices":[{"not_picked":["Flame Barrier","Run Through"],"picked":"Cleave","floor":1.0},{"not_picked":["Headbutt","ReplayTheSpireMod:Muscle Training"],"picked":"Perfected Strike","floor":3.0},{"not_picked":["Run Through","Hemokinesis","Burning Pact"],"picked":"SKIP","floor":6.0},{"not_picked":["Demonic Infusion","Pummel","Twin Strike"],"picked":"SKIP","floor":8.0},{"not_picked":["Combust","ReplayTheSpireMod:Muscle Training"],"picked":"Cleave","floor":11.0},{"not_picked":["infinitespire:OneForAll","hubris:SharpeningStone","hubris:StunningStrike"],"picked":"SKIP","floor":13.0},{"not_picked":["ReplayReversal+1","StuffTheSpire:Incineration"],"picked":"Dropkick","floor":18.0},{"not_picked":["conspire:Charge","Infernal Blade+1"],"picked":"Clash+1","floor":19.0},{"not_picked":["Entrench","True Grit"],"picked":"Clothesline+1","floor":21.0},{"not_picked":["StuffTheSpire:RockThrow","Searing Blow","Havoc+1"],"picked":"SKIP","floor":22.0},{"not_picked":["Dark Embrace","Brutality","ReplayTheSpireMod:Muscle Training"],"picked":"SKIP","floor":23.0},{"not_picked":["Replay:Undeath\u0027s Touch","Iron Wave"],"picked":"Clash","floor":25.0},{"not_picked":["Infernal Blade","Fire Breathing","True Grit"],"picked":"SKIP","floor":30.0},{"not_picked":["ReplayTheSpireMod:Limb From Limb","Cleave"],"picked":"Perfected Strike","floor":31.0},{"not_picked":["Exhume","Juggernaut"],"picked":"Reaper","floor":33.0},{"not_picked":["Flex+1","hubris:ReadiedAction+1"],"picked":"Dropkick+1","floor":35.0},{"not_picked":["Armaments","Warcry"],"picked":"Twin Strike+1","floor":36},{"not_picked":["Replay:Undeath\u0027s Touch+1","StuffTheSpire:TitanForm"],"picked":"Anger","floor":40},{"not_picked":["hubris:ReadiedAction","Shrug It Off+1"],"picked":"Inflame+1","floor":45},{"not_picked":["Feel No Pain+1","True Grit+1","Warcry+1"],"picked":"SKIP","floor":47},{"not_picked":["Clothesline+1","hubris:ReadiedAction","Cleave"],"picked":"SKIP","floor":48}],"player_experience":3106248,"relics_obtained":[{"floor":6.0,"key":"Grinning Jar"},{"floor":8.0,"key":"hubris:MysteriousPyramids"},{"floor":13.0,"key":"StuffTheSpire:Tea"},{"floor":23.0,"key":"Dead Branch"},{"floor":26.0,"key":"Bronze Scales"},{"floor":40,"key":"Smiling Mask"},{"floor":40,"key":"StuffTheSpire:ForceGauntlet"},{"floor":43,"key":"Frozen Egg 2"},{"floor":47,"key":"Iron Hammer"},{"floor":47,"key":"hubris:SlimyHat"}],"event_choices":[{"cards_removed":["Defend_R"],"damage_healed":0.0,"max_hp_gain":0.0,"max_hp_loss":0.0,"gold_gain":0.0,"event_name":"Bonfire Elementals","player_choice":"Offered Basic","floor":20.0,"gold_loss":0.0,"damage_taken":0.0},{"damage_healed":0.0,"max_hp_gain":0.0,"max_hp_loss":0.0,"gold_gain":0.0,"event_name":"betterNote:BetterNote","player_choice":"Ignored","floor":28.0,"gold_loss":0.0,"damage_taken":0.0,"cards_obtained":["Strike_P"]},{"damage_healed":0,"gold_gain":0,"player_choice":"Bought 0 Potions","damage_taken":0,"max_hp_gain":0,"max_hp_loss":0,"event_name":"The Woman in Blue","floor":38,"gold_loss":0}],"is_beta":false,"boss_relics":[{"not_picked":["energizedSpire:DecayingSkull","halation:LoveArrow","hubris:VirtuousBlindfold"]},{"not_picked":["StuffTheSpire:ModemDavis","conspire:SlowCooker"],"picked":"Black Star"}],"items_purged_floors":[4,14],"is_endless":false,"potions_floor_spawned":[1,3,13,16,21,22,23,25,31,35,40,48],"killed_by":"Time Eater","ascension_level":4}}