{"host":"w1l5t0a1l2lkq6my","time":1613463118,"event":{"mods":["Bartender","BaseMod","Lobotomy","LobotomyExtend","Magitek Elite","Minty Spire (QoL Compilation)","StSLib","The Gatherer","Yuyuko"],"gold_per_floor":[115,69,83,102,115,143,143,162,242,242,0,16,30,43,43,142,142,142,142,142],"floor_reached":18,"language":"ENG","playtime":932,"items_purged":[],"score":216,"play_id":"e751037c-4c63-45f0-b478-276c9b370b12","local_time":"20210216011158","is_ascension_mode":false,"metric_token":593,"campfire_choices":[{"data":"Gatherer:AlchemyTrial","floor":7,"key":"SMITH"},{"data":"Gatherer:Centralize","floor":15,"key":"SMITH"}],"circlet_count":0,"master_deck":["Gatherer:Strike_Gatherer","Gatherer:Strike_Gatherer","Gatherer:Strike_Gatherer","Gatherer:Strike_Gatherer","Gatherer:Strike_Gatherer","Gatherer:Defend_Gatherer","Gatherer:Defend_Gatherer","Gatherer:Defend_Gatherer","Gatherer:Defend_Gatherer","Gatherer:Defend_Gatherer","Gatherer:Centralize+1","Gatherer:FlowerWhip","BigBird","Gatherer:AlchemyTrial+1","Gatherer:TacticalStrike+1","CrumblingArmor","Gatherer:FragileHammer","Yin","Gatherer:BambuSword+1","Gatherer:PoisonMastery","SpiderBud","Gatherer:ScherryThrow","MeatLantern","Gatherer:AlchemyTrial","Scorched","Gatherer:SaveValuables","Scarecrow","Gatherer:PotentialSlash","LongBird","Gatherer:FlowerShield","SingingMachine","Gatherer:Overflowing"],"relics":["Gatherer:AlchemyBag","CogitoBucket","LetterFromLob","RedMistMask","Yang_Lob","Pocketwatch","AspirationHeart","Kunai","Bottled Tornado","Golden_Hairpin"],"acts_visited":["Exordium","TheCity"],"potions_floor_usage":[],"damage_taken":[{"damage":1,"enemies":"Cultist","floor":1,"turns":4},{"damage":13,"enemies":"Jaw Worm","floor":3,"turns":3},{"damage":0,"enemies":"Small Slimes","floor":4,"turns":3},{"damage":0,"enemies":"Exordium Wildlife","floor":5,"turns":3},{"damage":8,"enemies":"Gremlin Nob","floor":6,"turns":3},{"damage":0,"enemies":"3 Louse","floor":8,"turns":1},{"damage":5,"enemies":"Looter","floor":12,"turns":3},{"damage":0,"enemies":"2 Fungi Beasts","floor":13,"turns":2},{"damage":0,"enemies":"Exordium Wildlife","floor":14,"turns":1},{"damage":0,"enemies":"Slime Boss","floor":16,"turns":3},{"damage":105,"enemies":"2 Thieves","floor":18,"turns":2}],"seed_played":"1963233070494505115","potions_obtained":[{"floor":6,"key":"Weak Potion"},{"floor":8,"key":"Poison Potion"},{"floor":12,"key":"SpeedPotion"},{"floor":13,"key":"SteroidPotion"},{"floor":14,"key":"AttackPotion"}],"is_trial":false,"path_per_floor":["M","$","M","M","M","E","R","M","T","?","$","M","M","M","R","B",null,"M"],"character_chosen":"THE_GATHERER","items_purchased":["Gatherer:TacticalStrike","Bottled Tornado"],"campfire_rested":0,"item_purchase_floors":[2,11],"current_hp_per_floor":[71,71,58,58,58,50,50,60,60,44,44,39,39,43,43,51,82,0,0,0],"gold":142,"neow_bonus":"","is_daily":false,"chose_seed":false,"campfire_upgraded":2,"win_rate":0.0,"timestamp":1613463118,"path_taken":["M","?","M","M","M","E","R","M","T","?","?","M","?","M","R","BOSS","M"],"items_purchased_type":["Card","Relic"],"build_version":"2020-12-22","purchased_purges":0,"victory":false,"max_hp_per_floor":[72,72,72,72,72,72,72,82,82,82,82,82,82,82,82,82,82,82,82,82],"card_choices":[{"not_picked":["Funeral","UniverseFragment"],"picked":"BigBird","floor":1},{"not_picked":["Gatherer:VenomBarrier","Gatherer:FlowerShield"],"picked":"Gatherer:AlchemyTrial","floor":1},{"not_picked":["Porccubus","BeautyBeast"],"picked":"CrumblingArmor","floor":3},{"not_picked":["Gatherer:Frenzy","Gatherer:Nutrients"],"picked":"Gatherer:FragileHammer","floor":3},{"not_picked":["Scorched","MeatLantern"],"picked":"Yin","floor":4},{"not_picked":["Gatherer:AromaProtection","Gatherer:AcidicSpray"],"picked":"Gatherer:BambuSword","floor":4},{"not_picked":["Gatherer:EnergyBasket","Gatherer:Duality"],"picked":"Gatherer:PoisonMastery","floor":5},{"not_picked":["BlackArmy","Bloodbath"],"picked":"SpiderBud","floor":6},{"not_picked":["Gatherer:WoolGloves","Gatherer:OddSpoils"],"picked":"Gatherer:ScherryThrow","floor":6},{"not_picked":["Scorched","WallGazer"],"picked":"MeatLantern","floor":8},{"not_picked":["Gatherer:DrugPower","Gatherer:AcidicSpray"],"picked":"Gatherer:AlchemyTrial","floor":8},{"not_picked":["OldLady","Porccubus"],"picked":"Scorched","floor":12},{"not_picked":["Gatherer:FlowerFalling","Gatherer:EchoOfNature"],"picked":"Gatherer:SaveValuables","floor":12},{"not_picked":["Wellcheers","BeautyBeast"],"picked":"Scarecrow","floor":13},{"not_picked":["Gatherer:GlowingPlant","Gatherer:SmartManeuver"],"picked":"Gatherer:PotentialSlash","floor":13},{"not_picked":["ShyLook","HeroicMonk"],"picked":"LongBird","floor":14},{"not_picked":["Gatherer:Frenzy","Gatherer:SealedBomb"],"picked":"Gatherer:FlowerShield","floor":14},{"not_picked":["MHz","GreedKing"],"picked":"SingingMachine","floor":16},{"not_picked":["Gatherer:ScrollOfPurity","Gatherer:Examine"],"picked":"Gatherer:Overflowing","floor":16}],"player_experience":106456,"relics_obtained":[{"floor":1,"key":"LetterFromLob"},{"floor":5,"key":"RedMistMask"},{"floor":6,"key":"Pocketwatch"},{"floor":9,"key":"Kunai"}],"event_choices":[{"damage_healed":0,"gold_gain":0,"player_choice":"Entered Light","damage_taken":16,"max_hp_gain":0,"max_hp_loss":0,"event_name":"Shining Light","floor":10,"gold_loss":0,"cards_upgraded":["Gatherer:BambuSword","Gatherer:TacticalStrike"]}],"is_beta":false,"boss_relics":[{"not_picked":["Sozu","Busted Crown"],"picked":"Golden_Hairpin"}],"items_purged_floors":[],"is_endless":false,"potions_floor_spawned":[6,8,12,13,14,16],"killed_by":"2 Thieves","ascension_level":0}}