{"host":"188x3om7sf6mgxv1","time":1613454208,"event":{"mods":["BaseMod","Block Reminder","Jorbs\u0027s Wanderer Trilogy","Minty Spire (QoL Compilation)","Relic Stats","StSLib"],"gold_per_floor":[129,204,154,4,4,32,32,59,84,84,101,134,6,19,19,121,121,133,58,77,95,115,115,148,148,148,248,248,283,283,295,295,397,397,407,75,95,106,106,106,138,150,188,215,249,286,318,353,365,377,389,401,46,74,74,74],"floor_reached":55,"language":"ENG","playtime":2656,"items_purged":["stsjorbsmod:Strike_Wanderer","stsjorbsmod:Introspection"],"score":974,"play_id":"22edec79-8682-4654-bfda-5f5290cc3fb4","local_time":"20210216004328","is_ascension_mode":true,"campfire_choices":[{"data":"stsjorbsmod:FindFamiliar","floor":7.0,"key":"SMITH"},{"floor":15.0,"key":"REST"},{"floor":23.0,"key":"REST"},{"data":"stsjorbsmod:Trauma","floor":32.0,"key":"SMITH"},{"floor":40,"key":"RECALL"},{"floor":49,"key":"REST"},{"floor":52,"key":"REST"}],"circlet_count":0,"master_deck":["stsjorbsmod:ForbiddenGrimoire+1","stsjorbsmod:Strike_Wanderer","stsjorbsmod:Defend_Wanderer","stsjorbsmod:Defend_Wanderer","stsjorbsmod:Defend_Wanderer","stsjorbsmod:Defend_Wanderer","stsjorbsmod:FreshAdventure","stsjorbsmod:EyeOfTheStorm","stsjorbsmod:MageArmor","stsjorbsmod:Trauma","stsjorbsmod:AnimateObjects","stsjorbsmod:Mania","stsjorbsmod:Rediscovery","stsjorbsmod:ChainLightning","stsjorbsmod:Mindworm","stsjorbsmod:Trauma+1","stsjorbsmod:RayOfFrost","stsjorbsmod:ChatteringStrike+1","stsjorbsmod:TrueStrike","stsjorbsmod:Index","stsjorbsmod:Withdraw","stsjorbsmod:Hurt+1","stsjorbsmod:BlackTentacles","stsjorbsmod:TrueStrike+1","stsjorbsmod:MirrorImage","stsjorbsmod:Hurt+1","stsjorbsmod:BookOfTongues","stsjorbsmod:MageArmor","stsjorbsmod:Aid","stsjorbsmod:GatherPower","stsjorbsmod:BookOfTongues","stsjorbsmod:MageArmor","stsjorbsmod:Hibernate+1","stsjorbsmod:FlameWard+1","stsjorbsmod:Hibernate"],"relics":["stsjorbsmod:GrimoireRelic","stsjorbsmod:MindGlassRelic","Pen Nib","HornCleat","PreservedInsect","Snecko Eye","Pear","White Beast Statue","Prayer Wheel","InkBottle","Bird Faced Urn","Turnip","Fusion Hammer","ClockworkSouvenir","MawBank","CeramicFish","Bottled Flame","Orrery","Ornamental Fan"],"acts_visited":["Exordium","TheCity","TheBeyond","TheEnding"],"potions_floor_usage":[54,54,55,55],"damage_taken":[{"damage":3.0,"enemies":"2 Louse","floor":1.0,"turns":4.0},{"damage":25.0,"enemies":"Lagavulin","floor":6.0,"turns":6.0},{"damage":12.0,"enemies":"3 Sentries","floor":8.0,"turns":3.0},{"damage":1.0,"enemies":"Small Slimes","floor":11.0,"turns":2.0},{"damage":13.0,"enemies":"Lagavulin","floor":12.0,"turns":6.0},{"damage":15.0,"enemies":"Jaw Worm","floor":14.0,"turns":2.0},{"damage":16.0,"enemies":"The Guardian","floor":16.0,"turns":12.0},{"damage":23.0,"enemies":"Shell Parasite","floor":18.0,"turns":4.0},{"damage":3.0,"enemies":"2 Thieves","floor":20.0,"turns":1.0},{"damage":0.0,"enemies":"Snecko","floor":21.0,"turns":3.0},{"damage":13.0,"enemies":"Shelled Parasite and Fungi","floor":22.0,"turns":2.0},{"damage":0.0,"enemies":"Gremlin Leader","floor":24.0,"turns":2.0},{"damage":9.0,"enemies":"Colosseum Slavers","floor":27.0,"turns":2.0},{"damage":0.0,"enemies":"Colosseum Nobs","floor":27.0,"turns":2.0},{"damage":0.0,"enemies":"Book of Stabbing","floor":29.0,"turns":2.0},{"damage":0.0,"enemies":"Snake Plant","floor":31.0,"turns":3.0},{"damage":15.0,"enemies":"Automaton","floor":33.0,"turns":6.0},{"damage":0,"enemies":"3 Darklings","floor":35,"turns":2},{"damage":15,"enemies":"3 Shapes","floor":37,"turns":4},{"damage":0,"enemies":"Jaw Worm Horde","floor":38,"turns":2},{"damage":0,"enemies":"Reptomancer","floor":41,"turns":2},{"damage":14,"enemies":"Spire Growth","floor":44,"turns":4},{"damage":0,"enemies":"Maw","floor":45,"turns":4},{"damage":0,"enemies":"Transient","floor":46,"turns":5},{"damage":0,"enemies":"3 Darklings","floor":47,"turns":1},{"damage":0,"enemies":"4 Shapes","floor":48,"turns":2},{"damage":21,"enemies":"Time Eater","floor":50,"turns":10},{"damage":50,"enemies":"Shield and Spear","floor":54,"turns":4},{"damage":51,"enemies":"The Heart","floor":55,"turns":6}],"seed_played":"2090246043528085184","potions_obtained":[{"floor":1.0,"key":"SteroidPotion"},{"floor":6.0,"key":"Strength Potion"},{"floor":11.0,"key":"Energy Potion"},{"floor":12.0,"key":"stsjorbsmod:LiquidVirtue"},{"floor":45,"key":"Block Potion"},{"floor":54,"key":"stsjorbsmod:BurningPotion"}],"is_trial":false,"path_per_floor":["M","?","?","$","?","E","R","E","T","?","M","E","$","M","R","B",null,"M","?","M","M","M","R","E","?","T","?","?","E","T","M","R","B",null,"M","$","M","M","?","R","E","$","T","M","M","M","M","M","R","B",null,"R","$","E","B"],"character_chosen":"WANDERER","items_purchased":["stsjorbsmod:Trauma","stsjorbsmod:ChainLightning","ClockworkSouvenir","stsjorbsmod:BookOfTongues","Bottled Flame","Orrery"],"campfire_rested":4,"item_purchase_floors":[4,13,36,36,53,53],"current_hp_per_floor":[77,66,66,66,54,29,29,17,17,36,35,26,26,11,34,18,78,55,55,52,52,39,61,71,71,71,62,46,46,46,46,46,31,90,90,90,77,77,77,77,77,77,77,65,69,75,75,79,90,69,90,90,90,44,0,0],"gold":74,"neow_bonus":"TEN_PERCENT_HP_BONUS","is_daily":false,"chose_seed":false,"campfire_upgraded":2,"win_rate":0.0,"timestamp":1613454208,"path_taken":["M","?","?","$","?","E","R","E","T","?","M","E","?","M","R","BOSS","M","?","M","M","M","R","E","?","T","?","?","E","?","M","R","BOSS","M","$","M","M","?","R","E","$","T","?","M","M","M","M","R","BOSS","R","$","E","BOSS"],"items_purchased_type":["Card","Card","Relic","Card","Relic","Relic"],"build_version":"2020-12-22","purchased_purges":2,"victory":false,"max_hp_per_floor":[78,78,78,78,78,78,78,78,78,78,78,78,78,78,78,78,78,78,75,75,75,75,75,85,85,85,85,90,90,90,90,90,90,90,90,90,90,90,90,90,90,90,90,90,90,90,90,90,90,90,90,90,90,90,90,90],"relic_stats":{"counters":[29,108],"Ornamental Fan":[16],"Bird Faced Urn":[28],"CeramicFish":45,"Snecko Eye":[123,150,133,135],"Prayer Wheel":9,"Pen Nib":[22],"PreservedInsect":252,"Turnip":[7],"MawBank":144,"obtain_stats":[{"Pear":24,"CeramicFish":43,"stsjorbsmod:GrimoireRelic":0,"Pen Nib":6,"PreservedInsect":12,"MawBank":41,"White Beast Statue":26,"ClockworkSouvenir":36,"Bottled Flame":53,"HornCleat":8,"Ornamental Fan":54,"Bird Faced Urn":29,"Snecko Eye":17,"Orrery":53,"Prayer Wheel":27,"Turnip":30,"Fusion Hammer":34,"stsjorbsmod:MindGlassRelic":5,"InkBottle":27},{"Pear":12,"CeramicFish":21,"stsjorbsmod:GrimoireRelic":0,"Pen Nib":2,"PreservedInsect":5,"MawBank":21,"White Beast Statue":12,"ClockworkSouvenir":18,"Bottled Flame":27,"HornCleat":3,"Ornamental Fan":28,"Bird Faced Urn":15,"Snecko Eye":7,"Orrery":27,"Prayer Wheel":14,"Turnip":15,"Fusion Hammer":17,"stsjorbsmod:MindGlassRelic":1,"InkBottle":14},{"Pear":47,"CeramicFish":72,"stsjorbsmod:GrimoireRelic":0,"Pen Nib":10,"PreservedInsect":21,"MawBank":72,"White Beast Statue":47,"ClockworkSouvenir":64,"Bottled Flame":98,"HornCleat":13,"Ornamental Fan":102,"Bird Faced Urn":53,"Snecko Eye":35,"Orrery":98,"Prayer Wheel":51,"Turnip":53,"Fusion Hammer":62,"stsjorbsmod:MindGlassRelic":4,"InkBottle":51}],"InkBottle":[34]},"card_choices":[{"not_picked":["stsjorbsmod:Message","stsjorbsmod:Counterspell"],"picked":"stsjorbsmod:MageArmor","floor":1.0},{"not_picked":["stsjorbsmod:Aid","stsjorbsmod:TinyHut"],"picked":"stsjorbsmod:FindFamiliar","floor":6.0},{"not_picked":["stsjorbsmod:ColorSpray","stsjorbsmod:ArcaneWeapon"],"picked":"stsjorbsmod:AnimateObjects","floor":8.0},{"not_picked":["stsjorbsmod:Prepare","stsjorbsmod:ParryingBlow"],"picked":"stsjorbsmod:Mania","floor":11.0},{"not_picked":["stsjorbsmod:DisguiseSelf","stsjorbsmod:OldPocket"],"picked":"stsjorbsmod:Rediscovery","floor":12.0},{"not_picked":["stsjorbsmod:Inferno","stsjorbsmod:RayOfFrost"],"picked":"stsjorbsmod:Mindworm","floor":14.0},{"not_picked":["stsjorbsmod:ArcaneForm","stsjorbsmod:Feast"],"picked":"stsjorbsmod:Trauma","floor":16.0},{"not_picked":["stsjorbsmod:ParryingBlow","stsjorbsmod:FranticSearch+1"],"picked":"stsjorbsmod:RayOfFrost","floor":18.0},{"not_picked":["stsjorbsmod:Materialize","stsjorbsmod:UnseenServant"],"picked":"stsjorbsmod:ChatteringStrike+1","floor":20.0},{"not_picked":["stsjorbsmod:Inferno","stsjorbsmod:Thorns+1","stsjorbsmod:MistyStep"],"picked":"SKIP","floor":21.0},{"not_picked":["stsjorbsmod:Thorns","stsjorbsmod:Hurt"],"picked":"stsjorbsmod:TrueStrike","floor":22.0},{"not_picked":["stsjorbsmod:TinyHut","stsjorbsmod:FracturedMind+1"],"picked":"stsjorbsmod:Index","floor":24.0},{"not_picked":["stsjorbsmod:FaerieFire+1","stsjorbsmod:TollTheDead"],"picked":"stsjorbsmod:Hurt+1","floor":27.0},{"not_picked":["stsjorbsmod:HoldMonster","stsjorbsmod:BlackTentacles","stsjorbsmod:Thorns"],"picked":"SKIP","floor":29.0},{"not_picked":["stsjorbsmod:HoldMonster","stsjorbsmod:Thorns"],"picked":"stsjorbsmod:BlackTentacles","floor":29.0},{"not_picked":["stsjorbsmod:DisguiseSelf+1","stsjorbsmod:Aid+1"],"picked":"stsjorbsmod:TrueStrike+1","floor":31.0},{"not_picked":["stsjorbsmod:Channel","stsjorbsmod:Firebolt","stsjorbsmod:FaerieFire"],"picked":"SKIP","floor":31.0},{"not_picked":["stsjorbsmod:ThirstingSword","stsjorbsmod:Pyromancy"],"picked":"stsjorbsmod:MirrorImage","floor":33.0},{"not_picked":["stsjorbsmod:FracturedMind","stsjorbsmod:Thorns"],"picked":"stsjorbsmod:Hurt+1","floor":35},{"not_picked":["stsjorbsmod:Prestidigitation","stsjorbsmod:OldPocket","stsjorbsmod:TollTheDead+1"],"picked":"SKIP","floor":35},{"not_picked":["stsjorbsmod:ParryingBlow+1","stsjorbsmod:Prepare+1","stsjorbsmod:FracturedMind"],"picked":"SKIP","floor":37},{"not_picked":["stsjorbsmod:WeightOfMemory","stsjorbsmod:ChainLightning+1","stsjorbsmod:FindFamiliar+1"],"picked":"SKIP","floor":37},{"not_picked":["stsjorbsmod:MagicMirror","stsjorbsmod:FracturedMind"],"picked":"stsjorbsmod:MageArmor","floor":38},{"not_picked":["stsjorbsmod:Firebolt+1","stsjorbsmod:Channel+1"],"picked":"stsjorbsmod:Patron+1","floor":38},{"not_picked":["stsjorbsmod:WanderingMind","stsjorbsmod:SmithingStrike","stsjorbsmod:ArcaneWeapon"],"picked":"SKIP","floor":41},{"not_picked":["stsjorbsmod:WanderingMind","stsjorbsmod:Aid","stsjorbsmod:Inferno"],"picked":"SKIP","floor":44},{"not_picked":["stsjorbsmod:Mania","stsjorbsmod:IvoryTower","stsjorbsmod:Channel+1"],"picked":"SKIP","floor":44},{"not_picked":["stsjorbsmod:UnseenServant+1","stsjorbsmod:ChainLightning+1"],"picked":"stsjorbsmod:BookOfTongues","floor":45},{"not_picked":["stsjorbsmod:FaerieFire","stsjorbsmod:FranticSearch+1","stsjorbsmod:HedgeWizard+1"],"picked":"SKIP","floor":45},{"not_picked":["stsjorbsmod:ParryingBlow+1","stsjorbsmod:BurningFlask+1"],"picked":"stsjorbsmod:MageArmor","floor":46},{"not_picked":["stsjorbsmod:BurningFlask","stsjorbsmod:FracturedMind+1","stsjorbsmod:LocateObject"],"picked":"SKIP","floor":46},{"not_picked":["stsjorbsmod:Counterspell","stsjorbsmod:ParryingBlow","stsjorbsmod:DoubleCheck+1"],"picked":"SKIP","floor":47},{"not_picked":["stsjorbsmod:Channel+1","stsjorbsmod:Mindworm","stsjorbsmod:BurningFlask+1"],"picked":"SKIP","floor":47},{"not_picked":["stsjorbsmod:ChatteringStrike+1","stsjorbsmod:ArcaneForm"],"picked":"stsjorbsmod:Hibernate+1","floor":48},{"not_picked":["stsjorbsmod:SmithingStrike","stsjorbsmod:TrueStrike","stsjorbsmod:RayOfFrost+1"],"picked":"SKIP","floor":48},{"not_picked":["stsjorbsmod:Thorns+1","stsjorbsmod:Aid+1"],"picked":"stsjorbsmod:FlameWard+1","floor":53},{"not_picked":["stsjorbsmod:BurningFlask","stsjorbsmod:ScorchingRay"],"picked":"stsjorbsmod:Hibernate","floor":53},{"not_picked":["stsjorbsmod:OldPocket+1","stsjorbsmod:Hurt","stsjorbsmod:Firebolt"],"picked":"SKIP","floor":54}],"player_experience":80940,"relics_obtained":[{"floor":6.0,"key":"Pen Nib"},{"floor":8.0,"key":"HornCleat"},{"floor":12.0,"key":"PreservedInsect"},{"floor":24.0,"key":"Pear"},{"floor":26.0,"key":"White Beast Statue"},{"floor":27.0,"key":"Prayer Wheel"},{"floor":27.0,"key":"InkBottle"},{"floor":29.0,"key":"Bird Faced Urn"},{"floor":30.0,"key":"Turnip"},{"floor":41,"key":"MawBank"},{"floor":43,"key":"CeramicFish"},{"floor":54,"key":"Ornamental Fan"}],"event_choices":[{"damage_healed":0.0,"max_hp_gain":0.0,"max_hp_loss":0.0,"gold_gain":75.0,"event_name":"World of Goop","player_choice":"Gather Gold","floor":2.0,"gold_loss":0.0,"damage_taken":11.0},{"cards_removed":["stsjorbsmod:Strike_Wanderer"],"damage_healed":0.0,"max_hp_gain":0.0,"max_hp_loss":0.0,"gold_gain":0.0,"event_name":"The Cleric","player_choice":"Card Removal","floor":3.0,"gold_loss":50.0,"damage_taken":0.0},{"damage_healed":0.0,"max_hp_gain":0.0,"max_hp_loss":0.0,"gold_gain":0.0,"event_name":"Scrap Ooze","player_choice":"Success","floor":5.0,"gold_loss":0.0,"damage_taken":12.0,"relics_obtained":["stsjorbsmod:MindGlassRelic"]},{"damage_healed":19.0,"max_hp_gain":0.0,"max_hp_loss":0.0,"gold_gain":0.0,"event_name":"Mushrooms","player_choice":"Healed and dodged fight","floor":10.0,"gold_loss":0.0,"damage_taken":0.0,"cards_obtained":["Parasite"]},{"cards_removed":["Parasite"],"damage_healed":0.0,"max_hp_gain":0.0,"max_hp_loss":0.0,"gold_gain":0.0,"event_name":"Beggar","player_choice":"Gave Gold","floor":19.0,"gold_loss":75.0,"damage_taken":0.0},{"damage_healed":0.0,"max_hp_gain":0.0,"max_hp_loss":0.0,"gold_gain":0.0,"cards_transformed":["stsjorbsmod:FindFamiliar","stsjorbsmod:Strike_Wanderer"],"event_name":"Drug Dealer","player_choice":"Became Test Subject","floor":25.0,"gold_loss":0.0,"damage_taken":0.0,"cards_obtained":["stsjorbsmod:Withdraw","stsjorbsmod:Introspection"]},{"damage_healed":0.0,"max_hp_gain":0.0,"max_hp_loss":0.0,"gold_gain":0.0,"event_name":"Colosseum","player_choice":"Fight","floor":27.0,"gold_loss":0.0,"damage_taken":0.0},{"damage_healed":0.0,"max_hp_gain":0.0,"max_hp_loss":0.0,"gold_gain":0.0,"event_name":"Colosseum","player_choice":"Fought Nobs","floor":27.0,"gold_loss":0.0,"damage_taken":0.0},{"damage_healed":0.0,"max_hp_gain":5.0,"max_hp_loss":0.0,"gold_gain":0.0,"event_name":"Forgotten Altar","player_choice":"Shed Blood","floor":28.0,"gold_loss":0.0,"damage_taken":21.0},{"damage_healed":0,"gold_gain":0,"player_choice":"2 cards matched","damage_taken":0,"max_hp_gain":0,"max_hp_loss":0,"event_name":"Match and Keep!","floor":39,"gold_loss":0,"cards_obtained":["stsjorbsmod:Aid","stsjorbsmod:GatherPower"]}],"is_beta":false,"boss_relics":[{"not_picked":["Black Star","SlaversCollar"],"picked":"Snecko Eye"},{"not_picked":["Busted Crown","Empty Cage"],"picked":"Fusion Hammer"}],"items_purged_floors":[13,36],"is_endless":false,"potions_floor_spawned":[1,6,11,12,18,20,22,27,27,29,31,33,35,37,38,41,44,45,46,47,48,54],"killed_by":"The Heart","ascension_level":3}}