{"host":"qz0goigh82dax5l2","time":1613475087,"event":{"mods":["Act Like it!","Alarm Clock","BaseMod","Hallownest","Minty Spire (QoL Compilation)","Quick Restart","StSLib","The Runesmith"],"gold_per_floor":[112,27,27,43,118,118,130,141,141,201,227,227,227,241,241,338,338,354,354,388,414,33,33,33,53,98,109,109,109],"floor_reached":28,"language":"ZHS","playtime":1577,"items_purged":[],"score":216,"play_id":"3c94df12-a07c-456c-99ee-4efa2bfb80f0","local_time":"20210216193127","is_ascension_mode":false,"campfire_choices":[{"data":"Runesmith:EnergizedChisel","floor":6,"key":"SMITH"},{"floor":12,"key":"REST"},{"floor":15,"key":"RECALL"},{"floor":23,"key":"REST"}],"circlet_count":0,"master_deck":["Runesmith:Strike_RS","Runesmith:Strike_RS","Runesmith:Strike_RS","Runesmith:Defend_RS","Runesmith:Defend_RS","Runesmith:Defend_RS","Runesmith:Defend_RS","Runesmith:CraftFirestone","Runesmith:Fortify","Runesmith:CraftVitae","Runesmith:EnergizedChisel+1","Runesmith:Permafrost+1","Runesmith:ElementalConversion","Runesmith:EarthShield","Runesmith:ChaoticBlast","Runesmith:BackupBattery","Runesmith:HeatedChisel","Runesmith:CraftIndustria","CurseOfTheBell","Runesmith:Grindstone","Runesmith:OneForEveryone","Runesmith:CraftProtectio","Runesmith:HeatExchange","Runesmith:Prism","Runesmith:OneForEveryone","Runesmith:StaticCage+1","Runesmith:BackupBattery"],"relics":["Runesmith:BrokenRuby","NeowsBlessing","Boot","Pantograph","Mummified Hand","Calling Bell","PreservedInsect","Shuriken","Shovel","Red Mask","Omamori","Mercury Hourglass","Runesmith:MiniCore"],"acts_visited":["Exordium","TheCity"],"potions_floor_usage":[16,20,20,20,28],"damage_taken":[{"damage":0,"enemies":"2 Louse","floor":1,"turns":1},{"damage":0,"enemies":"Jaw Worm","floor":4,"turns":1},{"damage":3,"enemies":"Small Slimes","floor":7,"turns":2},{"damage":7,"enemies":"Exordium Wildlife","floor":8,"turns":7},{"damage":21,"enemies":"Lagavulin","floor":11,"turns":9},{"damage":0,"enemies":"Looter","floor":14,"turns":3},{"damage":35,"enemies":"The Guardian","floor":16,"turns":11},{"damage":8,"enemies":"Chosen","floor":18,"turns":7},{"damage":53,"enemies":"Masked Bandits","floor":20,"turns":5},{"damage":2,"enemies":"Shell Parasite","floor":25,"turns":7},{"damage":9,"enemies":"Centurion and Healer","floor":27,"turns":12},{"damage":63,"enemies":"Slavers","floor":28,"turns":4}],"seed_played":"-1868838761044311577","potions_obtained":[{"floor":1,"key":"DistilledChaos"},{"floor":11,"key":"ColorlessPotion"},{"floor":14,"key":"Block Potion"},{"floor":16,"key":"LiquidBronze"},{"floor":25,"key":"FairyPotion"},{"floor":27,"key":"LiquidBronze"}],"is_trial":false,"path_per_floor":["M","$","?","M","?","R","M","M","T","?","E","R","?","M","R","B",null,"M","?","?","T","$","R","?","M","T","M","E"],"character_chosen":"RUNESMITH_CLASS","items_purchased":["Runesmith:EnergizedChisel","Runesmith:Permafrost","Mercury Hourglass","Runesmith:CraftProtectio","Runesmith:HeatExchange","Runesmith:Prism"],"campfire_rested":2,"item_purchase_floors":[2,2,22,22,22,22],"current_hp_per_floor":[70,70,70,70,59,59,56,49,49,49,28,49,46,46,46,35,70,62,62,9,9,9,30,30,28,28,19,0,0],"gold":109,"neow_bonus":"THREE_ENEMY_KILL","is_daily":false,"chose_seed":false,"campfire_upgraded":1,"win_rate":0.0,"timestamp":1613475087,"path_taken":["M","$","?","M","?","R","M","M","T","?","E","R","?","?","R","BOSS","M","?","?","?","$","R","?","M","T","M","E"],"items_purchased_type":["Card","Card","Relic","Card","Card","Card"],"build_version":"2020-12-22","purchased_purges":0,"victory":false,"max_hp_per_floor":[70,70,70,70,70,70,70,70,70,70,70,70,70,70,70,70,70,70,70,70,70,70,70,70,70,70,70,70,70],"card_choices":[{"not_picked":["Runesmith:Firewall","Runesmith:CraftMagma"],"picked":"Runesmith:CraftVitae","floor":1},{"not_picked":["Runesmith:Electrocute","Runesmith:Augment"],"picked":"Runesmith:ElementalConversion","floor":4},{"not_picked":["Runesmith:Permafrost","Runesmith:Electrocute"],"picked":"Runesmith:EarthShield","floor":7},{"not_picked":["Runesmith:CraftProtectio","Runesmith:UnstableHammer"],"picked":"Runesmith:ChaoticBlast","floor":8},{"not_picked":["Runesmith:Attraction","Runesmith:Repurpose"],"picked":"Runesmith:BackupBattery","floor":11},{"not_picked":["Runesmith:ChiselStab","Runesmith:CraftProtectio"],"picked":"Runesmith:HeatedChisel","floor":14},{"not_picked":["Runesmith:LastStand","Runesmith:UnlimitedPower"],"picked":"Runesmith:CraftIndustria","floor":16},{"not_picked":["Runesmith:RuneHurl","Runesmith:UnstableHammer"],"picked":"Runesmith:Grindstone","floor":18},{"not_picked":["Runesmith:Discharge+1","Runesmith:HeatedChisel"],"picked":"Runesmith:OneForEveryone","floor":20},{"not_picked":["Runesmith:UnstableHammer","Runesmith:BackupBattery+1"],"picked":"Runesmith:StaticCage+1","floor":25},{"not_picked":["Runesmith:NegativeSpace","Runesmith:Grindstone"],"picked":"Runesmith:BackupBattery","floor":27}],"player_experience":76270,"relics_obtained":[{"floor":9,"key":"Boot"},{"floor":11,"key":"Pantograph"},{"floor":17,"key":"PreservedInsect"},{"floor":17,"key":"Shuriken"},{"floor":17,"key":"Shovel"},{"floor":20,"key":"Red Mask"},{"floor":21,"key":"Omamori"},{"floor":26,"key":"Runesmith:MiniCore"}],"event_choices":[{"damage_healed":0,"gold_gain":0,"player_choice":"Grow","damage_taken":0,"max_hp_gain":0,"max_hp_loss":0,"event_name":"Living Wall","floor":3,"gold_loss":0,"cards_upgraded":["Runesmith:Permafrost"]},{"damage_healed":0,"gold_gain":75,"player_choice":"Gather Gold","damage_taken":11,"max_hp_gain":0,"max_hp_loss":0,"event_name":"World of Goop","floor":5,"gold_loss":0},{"damage_healed":0,"gold_gain":60,"player_choice":"Gained Gold","damage_taken":0,"max_hp_gain":0,"max_hp_loss":0,"event_name":"Golden Wing","floor":10,"gold_loss":0},{"damage_healed":0,"gold_gain":0,"player_choice":"Success","damage_taken":3,"relics_obtained":["Mummified Hand"],"max_hp_gain":0,"max_hp_loss":0,"event_name":"Scrap Ooze","floor":13,"gold_loss":0},{"cards_removed":["Runesmith:Strike_RS"],"damage_healed":0,"gold_gain":0,"player_choice":"Elegance","damage_taken":0,"max_hp_gain":0,"max_hp_loss":0,"event_name":"Back to Basics","floor":19,"gold_loss":0},{"damage_healed":0,"gold_gain":0,"player_choice":"Fought Bandits","damage_taken":0,"max_hp_gain":0,"max_hp_loss":0,"event_name":"Masked Bandits","floor":20,"gold_loss":0},{"damage_healed":0,"gold_gain":0,"player_choice":"Copied","damage_taken":0,"max_hp_gain":0,"max_hp_loss":0,"event_name":"Duplicator","floor":24,"gold_loss":0,"cards_obtained":["Runesmith:OneForEveryone"]}],"is_beta":false,"boss_relics":[{"not_picked":["Black Star","Velvet Choker"],"picked":"Calling Bell"}],"items_purged_floors":[],"is_endless":false,"potions_floor_spawned":[1,11,14,16,18,25,27],"killed_by":"Slavers","ascension_level":0}}