{"host":"k919bq8mkuzdqhzi","time":1613471986,"event":{"mods":["AchievementEnabler","BaseMod","Colored Map","Colored Powertips","DeckTracker","Minty Spire (QoL Compilation)","Relic Sorter","SuperFastMode"],"gold_per_floor":[114,91,91,105,105,105,139,139,166,166,182,182,29,45,45,174,174,188,16,16,37,37,37,37,37,37,56,68,81,81,81],"floor_reached":30,"language":"ENG","playtime":1712,"items_purged":["Injury"],"score":253,"play_id":"c8c4a97a-2757-42bc-821d-e7887e629e25","local_time":"20210216053946","is_ascension_mode":false,"campfire_choices":[{"data":"EmptyBody","floor":6,"key":"SMITH"},{"floor":8,"key":"REST"},{"floor":10,"key":"REST"},{"data":"Crescendo","floor":12,"key":"SMITH"},{"data":"ClearTheMind","floor":15,"key":"SMITH"},{"data":"Protect","floor":23,"key":"SMITH"},{"data":"Evaluate","floor":25,"key":"SMITH"}],"circlet_count":0,"master_deck":["Defend_P","Defend_P","Defend_P","Defend_P","Eruption+1","Vigilance","CutThroughFate","EmptyBody+1","ThirdEye","Tantrum","Crescendo+1","ClearTheMind+1","Vault","CarveReality+1","Protect+1","Evaluate+1","Bite","Bite","Bite","Bite","Bite","Nirvana","Consecrate+1","FollowUp"],"relics":["PureWater","Bloody Idol","Oddly Smooth Stone","Ancient Tea Set","Whetstone","SacredBark","Eternal Feather","HornCleat"],"acts_visited":["Exordium","TheCity"],"potions_floor_usage":[27,28,29,30],"damage_taken":[{"damage":0,"enemies":"2 Louse","floor":1,"turns":2},{"damage":1,"enemies":"Jaw Worm","floor":4,"turns":4},{"damage":61,"enemies":"Gremlin Nob","floor":7,"turns":5},{"damage":0,"enemies":"Small Slimes","floor":11,"turns":2},{"damage":0,"enemies":"2 Fungi Beasts","floor":14,"turns":2},{"damage":22,"enemies":"The Guardian","floor":16,"turns":17},{"damage":10,"enemies":"Spheric Guardian","floor":18,"turns":3},{"damage":7,"enemies":"Chosen","floor":21,"turns":3},{"damage":0,"enemies":"Centurion and Healer","floor":27,"turns":4},{"damage":13,"enemies":"Shelled Parasite and Fungi","floor":28,"turns":3},{"damage":14,"enemies":"Snecko","floor":29,"turns":8},{"damage":38,"enemies":"Colosseum Slavers","floor":30,"turns":2},{"damage":28,"enemies":"Colosseum Nobs","floor":30,"turns":4}],"seed_played":"-3818718818711946719","potions_obtained":[{"floor":11,"key":"Block Potion"},{"floor":16,"key":"BottledMiracle"},{"floor":18,"key":"DuplicationPotion"},{"floor":27,"key":"GamblersBrew"},{"floor":28,"key":"StancePotion"}],"is_trial":false,"path_per_floor":["M","?","?","M","?","R","E","R","T","R","M","R","$","M","R","B",null,"M","$","?","M","?","R","?","R","T","M","M","M","?"],"character_chosen":"WATCHER","items_purchased":["Whetstone","Protect","Evaluate"],"campfire_rested":2,"item_purchase_floors":[13,19,19],"current_hp_per_floor":[72,72,72,71,71,71,10,31,31,52,52,52,52,52,52,30,72,62,62,62,55,55,67,50,50,50,50,48,47,0,0],"gold":81,"neow_bonus":"THREE_CARDS","is_daily":false,"chose_seed":false,"campfire_upgraded":5,"win_rate":0.0,"timestamp":1613471986,"path_taken":["M","?","?","M","?","R","E","R","T","R","M","R","$","M","R","BOSS","M","$","?","M","?","R","?","R","T","M","M","M","?"],"items_purchased_type":["Relic","Card","Card"],"build_version":"2020-12-22","purchased_purges":1,"victory":false,"max_hp_per_floor":[72,72,72,72,72,72,72,72,72,72,72,72,72,72,72,72,72,72,72,72,72,72,72,50,50,50,50,50,50,50,50],"card_choices":[{"not_picked":["ClearTheMind","Conclude"],"picked":"CutThroughFate","floor":0},{"not_picked":["Prostrate","ReachHeaven"],"picked":"EmptyBody","floor":1},{"not_picked":["Conclude","BowlingBash"],"picked":"ThirdEye","floor":4},{"not_picked":["SashWhip","BowlingBash"],"picked":"Tantrum","floor":7},{"not_picked":["CrushJoints","EmptyBody"],"picked":"Crescendo","floor":11},{"not_picked":["Blasphemy","SashWhip"],"picked":"ClearTheMind","floor":14},{"not_picked":["Brilliance","Judgement"],"picked":"Vault","floor":16},{"not_picked":["Pray","Crescendo"],"picked":"CarveReality+1","floor":18},{"not_picked":["Worship","EmptyBody","Consecrate"],"picked":"SKIP","floor":21},{"not_picked":["Crescendo","Vengeance"],"picked":"Nirvana","floor":27},{"not_picked":["PathToVictory","EmptyBody+1"],"picked":"Consecrate+1","floor":28},{"not_picked":["Halt","Blasphemy"],"picked":"FollowUp","floor":29}],"player_experience":158832,"relics_obtained":[{"floor":7,"key":"Oddly Smooth Stone"},{"floor":9,"key":"Ancient Tea Set"},{"floor":26,"key":"HornCleat"}],"event_choices":[{"damage_healed":0,"gold_gain":0,"player_choice":"Left Gold","damage_taken":0,"max_hp_gain":0,"max_hp_loss":0,"event_name":"World of Goop","floor":2,"gold_loss":23},{"damage_healed":0,"gold_gain":0,"player_choice":"Take Wound","damage_taken":0,"relics_obtained":["Golden Idol"],"max_hp_gain":0,"max_hp_loss":0,"event_name":"Golden Idol","floor":3,"gold_loss":0,"cards_obtained":["Injury"]},{"damage_healed":0,"gold_gain":0,"player_choice":"Grow","damage_taken":0,"max_hp_gain":0,"max_hp_loss":0,"event_name":"Living Wall","floor":5,"gold_loss":0,"cards_upgraded":["Eruption"]},{"damage_healed":0,"gold_gain":0,"player_choice":"Opened","damage_taken":0,"relics_obtained":["Eternal Feather"],"max_hp_gain":0,"max_hp_loss":0,"event_name":"The Mausoleum","floor":20,"gold_loss":0},{"damage_healed":0,"gold_gain":0,"player_choice":"Gave Idol","damage_taken":0,"relics_obtained":["Bloody Idol"],"max_hp_gain":0,"max_hp_loss":0,"event_name":"Forgotten Altar","floor":22,"relics_lost":["Golden Idol"],"gold_loss":0},{"damage_healed":0,"gold_gain":0,"player_choice":"Became a vampire","damage_taken":0,"max_hp_gain":0,"max_hp_loss":22,"event_name":"Vampires","floor":24,"gold_loss":0,"cards_obtained":["Bite","Bite","Bite","Bite","Bite"]},{"damage_healed":0,"gold_gain":0,"player_choice":"Fight","damage_taken":0,"max_hp_gain":0,"max_hp_loss":0,"event_name":"Colosseum","floor":30,"gold_loss":0},{"damage_healed":0,"gold_gain":0,"player_choice":"Fought Nobs","damage_taken":0,"max_hp_gain":0,"max_hp_loss":0,"event_name":"Colosseum","floor":30,"gold_loss":0}],"is_beta":false,"boss_relics":[{"not_picked":["Black Star","Runic Dome"],"picked":"SacredBark"}],"items_purged_floors":[19],"is_endless":false,"potions_floor_spawned":[11,16,18,27,28],"killed_by":"Colosseum Nobs","ascension_level":0}}