{"host":"xsuxkwaivmtd234a","time":1613486252,"event":{"mods":["BaseMod","Bestiary","Colored Map","Filter the Spire","Minty Spire (QoL Compilation)","Relic Stats","StSLib"],"gold_per_floor":[112,126,126,137,16,43,43,3,3,19,47,58,77,90,90,186,186,196,196,206,225,239,278,278,203,203,203,203,246,246,284,293,406,406,417,439,464,464,483,492,527,527,527,555,564,590,610,86,86,86,86],"floor_reached":50,"language":"ENG","playtime":2771,"items_purged":["Strike_B"],"score":718,"play_id":"7a0bd23a-a993-4ce0-8bd1-42009d8acbf0","local_time":"20210216093732","is_ascension_mode":true,"campfire_choices":[{"floor":7.0,"key":"REST"},{"data":"Defragment","floor":15.0,"key":"SMITH"},{"floor":24.0,"key":"REST"},{"data":"Biased Cognition","floor":27.0,"key":"SMITH"},{"floor":30.0,"key":"REST"},{"floor":32.0,"key":"REST"},{"floor":40.0,"key":"REST"},{"floor":42.0,"key":"REST"},{"floor":45,"key":"REST"},{"floor":49,"key":"RECALL"}],"circlet_count":0,"master_deck":["Strike_B","Defend_B","Defend_B","Defend_B","Defend_B","Zap","Dualcast","Biased Cognition+1","Capacitor+1","Genetic Algorithm+1","Coolheaded","Aggregate","Ball Lightning","Defragment+1","White Noise","Auto Shields","Echo Form","Hologram","Creative AI","Static Discharge","Hologram+1","Double Energy+1","Barrage+1","Leap+1","Turbo","Cold Snap","Amplify","Reinforced Body+1","Lockon+1","Doom and Gloom+1","Coolheaded+1","Blizzard","Barrage+1"],"relics":["Cracked Core","Pear","Letter Opener","Meat on the Bone","Snecko Eye","CeramicFish","Kunai","InkBottle","Dream Catcher","SacredBark","Oddly Smooth Stone","Vajra","Bag of Preparation","Toy Ornithopter","Lee\u0027s Waffle"],"acts_visited":["Exordium","TheCity","TheBeyond"],"potions_floor_usage":[47,50,50,50],"damage_taken":[{"damage":11.0,"enemies":"Small Slimes","floor":1.0,"turns":3.0},{"damage":11.0,"enemies":"Cultist","floor":2.0,"turns":4.0},{"damage":7.0,"enemies":"Jaw Worm","floor":4.0,"turns":4.0},{"damage":29.0,"enemies":"3 Sentries","floor":6.0,"turns":10.0},{"damage":4.0,"enemies":"Red Slaver","floor":10.0,"turns":3.0},{"damage":15.0,"enemies":"Lagavulin","floor":11.0,"turns":6.0},{"damage":2.0,"enemies":"3 Louse","floor":12.0,"turns":3.0},{"damage":0.0,"enemies":"Large Slime","floor":13.0,"turns":4.0},{"damage":14.0,"enemies":"Lots of Slimes","floor":14.0,"turns":4.0},{"damage":5.0,"enemies":"The Guardian","floor":16.0,"turns":8.0},{"damage":12.0,"enemies":"3 Byrds","floor":18.0,"turns":2.0},{"damage":18.0,"enemies":"Spheric Guardian","floor":20.0,"turns":4.0},{"damage":0.0,"enemies":"Cultist and Chosen","floor":21.0,"turns":3.0},{"damage":2.0,"enemies":"Centurion and Healer","floor":22.0,"turns":7.0},{"damage":41.0,"enemies":"Gremlin Leader","floor":23.0,"turns":6.0},{"damage":4.0,"enemies":"Slavers","floor":29.0,"turns":4.0},{"damage":21.0,"enemies":"Book of Stabbing","floor":31.0,"turns":4.0},{"damage":29.0,"enemies":"Collector","floor":33.0,"turns":8.0},{"damage":0.0,"enemies":"3 Darklings","floor":35.0,"turns":5.0},{"damage":0.0,"enemies":"3 Shapes","floor":36.0,"turns":5.0},{"damage":7.0,"enemies":"Maw","floor":37.0,"turns":10.0},{"damage":11.0,"enemies":"Transient","floor":39.0,"turns":5.0},{"damage":63.0,"enemies":"Reptomancer","floor":41.0,"turns":8.0},{"damage":23,"enemies":"Nemesis","floor":44,"turns":8},{"damage":0,"enemies":"4 Shapes","floor":46,"turns":3},{"damage":24,"enemies":"Writhing Mass","floor":47,"turns":5},{"damage":101,"enemies":"Awakened One","floor":50,"turns":6}],"seed_played":"-6163034671397333348","potions_obtained":[{"floor":4.0,"key":"Fire Potion"},{"floor":10.0,"key":"SpeedPotion"},{"floor":12.0,"key":"DistilledChaos"},{"floor":14.0,"key":"SteroidPotion"},{"floor":16.0,"key":"Swift Potion"},{"floor":18.0,"key":"EssenceOfSteel"},{"floor":21.0,"key":"SpeedPotion"},{"floor":23.0,"key":"Explosive Potion"},{"floor":33.0,"key":"PotionOfCapacity"},{"floor":35.0,"key":"FearPotion"},{"floor":36.0,"key":"EssenceOfDarkness"},{"floor":44,"key":"AttackPotion"},{"floor":47,"key":"LiquidBronze"}],"is_trial":false,"path_per_floor":["M","M","?","M","$","E","R","$","T","M","E","M","M","M","R","B",null,"M","?","M","M","M","E","R","?","T","R","?","E","R","E","R","B",null,"M","M","M","?","M","R","E","R","T","E","R","M","M","$","R","B"],"character_chosen":"DEFECT","items_purchased":["Aggregate","Swift Potion","Defragment","Bag of Preparation","Toy Ornithopter","Lee\u0027s Waffle"],"campfire_rested":7,"item_purchase_floors":[5,5,8,48,48,48],"current_hp_per_floor":[57,46,46,39,39,20,43,43,43,39,24,34,46,44,44,51,71,59,59,41,41,51,22,45,45,45,45,45,41,64,43,66,49,71,71,71,64,64,53,76,25,48,48,37,60,60,48,85,85,0,0],"gold":86,"neow_bonus":"THREE_RARE_CARDS","is_daily":false,"chose_seed":false,"campfire_upgraded":2,"win_rate":0.0,"timestamp":1613486252,"path_taken":["M","M","?","M","?","E","R","$","T","M","E","M","M","M","R","BOSS","M","?","?","M","M","E","R","?","T","R","?","E","R","E","R","BOSS","M","M","?","?","M","R","E","R","T","E","R","M","M","$","R","BOSS"],"items_purchased_type":["Card","Potion","Card","Relic","Relic","Relic"],"build_version":"2020-12-22","purchased_purges":1,"victory":false,"max_hp_per_floor":[68,68,68,68,68,78,78,78,78,78,78,78,78,78,78,78,78,78,78,78,78,78,78,78,78,78,78,78,78,78,78,78,78,78,78,78,78,78,78,78,78,78,78,78,78,78,78,85,85,85,85],"relic_stats":{"Dream Catcher":4,"Lee\u0027s Waffle":37,"counters":[27,142],"CeramicFish":99,"Snecko Eye":[175,191,170,174],"Bag of Preparation":[2],"Letter Opener":[411],"Kunai":[8],"obtain_stats":[{"Lee\u0027s Waffle":48,"Pear":6,"CeramicFish":23,"SacredBark":34,"Oddly Smooth Stone":41,"Vajra":44,"Bag of Preparation":48,"Letter Opener":9,"Dream Catcher":31,"Snecko Eye":17,"Kunai":26,"Cracked Core":0,"InkBottle":29,"Toy Ornithopter":48,"Meat on the Bone":11},{"Lee\u0027s Waffle":26,"Pear":4,"CeramicFish":15,"SacredBark":18,"Oddly Smooth Stone":23,"Vajra":24,"Bag of Preparation":26,"Letter Opener":4,"Dream Catcher":17,"Snecko Eye":10,"Kunai":15,"Cracked Core":0,"InkBottle":16,"Toy Ornithopter":26,"Meat on the Bone":6},{"Lee\u0027s Waffle":136,"Pear":21,"CeramicFish":71,"SacredBark":87,"Oddly Smooth Stone":120,"Vajra":128,"Bag of Preparation":136,"Letter Opener":21,"Dream Catcher":79,"Snecko Eye":49,"Kunai":71,"Cracked Core":0,"InkBottle":75,"Toy Ornithopter":136,"Meat on the Bone":30}],"InkBottle":[36],"Toy Ornithopter":15,"Meat on the Bone":120},"card_choices":[{"not_picked":["Meteor Strike","Rainbow"],"picked":"Biased Cognition","floor":0.0},{"not_picked":["Leap","Stack"],"picked":"Capacitor","floor":1.0},{"not_picked":["Darkness","Rebound"],"picked":"Genetic Algorithm","floor":2.0},{"not_picked":["Stack","Gash"],"picked":"Coolheaded","floor":4.0},{"not_picked":["Undo","Melter"],"picked":"Ball Lightning","floor":6.0},{"not_picked":["Redo","Loop"],"picked":"White Noise","floor":10.0},{"not_picked":["Tempest","Stack","Steam Power"],"picked":"SKIP","floor":11.0},{"not_picked":["Reprogram","Redo"],"picked":"Auto Shields","floor":12.0},{"not_picked":["Blizzard","Streamline"],"picked":"Echo Form","floor":13.0},{"not_picked":["Recycle","Blizzard"],"picked":"Hologram","floor":14.0},{"not_picked":["Biased Cognition","Machine Learning"],"picked":"Creative AI","floor":16.0},{"not_picked":["Stack","Gash+1"],"picked":"Static Discharge","floor":18.0},{"not_picked":["Barrage","Compile Driver"],"picked":"Hologram+1","floor":20.0},{"not_picked":["Lockon","Steam","Gash"],"picked":"SKIP","floor":21.0},{"not_picked":["Streamline","Beam Cell+1"],"picked":"Double Energy+1","floor":22.0},{"not_picked":["Rebound","Redo"],"picked":"Barrage+1","floor":23.0},{"not_picked":["Multi-Cast","Skim"],"picked":"Leap+1","floor":29.0},{"not_picked":["Turbo","Stack+1","Sweeping Beam"],"picked":"SKIP","floor":31.0},{"not_picked":["Stack+1","Sweeping Beam"],"picked":"Turbo","floor":31.0},{"not_picked":["Leap","Stack+1"],"picked":"Cold Snap","floor":32.0},{"not_picked":["Thunder Strike","Fission"],"picked":"Amplify","floor":33.0},{"not_picked":["Conserve Battery","Hologram+1","Cold Snap+1"],"picked":"SKIP","floor":35.0},{"not_picked":["Genetic Algorithm+1","Undo+1"],"picked":"Reinforced Body+1","floor":36.0},{"not_picked":["Fusion","Barrage+1"],"picked":"Lockon+1","floor":37.0},{"not_picked":["Reprogram","Storm","Hologram+1"],"picked":"SKIP","floor":39.0},{"not_picked":["Go for the Eyes","Barrage"],"picked":"Doom and Gloom+1","floor":40.0},{"not_picked":["Redo","Coolheaded","Multi-Cast"],"picked":"SKIP","floor":41.0},{"not_picked":["Steam Power","Tempest","Ball Lightning"],"picked":"SKIP","floor":44},{"not_picked":["Ball Lightning+1","Redo"],"picked":"Coolheaded+1","floor":45},{"not_picked":["Conserve Battery","Static Discharge+1"],"picked":"Blizzard","floor":46},{"not_picked":["Streamline","Rebound"],"picked":"Barrage+1","floor":47}],"player_experience":1274074,"relics_obtained":[{"floor":6.0,"key":"Pear"},{"floor":9.0,"key":"Letter Opener"},{"floor":11.0,"key":"Meat on the Bone"},{"floor":23.0,"key":"CeramicFish"},{"floor":26.0,"key":"Kunai"},{"floor":29.0,"key":"InkBottle"},{"floor":31.0,"key":"Dream Catcher"},{"floor":41.0,"key":"Oddly Smooth Stone"},{"floor":44,"key":"Vajra"}],"event_choices":[{"damage_healed":0.0,"max_hp_gain":0.0,"max_hp_loss":0.0,"gold_gain":0.0,"event_name":"Upgrade Shrine","player_choice":"Upgraded","floor":3.0,"gold_loss":0.0,"damage_taken":0.0,"cards_upgraded":["Genetic Algorithm"]},{"cards_removed":["Strike_B"],"damage_healed":0.0,"max_hp_gain":0.0,"max_hp_loss":0.0,"gold_gain":0.0,"event_name":"Purifier","player_choice":"Purged","floor":19.0,"gold_loss":0.0,"damage_taken":0.0},{"cards_removed":["Strike_B"],"damage_healed":0.0,"max_hp_gain":0.0,"max_hp_loss":0.0,"gold_gain":0.0,"event_name":"Beggar","player_choice":"Gave Gold","floor":25.0,"gold_loss":75.0,"damage_taken":0.0},{"damage_healed":0.0,"max_hp_gain":0.0,"max_hp_loss":0.0,"gold_gain":0.0,"event_name":"Upgrade Shrine","player_choice":"Upgraded","floor":28.0,"gold_loss":0.0,"damage_taken":0.0,"cards_upgraded":["Capacitor"]},{"damage_healed":0.0,"max_hp_gain":0.0,"max_hp_loss":0.0,"gold_gain":0.0,"event_name":"SecretPortal","player_choice":"Ignored","floor":38.0,"gold_loss":0.0,"damage_taken":0.0}],"is_beta":false,"boss_relics":[{"not_picked":["Runic Pyramid","Runic Dome"],"picked":"Snecko Eye"},{"not_picked":["Philosopher\u0027s Stone","Empty Cage"],"picked":"SacredBark"}],"items_purged_floors":[48],"is_endless":false,"potions_floor_spawned":[4,10,12,14,16,18,21,23,33,35,36,44,47],"killed_by":"Awakened One","ascension_level":5}}