{"host":"d2gh6suihlstufn7","time":1613464175,"event":{"mods":["AchievementEnabler","BaseMod","Colored Map","Colored Powertips","Minty Spire (QoL Compilation)","Permanent Neow","Quick Restart"],"gold_per_floor":[111,111,36,36,52,52,87,87,87,87,130,130,146,170,170,289,289,303,291,291,291],"floor_reached":20,"language":"KOR","playtime":1362,"items_purged":["Injury"],"score":182,"play_id":"b1377e33-9cc0-4290-9342-0adac382311f","local_time":"20210216172935","is_ascension_mode":false,"campfire_choices":[{"floor":6,"key":"RECALL"},{"data":"Evolve","floor":8,"key":"SMITH"},{"floor":12,"key":"REST"},{"floor":15,"key":"REST"}],"circlet_count":0,"master_deck":["Bash","Evolve+1","Inflame","Rage","Warcry","Rupture","Demon Form","Impervious","Sword Boomerang","Exhume","Heavy Blade","Fire Breathing","Feel No Pain"],"relics":["Pandora\u0027s Box","Golden Idol","Strawberry","Lantern","Cursed Key"],"acts_visited":["Exordium","TheCity"],"potions_floor_usage":[14,16,16],"damage_taken":[{"damage":0,"enemies":"2 Louse","floor":1,"turns":3},{"damage":0,"enemies":"Small Slimes","floor":5,"turns":3},{"damage":27,"enemies":"Lagavulin","floor":7,"turns":8},{"damage":51,"enemies":"3 Sentries","floor":11,"turns":5},{"damage":0,"enemies":"Cultist","floor":13,"turns":3},{"damage":12,"enemies":"3 Louse","floor":14,"turns":3},{"damage":54,"enemies":"Hexaghost","floor":16,"turns":8},{"damage":37,"enemies":"Shell Parasite","floor":18,"turns":6},{"damage":37,"enemies":"2 Thieves","floor":19,"turns":4},{"damage":0,"enemies":"Snake Plant","floor":20,"turns":1}],"seed_played":"3485573879821876698","potions_obtained":[{"floor":7,"key":"Ancient Potion"},{"floor":10,"key":"FairyPotion"},{"floor":10,"key":"Fire Potion"},{"floor":10,"key":"ColorlessPotion"},{"floor":14,"key":"Swift Potion"}],"is_trial":false,"path_per_floor":["M","?","$","?","M","R","E","R","T","?","E","R","M","M","R","B",null,"M","M","M"],"character_chosen":"IRONCLAD","items_purchased":[],"campfire_rested":2,"item_purchase_floors":[],"current_hp_per_floor":[80,80,80,80,80,80,60,60,60,60,9,35,35,23,49,24,87,50,13,13,13],"gold":291,"neow_bonus":"BOSS_RELIC","is_daily":false,"chose_seed":false,"campfire_upgraded":1,"win_rate":0.0,"timestamp":1613464175,"path_taken":["M","?","$","?","M","R","E","R","T","?","E","R","M","M","R","BOSS","M","M","M"],"items_purchased_type":[],"build_version":"2020-12-22","purchased_purges":1,"victory":false,"max_hp_per_floor":[80,80,80,80,80,80,87,87,87,87,87,87,87,87,87,87,87,87,87,87,87],"card_choices":[{"not_picked":["Clash","Combust"],"picked":"Heavy Blade","floor":1},{"not_picked":["Wild Strike","Ghostly Armor","Clash"],"picked":"SKIP","floor":5},{"not_picked":["Combust","Intimidate"],"picked":"Fire Breathing","floor":7},{"not_picked":["Hemokinesis","Entrench","Perfected Strike"],"picked":"SKIP","floor":11},{"not_picked":["True Grit","Wild Strike"],"picked":"Feel No Pain","floor":13},{"not_picked":["True Grit","Sword Boomerang","Pommel Strike"],"picked":"SKIP","floor":14},{"not_picked":["Armaments","Dropkick","Twin Strike+1"],"picked":"SKIP","floor":18},{"not_picked":["Havoc","Sword Boomerang","Feel No Pain"],"picked":"SKIP","floor":19}],"player_experience":208731,"relics_obtained":[{"floor":7,"key":"Strawberry"},{"floor":11,"key":"Lantern"}],"event_choices":[{"damage_healed":0,"gold_gain":0,"player_choice":"Take Wound","damage_taken":0,"relics_obtained":["Golden Idol"],"max_hp_gain":0,"max_hp_loss":0,"event_name":"Golden Idol","floor":2,"gold_loss":0,"cards_obtained":["Injury"]},{"damage_healed":0,"gold_gain":0,"player_choice":"Leave","damage_taken":0,"max_hp_gain":0,"max_hp_loss":0,"event_name":"The Cleric","floor":4,"gold_loss":0},{"damage_healed":0,"gold_gain":0,"player_choice":"Got Potions","damage_taken":0,"max_hp_gain":0,"max_hp_loss":0,"event_name":"Lab","floor":10,"gold_loss":0}],"is_beta":false,"boss_relics":[{"not_picked":["SlaversCollar","Tiny House"],"picked":"Cursed Key"}],"items_purged_floors":[3],"is_endless":false,"potions_floor_spawned":[7,14],"killed_by":"Snake Plant","ascension_level":0}}