{"host":"d76q0rb9a0s9bgr5","time":1613515378,"event":{"mods":["BaseMod","Downfall","Hubris","Minty Spire (QoL Compilation)","StSLib"],"gold_per_floor":[113,113,113,123,135,167,183,183,207,207,229,280,308,325,325,325,325],"floor_reached":16,"language":"ENG","playtime":846,"items_purged":[],"score":121,"play_id":"1bf69335-eb17-4fdb-9583-77739f540ebd","local_time":"20210216234258","is_ascension_mode":true,"campfire_choices":[{"data":"Footwork","floor":8,"key":"SMITH"},{"data":"Neutralize","floor":10,"key":"SMITH"},{"data":"Reflex","floor":15,"key":"SMITH"}],"circlet_count":0,"master_deck":["Strike_G","Strike_G","Strike_G","Strike_G","Defend_G","Defend_G","Defend_G","Defend_G","Defend_G","Survivor","Neutralize+1","Footwork+1","Tools of the Trade","Reflex+1","Blade Dance","Well Laid Plans"],"relics":["Ring of the Snake","NeowsBlessing","Anchor","Odd Mushroom","Potion Belt","hubris:ToyBattleship"],"acts_visited":["Exordium"],"potions_floor_usage":[6,7,11,16],"damage_taken":[{"damage":0,"enemies":"Jaw Worm","floor":1,"turns":1},{"damage":0,"enemies":"2 Louse","floor":4,"turns":1},{"damage":0,"enemies":"Cultist","floor":5,"turns":1},{"damage":10,"enemies":"Gremlin Nob","floor":6,"turns":4},{"damage":5,"enemies":"Looter","floor":7,"turns":4},{"damage":3,"enemies":"The Mushroom Lair","floor":11,"turns":7},{"damage":12,"enemies":"3 Sentries","floor":13,"turns":10},{"damage":0,"enemies":"Exordium Wildlife","floor":14,"turns":4},{"damage":36,"enemies":"Slime Boss","floor":16,"turns":13}],"seed_played":"2755915927445984524","potions_obtained":[{"floor":1,"key":"hexamod:SoulburnPotion"},{"floor":4,"key":"AttackPotion"},{"floor":6,"key":"Ancient Potion"},{"floor":14,"key":"Guardian:BlockOnCardUsePotion"}],"is_trial":false,"path_per_floor":["M","?","?","M","M","E","M","R","T","R","?","T","E","M","R","B"],"character_chosen":"THE_SILENT","items_purchased":[],"campfire_rested":0,"item_purchase_floors":[],"current_hp_per_floor":[70,63,63,63,63,53,48,48,48,48,45,45,33,33,33,0,0],"gold":325,"neow_bonus":"THREE_ENEMY_KILL","is_daily":false,"chose_seed":false,"campfire_upgraded":3,"win_rate":0.0,"timestamp":1613515378,"path_taken":["M","?","?","M","?","E","M","R","T","R","?","?","E","M","R","BOSS"],"items_purchased_type":[],"build_version":"2020-12-22","purchased_purges":0,"victory":false,"max_hp_per_floor":[70,70,70,70,70,70,70,70,70,70,70,70,70,70,70,70,70],"card_choices":[{"not_picked":["Riddle With Holes","Endless Agony","hubris:Counter"],"picked":"SKIP","floor":1},{"not_picked":["Calculated Gamble","hubris:SlightOfHand"],"picked":"Footwork","floor":4},{"not_picked":["Dash","Deadly Poison","Prepared"],"picked":"SKIP","floor":5},{"not_picked":["Calculated Gamble","Dagger Spray"],"picked":"Tools of the Trade","floor":6},{"not_picked":["Deadly Poison","Terror"],"picked":"Reflex","floor":7},{"not_picked":["hubris:SlightOfHand","Bane"],"picked":"Blade Dance","floor":11},{"not_picked":["Prepared","All Out Attack","Quick Slash"],"picked":"SKIP","floor":13},{"not_picked":["Heel Hook","Dodge and Roll"],"picked":"Well Laid Plans","floor":14}],"player_experience":155835,"relics_obtained":[{"floor":6,"key":"Anchor"},{"floor":11,"key":"Odd Mushroom"},{"floor":12,"key":"Potion Belt"},{"floor":13,"key":"hubris:ToyBattleship"}],"event_choices":[{"cards_removed":["Strike_G"],"damage_healed":0,"gold_gain":0,"player_choice":"Card Removal","damage_taken":7,"max_hp_gain":0,"max_hp_loss":0,"event_name":"Golden Wing","floor":2,"gold_loss":0},{"damage_healed":0,"gold_gain":0,"player_choice":"Bought 0 Potions","damage_taken":0,"max_hp_gain":0,"max_hp_loss":0,"event_name":"The Woman in Blue","floor":3,"gold_loss":0},{"damage_healed":0,"gold_gain":0,"player_choice":"Fought Mushrooms","damage_taken":0,"max_hp_gain":0,"max_hp_loss":0,"event_name":"Mushrooms","floor":11,"gold_loss":0}],"is_beta":false,"boss_relics":[],"items_purged_floors":[],"is_endless":false,"potions_floor_spawned":[1,4,6,14],"killed_by":"Slime Boss","ascension_level":2}}