{"host":"sav7uxregyirlf69","time":1613446072,"event":{"mods":["AchievementEnabler","BaseMod","Colored Map","DeckTracker","Keyboard Shortcuts","Minty Spire (QoL Compilation)","READ ME - Guardian Mod","StSLib","SuperFastMode"],"gold_per_floor":[112,127,52,7,82,116,116,116,165,182,210,210,49,74,74,146,146,160,160,173,184,22,22,22],"floor_reached":23,"language":"KOR","playtime":339,"items_purged":[],"score":564,"play_id":"6945bf15-18b0-4e56-8423-462402d84a99","local_time":"20210216122752","is_ascension_mode":true,"campfire_choices":[{"data":"Fire Breathing","floor":8,"key":"SMITH"},{"data":"Wild Strike","floor":15,"key":"SMITH"}],"circlet_count":0,"master_deck":["AscendersBane","Strike_R","Strike_R","Strike_R","Strike_R","Defend_R","Defend_R","Defend_R","Defend_R","Bash","Sword Boomerang","Wild Strike+1","Power Through","Fire Breathing+1","Shrug It Off","Fiend Fire","Sentinel","Body Slam"],"relics":["Burning Blood","NeowsBlessing","Bird Faced Urn","Kunai","Omamori","Question Card","Lantern","Bag of Preparation","Coffee Dripper","WarpedTongs","PreservedInsect"],"acts_visited":["Exordium","TheCity"],"potions_floor_usage":[11,16,21,23],"damage_taken":[{"damage":0,"enemies":"Small Slimes","floor":1,"turns":2},{"damage":0,"enemies":"2 Louse","floor":2,"turns":1},{"damage":0,"enemies":"Lagavulin","floor":6,"turns":1},{"damage":19,"enemies":"Jaw Worm","floor":10,"turns":4},{"damage":39,"enemies":"Gremlin Nob","floor":11,"turns":5},{"damage":19,"enemies":"Lagavulin","floor":14,"turns":8},{"damage":0,"enemies":"Slime Boss","floor":16,"turns":7},{"damage":8,"enemies":"Shell Parasite","floor":18,"turns":5},{"damage":23,"enemies":"2 Thieves","floor":20,"turns":4},{"damage":13,"enemies":"Centurion and Healer","floor":21,"turns":7},{"damage":62,"enemies":"Book of Stabbing","floor":23,"turns":4}],"seed_played":"563126008541687999","potions_obtained":[{"floor":6,"key":"Weak Potion"},{"floor":10,"key":"LiquidMemories"},{"floor":14,"key":"PowerPotion"},{"floor":18,"key":"BloodPotion"},{"floor":21,"key":"DuplicationPotion"}],"is_trial":false,"path_per_floor":["M","M","?","$","?","E","?","R","T","M","E","?","$","E","R","B",null,"M","?","M","M","$","E"],"character_chosen":"IRONCLAD","items_purchased":["Power Through","Lantern","PreservedInsect"],"campfire_rested":0,"item_purchase_floors":[4,13,22],"current_hp_per_floor":[74,75,75,75,64,70,70,70,70,59,28,28,28,17,17,27,63,63,63,48,58,58,0,0],"gold":22,"neow_bonus":"THREE_ENEMY_KILL","is_daily":false,"chose_seed":false,"campfire_upgraded":2,"win_rate":0.0,"timestamp":1613446072,"path_taken":["M","M","?","$","?","E","?","R","T","M","E","?","?","E","R","BOSS","M","?","?","M","?","E"],"items_purchased_type":["Card","Relic","Relic"],"build_version":"2020-12-22","purchased_purges":0,"victory":false,"max_hp_per_floor":[75,75,75,75,75,75,75,75,75,75,75,75,75,75,75,75,75,75,75,75,75,75,75,75],"card_choices":[{"not_picked":["Perfected Strike","Intimidate"],"picked":"Sword Boomerang","floor":1},{"not_picked":["Battle Trance","Flame Barrier"],"picked":"Wild Strike","floor":2},{"not_picked":["Pommel Strike","Warcry"],"picked":"Fire Breathing","floor":6},{"not_picked":["Dark Embrace","Iron Wave","Uppercut"],"picked":"SKIP","floor":10},{"not_picked":["Intimidate","Flex","Anger"],"picked":"SKIP","floor":11},{"not_picked":["Juggernaut","Ghostly Armor","Rage"],"picked":"Shrug It Off","floor":14},{"not_picked":["Demon Form","Berserk","Limit Break"],"picked":"Fiend Fire","floor":16},{"not_picked":["Armaments","Sword Boomerang","Shrug It Off"],"picked":"Sentinel","floor":18},{"not_picked":["Rampage","Pummel","Shockwave"],"picked":"Body Slam","floor":20},{"not_picked":["Cleave","Shrug It Off","Carnage","Spot Weakness"],"picked":"SKIP","floor":21}],"player_experience":1591263,"relics_obtained":[{"floor":6,"key":"Bird Faced Urn"},{"floor":9,"key":"Omamori"},{"floor":11,"key":"Question Card"},{"floor":14,"key":"Bag of Preparation"}],"event_choices":[{"cards_removed":["Strike_R"],"damage_healed":0,"gold_gain":0,"player_choice":"Card Removal","damage_taken":0,"max_hp_gain":0,"max_hp_loss":0,"event_name":"The Cleric","floor":3,"gold_loss":75},{"damage_healed":0,"gold_gain":75,"player_choice":"Gather Gold","damage_taken":11,"max_hp_gain":0,"max_hp_loss":0,"event_name":"World of Goop","floor":5,"gold_loss":0},{"damage_healed":0,"gold_gain":0,"player_choice":"Searched \u00271\u0027 times","damage_taken":0,"relics_obtained":["Kunai"],"max_hp_gain":0,"max_hp_loss":0,"event_name":"Dead Adventurer","floor":7,"gold_loss":0},{"damage_healed":0,"gold_gain":0,"player_choice":"Ignored","damage_taken":0,"max_hp_gain":0,"max_hp_loss":0,"event_name":"Liars Game","floor":12,"gold_loss":0},{"damage_healed":0,"gold_gain":0,"player_choice":"Rummage","damage_taken":0,"relics_obtained":["WarpedTongs"],"max_hp_gain":0,"max_hp_loss":0,"event_name":"Accursed Blacksmith","floor":19,"gold_loss":0,"cards_obtained":["Pain"]}],"is_beta":false,"boss_relics":[{"not_picked":["Black Blood","Philosopher\u0027s Stone"],"picked":"Coffee Dripper"}],"items_purged_floors":[],"is_endless":false,"potions_floor_spawned":[6,10,14,18,21],"killed_by":"Book of Stabbing","ascension_level":20}}