{"host":"hka8b3f4pkvnp4ei","time":1613463815,"event":{"mods":["BaseMod","Minty Spire (QoL Compilation)","Quick Restart","Replay The Spire","StSLib"],"gold_per_floor":[118,118,118,118,133,133,159,173,173,173,191,221,221,232,232,232,232],"floor_reached":16,"language":"ZHS","playtime":408,"items_purged":[],"score":209,"play_id":"4074d766-14ce-4491-9e0f-8e7e3751a13a","local_time":"20210216162335","is_ascension_mode":true,"campfire_choices":[{"data":"Blade Dance","floor":6.0,"key":"SMITH"},{"data":"Prepared","floor":10.0,"key":"SMITH"},{"data":"Footwork","floor":13.0,"key":"SMITH"},{"data":"Strike_G","floor":15,"key":"PURGE"}],"circlet_count":0,"master_deck":["AscendersBane","Strike_G","Strike_G","Strike_G","Defend_G","Defend_G","Defend_G","Defend_G","Defend_G","Survivor","Neutralize","Blade Dance+1","Footwork+1","Prepared+1","Acrobatics"],"relics":["Ring of the Snake","NeowsBlessing","Question Card","Potion Belt","MealTicket"],"acts_visited":["Exordium"],"potions_floor_usage":[],"damage_taken":[{"damage":0.0,"enemies":"2 Louse","floor":1.0,"turns":1.0},{"damage":0.0,"enemies":"Jaw Worm","floor":5.0,"turns":1.0},{"damage":0.0,"enemies":"Gremlin Nob","floor":7.0,"turns":1.0},{"damage":4.0,"enemies":"Small Slimes","floor":8.0,"turns":5.0},{"damage":4.0,"enemies":"Red Slaver","floor":11.0,"turns":4.0},{"damage":33.0,"enemies":"3 Sentries","floor":12.0,"turns":10.0},{"damage":2.0,"enemies":"Lots of Slimes","floor":14.0,"turns":5.0},{"damage":0,"enemies":"Hexaghost","floor":16,"turns":6}],"seed_played":"7308488052606614235","potions_obtained":[{"floor":1.0,"key":"Block Potion"},{"floor":5.0,"key":"DistilledChaos"},{"floor":11.0,"key":"GhostInAJar"},{"floor":12.0,"key":"GhostInAJar"}],"is_trial":false,"path_per_floor":["M","$","?","?","M","R","E","M","T","R","M","E","R","M","R","B"],"character_chosen":"THE_SILENT","items_purchased":[],"campfire_rested":0,"item_purchase_floors":[],"current_hp_per_floor":[63,63,56,56,56,56,56,52,52,52,48,15,15,13,13,13,13],"gold":232,"neow_bonus":"THREE_ENEMY_KILL","is_daily":false,"chose_seed":false,"campfire_upgraded":3,"win_rate":0.0,"timestamp":1613463815,"path_taken":["M","$","?","?","?","R","E","M","T","R","M","E","R","M","R","BOSS"],"items_purchased_type":[],"build_version":"2020-12-22","purchased_purges":0,"victory":false,"max_hp_per_floor":[70,70,70,70,70,70,70,70,70,70,70,70,70,70,70,70,70],"card_choices":[{"not_picked":["Skewer","Caltrops","Crippling Poison"],"picked":"SKIP","floor":1.0},{"not_picked":["Dodge and Roll","Terror"],"picked":"Blade Dance","floor":5.0},{"not_picked":["Prepared","Underhanded Strike"],"picked":"Footwork","floor":7.0},{"not_picked":["Dodge and Roll","PiercingWail","Deadly Poison"],"picked":"Prepared","floor":8.0},{"not_picked":["Sneak Up","Finisher","Backflip","Poisoned Stab"],"picked":"SKIP","floor":11.0},{"not_picked":["Outmaneuver","Bane","Doppelganger","Deflect"],"picked":"SKIP","floor":12.0},{"not_picked":["Slice","Backstab","Prepared"],"picked":"Acrobatics","floor":14.0}],"player_experience":488155,"relics_obtained":[{"floor":7.0,"key":"Question Card"},{"floor":9.0,"key":"Potion Belt"},{"floor":12.0,"key":"MealTicket"}],"event_choices":[{"cards_removed":["Strike_G"],"damage_healed":0.0,"max_hp_gain":0.0,"max_hp_loss":0.0,"gold_gain":0.0,"event_name":"Golden Wing","player_choice":"Card Removal","floor":3.0,"gold_loss":0.0,"damage_taken":7.0}],"is_beta":false,"boss_relics":[],"items_purged_floors":[],"is_endless":false,"potions_floor_spawned":[1,5,11,12],"killed_by":"Hexaghost","ascension_level":11}}