{"host":"ad59wuc8ynh8u2z6","time":1613492525,"event":{"mods":["AchievementEnabler","BaseMod","Colored Powertips","DeckTracker","Highlight Path","Minty Spire (QoL Compilation)","Permanent Neow"],"gold_per_floor":[111,186,196,206,221,249,249,249,249],"floor_reached":8,"language":"ENG","playtime":287,"items_purged":[],"score":75,"play_id":"fe88bf35-21e0-4b03-85ea-316d9103befb","local_time":"20210216172205","is_ascension_mode":true,"campfire_choices":[{"data":"Inflame","floor":7,"key":"SMITH"}],"circlet_count":0,"master_deck":["Strike_R","Strike_R","Strike_R","Strike_R","Strike_R","Defend_R","Defend_R","Defend_R","Defend_R","Bash","Inflame","Inflame","Inflame+1","Bludgeon+1"],"relics":["Black Star","Molten Egg 2","Turnip"],"acts_visited":["Exordium"],"potions_floor_usage":[6,6],"damage_taken":[{"damage":7.0,"enemies":"2 Louse","floor":1.0,"turns":4.0},{"damage":3.0,"enemies":"Jaw Worm","floor":3.0,"turns":4.0},{"damage":4,"enemies":"Small Slimes","floor":4,"turns":4},{"damage":7,"enemies":"Looter","floor":5,"turns":4},{"damage":18,"enemies":"Lagavulin","floor":6,"turns":6},{"damage":15,"enemies":"3 Sentries","floor":8,"turns":4}],"seed_played":"-8133813909966623667","potions_obtained":[{"floor":1.0,"key":"GamblersBrew"},{"floor":3.0,"key":"Block Potion"}],"is_trial":false,"path_per_floor":["M","?","M","M","M","E","R","E"],"character_chosen":"IRONCLAD","items_purchased":[],"campfire_rested":0,"item_purchase_floors":[],"current_hp_per_floor":[65,54,51,47,40,22,22,7,7],"gold":249,"neow_bonus":"BOSS_RELIC","is_daily":false,"chose_seed":false,"campfire_upgraded":1,"win_rate":0.0,"timestamp":1613492525,"path_taken":["M","?","M","M","M","E","R","E"],"items_purchased_type":[],"build_version":"2020-12-22","purchased_purges":0,"victory":false,"max_hp_per_floor":[80,80,80,80,80,80,80,80,80],"card_choices":[{"not_picked":["Iron Wave","Hemokinesis"],"picked":"Inflame","floor":1.0},{"not_picked":["Intimidate","Rupture","Entrench"],"picked":"SKIP","floor":3.0},{"not_picked":["Feel No Pain","Seeing Red"],"picked":"Inflame","floor":4},{"not_picked":["Iron Wave","Feel No Pain"],"picked":"Inflame","floor":5},{"not_picked":["Offering","Armaments"],"picked":"Bludgeon+1","floor":6}],"player_experience":98344,"relics_obtained":[{"floor":6,"key":"Molten Egg 2"},{"floor":6,"key":"Turnip"}],"event_choices":[{"damage_healed":0.0,"max_hp_gain":0.0,"max_hp_loss":0.0,"gold_gain":75.0,"event_name":"World of Goop","player_choice":"Gather Gold","floor":2.0,"gold_loss":0.0,"damage_taken":11.0}],"is_beta":false,"boss_relics":[],"items_purged_floors":[],"is_endless":false,"potions_floor_spawned":[1,3],"killed_by":"3 Sentries","ascension_level":6}}