{"host":"Hova","time":1613465359,"event":{"mods":["AchievementEnabler","Aspiration","BaseMod","Better Match","Better Note","Colored Map","Colored Powertips","DeckTracker","Downfall","Energized Spire","Hubris","Infinite Spire","Minty Spire (QoL Compilation)","Rare Cards Sparkle","Reliquary","Remilia??????","Replay The Spire","Shop Mod","StSLib","SuperFastMode","The Clintock","The Cursed","The Death Knight","The Necromancer","The Servant 0.9.4"],"gold_per_floor":[119,130,142,142,28,28,28,46,46,64,89,108,108,142,142,237,237,248,248,260,272,272,298,298,314,314,314,326,338,338],"floor_reached":29,"language":"ENG","playtime":1871,"items_purged":["Strike_B"],"score":255,"play_id":"7c5f3e89-47e1-4753-af68-cf2516196903","local_time":"20210216114919","is_ascension_mode":false,"campfire_choices":[{"data":"Defragment","floor":6,"key":"SMITH"},{"floor":15,"key":"REST"},{"floor":24,"key":"REST"},{"floor":28,"key":"REST"}],"circlet_count":0,"master_deck":["Strike_B","Strike_B","Strike_B","Defend_B","Defend_B","Defend_B","Defend_B","Zap","Dualcast","Genetic Algorithm","Defragment+1","Force Field","Panic Button+1","Buffer","Loop","Static Discharge","ReplayTheSpireMod:Calculation Training","Machine Learning","Redo+1","Transmutation","Self Repair","RitualDagger","Defragment","Loop"],"relics":["Cracked Core","Ancient Tea Set","Replay:Mystery Machine","infinitespire:Lucky Rock","Pondfish Scales","ReplayTheSpireMod:DimensionalGlitch","reliquary:SilkGlove","Shuriken","MawBank"],"acts_visited":["Exordium","TheCity"],"potions_floor_usage":[11,11,16,18,21,21,21,21,21,23,23,23,23,23,25,25,25],"damage_taken":[{"damage":8,"enemies":"Jaw Worm","floor":1,"turns":3},{"damage":6,"enemies":"Cultist","floor":2,"turns":3},{"damage":12,"enemies":"2 Louse","floor":3,"turns":2},{"damage":13,"enemies":"Exordium Wildlife","floor":8,"turns":4},{"damage":20,"enemies":"Exordium Thugs","floor":10,"turns":3},{"damage":15,"enemies":"Lagavulin","floor":11,"turns":7},{"damage":0,"enemies":"Blue Slaver","floor":12,"turns":4},{"damage":8,"enemies":"Gremlin Nob","floor":14,"turns":4},{"damage":41,"enemies":"Slime Boss","floor":16,"turns":10},{"damage":43,"enemies":"3 Byrds","floor":18,"turns":7},{"damage":13,"enemies":"Shell Parasite","floor":20,"turns":6},{"damage":13,"enemies":"Snecko","floor":21,"turns":9},{"damage":5,"enemies":"Nightmare","floor":23,"turns":9},{"damage":19,"enemies":"Sentry and Sphere","floor":25,"turns":9},{"damage":47,"enemies":"Snake Plant","floor":29,"turns":5}],"seed_played":"-8067145711226644506","potions_obtained":[{"floor":1,"key":"PowerPotion"},{"floor":3,"key":"DuplicationPotion"},{"floor":14,"key":"Block Potion"},{"floor":16,"key":"Flashbang"},{"floor":20,"key":"LifebloodPotion"},{"floor":21,"key":"EssenceOfSteel"}],"is_trial":false,"path_per_floor":["M","M","M","?","$","R","T","M","T","M","E","M","?","E","R","B",null,"M","?","M","M","?","NM","R","M","T","?","R","M"],"character_chosen":"DEFECT","items_purchased":["Panic Button+1"],"campfire_rested":3,"item_purchase_floors":[5],"current_hp_per_floor":[74,68,56,82,82,82,82,69,69,49,34,34,34,26,50,9,82,39,39,26,17,11,10,34,19,19,19,43,0,0],"gold":338,"neow_bonus":"TEN_PERCENT_HP_BONUS","is_daily":false,"chose_seed":false,"campfire_upgraded":1,"win_rate":0.0,"timestamp":1613465359,"path_taken":["M","M","M","?","?","R","?","M","T","M","E","?","?","E","R","BOSS","M","?","M","M","?","NM","R","M","T","?","R","M"],"items_purchased_type":["Card"],"build_version":"2020-11-17","purchased_purges":1,"victory":false,"max_hp_per_floor":[82,82,82,82,82,82,82,82,82,82,82,82,82,82,82,82,82,82,82,82,82,82,82,82,82,82,82,82,82,82],"card_choices":[{"not_picked":["White Noise","Conserve Battery"],"picked":"Genetic Algorithm","floor":1},{"not_picked":["BasicCrystalCard","Coolheaded"],"picked":"Defragment","floor":2},{"not_picked":["Gash","Beam Cell"],"picked":"Force Field","floor":3},{"not_picked":["Rebound","Conserve Battery","Compile Driver"],"picked":"SKIP","floor":8},{"not_picked":["Hologram","Stack"],"picked":"Buffer","floor":10},{"not_picked":["Hologram","Machine Learning"],"picked":"Loop","floor":11},{"not_picked":["Redo","Streamline"],"picked":"Static Discharge","floor":12},{"not_picked":["BasicCrystalCard","Streamline"],"picked":"ReplayTheSpireMod:Calculation Training","floor":14},{"not_picked":["Fission","hubris:SpecializedCircuitry"],"picked":"Machine Learning","floor":16},{"not_picked":["Cold Snap+1","Panic Button"],"picked":"Redo+1","floor":18},{"not_picked":["Panic Button","Conserve Battery"],"picked":"Self Repair","floor":20},{"not_picked":["Redo+1","Cold Snap","Conserve Battery"],"picked":"SKIP","floor":21},{"not_picked":["Panic Button+1","Steam"],"picked":"Defragment","floor":23},{"not_picked":["Scrape","Conserve Battery"],"picked":"Loop","floor":25}],"player_experience":20149,"relics_obtained":[{"floor":7,"key":"Ancient Tea Set"},{"floor":9,"key":"Replay:Mystery Machine"},{"floor":11,"key":"infinitespire:Lucky Rock"},{"floor":14,"key":"Pondfish Scales"},{"floor":23,"key":"reliquary:SilkGlove"},{"floor":26,"key":"Shuriken"}],"event_choices":[{"damage_healed":26,"gold_gain":0,"player_choice":"Full Heal","damage_taken":0,"max_hp_gain":0,"max_hp_loss":0,"event_name":"Wheel of Change","floor":4,"gold_loss":0},{"damage_healed":0,"gold_gain":0,"player_choice":"Ignored","damage_taken":0,"max_hp_gain":0,"max_hp_loss":0,"event_name":"Golden Idol","floor":13,"gold_loss":0},{"damage_healed":0,"gold_gain":0,"player_choice":"Joined the Cult","damage_taken":6,"max_hp_gain":0,"max_hp_loss":0,"event_name":"Nest","floor":22,"gold_loss":0,"cards_obtained":["RitualDagger"]}],"is_beta":true,"boss_relics":[{"not_picked":["aspiration:RitualDagger","Runic Pyramid"],"picked":"ReplayTheSpireMod:DimensionalGlitch"}],"items_purged_floors":[5],"is_endless":false,"potions_floor_spawned":[1,3,14,16,20,21],"killed_by":"Snake Plant","ascension_level":0}}