{"host":"Jedit","time":1613510166,"event":{"mods":["BaseMod","Minty Spire (QoL Compilation)","Relic Stats","StSLib"],"gold_per_floor":[114,39,39,55,71,71,91,91,91,121,138,138,138],"floor_reached":12,"language":"ENG","playtime":358,"items_purged":[],"score":160,"play_id":"1f220de8-c96b-4acd-9ed0-c451ea9dc2cc","local_time":"20210216211606","is_ascension_mode":true,"campfire_choices":[{"data":"Skewer","floor":6.0,"key":"SMITH"},{"data":"Predator","floor":8.0,"key":"SMITH"}],"circlet_count":0,"master_deck":["AscendersBane","Strike_G","Strike_G","Strike_G","Strike_G","Defend_G","Defend_G","Defend_G","Defend_G","Defend_G","Survivor","Neutralize","Predator+1","Backflip","Skewer+1","Slice","PiercingWail","Footwork"],"relics":["Ring of the Snake","Torii","Orichalcum","Bottled Flame","Gremlin Horn"],"acts_visited":["Exordium"],"potions_floor_usage":[],"damage_taken":[{"damage":13.0,"enemies":"Jaw Worm","floor":1.0,"turns":6.0},{"damage":0.0,"enemies":"2 Louse","floor":4.0,"turns":2.0},{"damage":0.0,"enemies":"Cultist","floor":5.0,"turns":3.0},{"damage":0.0,"enemies":"3 Louse","floor":7.0,"turns":3.0},{"damage":27.0,"enemies":"Lagavulin","floor":10.0,"turns":6.0},{"damage":0.0,"enemies":"Gremlin Gang","floor":11.0,"turns":3.0},{"damage":13,"enemies":"Gremlin Nob","floor":12,"turns":4}],"seed_played":"2366317957815737572","potions_obtained":[{"floor":1.0,"key":"SteroidPotion"}],"is_trial":false,"path_per_floor":["M","?","?","M","M","R","M","R","T","E","M","E"],"character_chosen":"THE_SILENT","items_purchased":[],"campfire_rested":0,"item_purchase_floors":[],"current_hp_per_floor":[46,46,46,46,46,46,46,46,46,19,19,6,6],"gold":138,"neow_bonus":"ONE_RARE_RELIC","is_daily":false,"chose_seed":false,"campfire_upgraded":2,"win_rate":0.0,"timestamp":1613510166,"path_taken":["M","?","?","M","M","R","?","R","T","E","M","E"],"items_purchased_type":[],"build_version":"2020-12-18","purchased_purges":0,"victory":false,"max_hp_per_floor":[60,60,60,60,60,60,60,60,60,60,60,60,60],"relic_stats":{"Torii":8,"Gremlin Horn":[3,3],"counters":[7,27],"Orichalcum":[60],"obtain_stats":[{"Bottled Flame":9,"Torii":0,"Gremlin Horn":10,"Orichalcum":3,"Ring of the Snake":0},{"Bottled Flame":4,"Torii":0,"Gremlin Horn":5,"Orichalcum":1,"Ring of the Snake":0},{"Bottled Flame":14,"Torii":0,"Gremlin Horn":20,"Orichalcum":6,"Ring of the Snake":0}],"Ring of the Snake":[14]},"card_choices":[{"not_picked":["Heel Hook","Slice"],"picked":"Predator","floor":1.0},{"not_picked":["Prepared","Bane"],"picked":"Backflip","floor":4.0},{"not_picked":["Heel Hook","Poisoned Stab"],"picked":"Skewer","floor":5.0},{"not_picked":["Underhanded Strike","PiercingWail"],"picked":"Slice","floor":7.0},{"not_picked":["Tactician","Prepared"],"picked":"PiercingWail","floor":10.0},{"not_picked":["Flechettes","Backflip"],"picked":"Footwork","floor":11.0}],"player_experience":3484080,"relics_obtained":[{"floor":9.0,"key":"Bottled Flame"},{"floor":10.0,"key":"Gremlin Horn"}],"event_choices":[{"cards_removed":["Strike_G"],"damage_healed":0.0,"max_hp_gain":0.0,"max_hp_loss":0.0,"gold_gain":0.0,"event_name":"The Cleric","player_choice":"Card Removal","floor":2.0,"gold_loss":75.0,"damage_taken":0.0},{"damage_healed":0.0,"max_hp_gain":0.0,"max_hp_loss":0.0,"gold_gain":0.0,"event_name":"WeMeetAgain","player_choice":"Gave Potion","floor":3.0,"gold_loss":0.0,"damage_taken":0.0,"relics_obtained":["Orichalcum"]}],"is_beta":true,"boss_relics":[],"items_purged_floors":[],"is_endless":false,"potions_floor_spawned":[1],"killed_by":"Gremlin Nob","ascension_level":20}}