{"host":"jksq986fwerfio60","time":1613451576,"event":{"mods":["BaseMod","Colored Map","Colored Powertips","Downfall","Hermit","Jorbs\u0027s Wanderer Trilogy","Marisa¡]Ãú«B¡@Å]²z¨F¡^","Minty Spire (QoL Compilation)","Replay The Spire","Shop Mod","StSLib","The Construct","UnlockEverythingMod"],"gold_per_floor":[116,130,140,154,154,154,168,184,256,270,284,284,304,314,314,413,413,433,66,83,183,197,197,216,216,241,241,256,269,282,282,282,282,282],"floor_reached":33,"language":"ZHS","playtime":1583,"items_purged":["hermit:Defend_Hermit"],"score":249,"play_id":"70259caf-9b53-4db6-a2e3-b71eb3829aeb","local_time":"20210216125936","is_ascension_mode":false,"campfire_choices":[{"data":"hermit:Snapshot","floor":6,"key":"SMITH"},{"floor":12,"key":"REST"},{"floor":15,"key":"DIG"},{"floor":23,"key":"REST"},{"floor":25,"key":"REST"},{"floor":32,"key":"REST"}],"circlet_count":0,"master_deck":["hermit:Strike_Hermit","hermit:Strike_Hermit","hermit:Strike_Hermit","hermit:Defend_Hermit","hermit:Defend_Hermit","hermit:Snapshot+1","hermit:Covet","hermit:Ricochet","hermit:Headshot","hermit:TakeAim","hermit:Dive","hermit:Deadeye","hermit:CalledShot+1","hermit:EyeOfTheStorm","hermit:Quickdraw+1"],"relics":["hermit:Momento","Chameleon Ring","StrikeDummy","Anchor","ReplayTheSpireMod:TigerMarble","Regal Pillow"],"acts_visited":["Exordium","TheCity"],"potions_floor_usage":[4,11,11,16,16,16,30,33,33],"damage_taken":[{"damage":0,"enemies":"2 Louse","floor":1,"turns":3},{"damage":0,"enemies":"Cultist","floor":2,"turns":3},{"damage":0,"enemies":"Jaw Worm","floor":3,"turns":2},{"damage":20,"enemies":"Exordium Thugs","floor":4,"turns":3},{"damage":6,"enemies":"Red Slaver","floor":7,"turns":4},{"damage":12,"enemies":"2 Fungi Beasts","floor":8,"turns":3},{"damage":12,"enemies":"Exordium Wildlife","floor":10,"turns":4},{"damage":8,"enemies":"Large Slime","floor":11,"turns":2},{"damage":4,"enemies":"Looter","floor":13,"turns":3},{"damage":1,"enemies":"3 Louse","floor":14,"turns":2},{"damage":7,"enemies":"Hexaghost","floor":16,"turns":10},{"damage":11,"enemies":"Shell Parasite","floor":18,"turns":6},{"damage":0,"enemies":"Chosen","floor":20,"turns":4},{"damage":31,"enemies":"3 Cultists","floor":22,"turns":5},{"damage":27,"enemies":"Snake Plant","floor":24,"turns":5},{"damage":13,"enemies":"Snecko","floor":28,"turns":4},{"damage":4,"enemies":"Centurion and Healer","floor":29,"turns":4},{"damage":20,"enemies":"Snake Plant","floor":30,"turns":5},{"damage":69,"enemies":"Champ","floor":33,"turns":9}],"seed_played":"7859692534568720519","potions_obtained":[{"floor":2,"key":"AttackPotion"},{"floor":4,"key":"champ:CounterPotion"},{"floor":7,"key":"Dexterity Potion"},{"floor":10,"key":"AttackPotion"},{"floor":11,"key":"Elixir"},{"floor":13,"key":"SkillPotion"},{"floor":16,"key":"Strength Potion"},{"floor":20,"key":"Flashbang"},{"floor":28,"key":"PowerPotion"}],"is_trial":false,"path_per_floor":["M","M","M","M","?","R","M","M","T","M","M","R","M","M","R_BF","B",null,"M","$","M","?","M","R","M","R","T","?","M","M","M","?","R","B"],"character_chosen":"HERMIT","items_purchased":["Anchor","ReplayTheSpireMod:TigerMarble"],"campfire_rested":4,"item_purchase_floors":[19,19],"current_hp_per_floor":[75,75,75,55,55,55,49,37,37,25,17,39,35,34,34,27,75,64,64,64,64,33,55,28,50,50,50,41,37,17,17,54,0,0],"gold":282,"neow_bonus":"REMOVE_CARD","is_daily":false,"chose_seed":false,"campfire_upgraded":1,"win_rate":0.0,"timestamp":1613451576,"path_taken":["M","M","M","M","?","R","M","M","T","M","M","R","?","M","R_BF","BOSS","M","$","M","?","M","R","?","R","T","?","?","M","M","?","R","BOSS"],"items_purchased_type":["Relic","Relic"],"build_version":"2020-12-22","purchased_purges":1,"victory":false,"max_hp_per_floor":[75,75,75,75,75,75,75,75,75,75,75,75,75,75,75,75,75,75,75,75,75,75,75,75,75,75,75,75,75,75,75,75,75,75],"card_choices":[{"not_picked":["hermit:ItchyTrigger","hermit:GhostlyPresence"],"picked":"hermit:Ricochet","floor":1},{"not_picked":["hermit:Shortfuse","hermit:Cheat","hermit:Feint"],"picked":"SKIP","floor":2},{"not_picked":["hermit:Maintenance","hermit:HoleUp"],"picked":"hermit:Headshot","floor":3},{"not_picked":["hermit:Shortfuse","hermit:NoHoldsBarred","hermit:EternalForm"],"picked":"SKIP","floor":4},{"not_picked":["hermit:Midnight","hermit:TakeCover"],"picked":"hermit:TakeAim","floor":7},{"not_picked":["hermit:ShadowCloak","hermit:BodyArmor","hermit:Roulette"],"picked":"SKIP","floor":8},{"not_picked":["hermit:Headshot","hermit:Feint"],"picked":"hermit:Dive","floor":10},{"not_picked":["hermit:Dive","hermit:GoldenBullet","hermit:Malice"],"picked":"SKIP","floor":11},{"not_picked":["hermit:Shortfuse","hermit:LowProfile","hermit:Roulette"],"picked":"SKIP","floor":13},{"not_picked":["hermit:Spite","hermit:Feint","hermit:Brawl"],"picked":"SKIP","floor":14},{"not_picked":["hermit:Snipe","hermit:Glare","hermit:FullyLoaded+1"],"picked":"SKIP","floor":18},{"not_picked":["hermit:ItchyTrigger","hermit:Headshot"],"picked":"hermit:Deadeye","floor":20},{"not_picked":["hermit:Shortfuse","hermit:Combo"],"picked":"hermit:CalledShot+1","floor":22},{"not_picked":["hermit:Quickdraw","hermit:CursedWeapon"],"picked":"hermit:EyeOfTheStorm","floor":24},{"not_picked":["hermit:Coalescence","hermit:Desperado","hermit:Headshot"],"picked":"SKIP","floor":28},{"not_picked":["hermit:Maintenance","hermit:HighCaliber"],"picked":"hermit:Quickdraw+1","floor":29},{"not_picked":["hermit:WideOpen","hermit:Spite+1","hermit:HighCaliber"],"picked":"SKIP","floor":30}],"player_experience":40859,"relics_obtained":[{"floor":9,"key":"Chameleon Ring"},{"floor":15,"key":"StrikeDummy"},{"floor":26,"key":"Regal Pillow"}],"event_choices":[{"cards_removed":["hermit:Defend_Hermit"],"damage_healed":0,"gold_gain":0,"player_choice":"Purged","damage_taken":0,"max_hp_gain":0,"max_hp_loss":0,"event_name":"Purifier","floor":5,"gold_loss":0},{"damage_healed":0,"gold_gain":100,"player_choice":"Pray","damage_taken":0,"max_hp_gain":0,"max_hp_loss":0,"event_name":"Golden Shrine","floor":21,"gold_loss":0},{"damage_healed":0,"gold_gain":0,"player_choice":"Ignored","damage_taken":0,"max_hp_gain":0,"max_hp_loss":0,"event_name":"The Mausoleum","floor":27,"gold_loss":0},{"damage_healed":0,"gold_gain":0,"player_choice":"Ignored","damage_taken":0,"max_hp_gain":0,"max_hp_loss":0,"event_name":"Ghosts","floor":31,"gold_loss":0}],"is_beta":false,"boss_relics":[{"not_picked":["Painkiller Herb","Philosopher\u0027s Stone","bronze:MakeshiftBattery"]}],"items_purged_floors":[19],"is_endless":false,"potions_floor_spawned":[2,4,7,10,11,13,16,20,28],"killed_by":"Champ","ascension_level":0}}