{"host":"ababi7n1w04ome7c","time":1613450600,"event":{"mods":["AchievementEnabler","BaseMod","Colored Map","Minty Spire (QoL Compilation)","Permanent Neow","StSLib","everything is the same but u backflip on backflip"],"gold_per_floor":[110,84,98,116,96,96,124,124,124,149,149,74,87,107,107,107,107,119,119],"floor_reached":18,"language":"KOR","playtime":746,"items_purged":["Strike_G"],"score":215,"play_id":"c41782d6-1485-4923-a20d-68ff6eeebfd9","local_time":"20210216134320","is_ascension_mode":true,"campfire_choices":[{"data":"Glass Knife","floor":6.0,"key":"SMITH"},{"floor":8.0,"key":"REST"},{"data":"Adrenaline","floor":11.0,"key":"SMITH"},{"floor":15.0,"key":"REST"}],"circlet_count":0,"master_deck":["Survivor","Neutralize+1","Glass Knife+1","Poisoned Stab","Backflip","Adrenaline+1","Backflip","Accuracy","Infinite Blades","Venomology","Skewer","Deflect","Doppelganger","Bullet Time","Corpse Explosion","Envenom","Noxious Fumes","Tools of the Trade","Backflip"],"relics":["Ring of the Snake","Darkstone Periapt","InkBottle","Whetstone","Pandora\u0027s Box"],"acts_visited":["Exordium","TheCity"],"potions_floor_usage":[],"damage_taken":[{"damage":0.0,"enemies":"Small Slimes","floor":1.0,"turns":3.0},{"damage":0.0,"enemies":"Cultist","floor":3.0,"turns":3.0},{"damage":0.0,"enemies":"2 Louse","floor":4.0,"turns":2.0},{"damage":9.0,"enemies":"3 Sentries","floor":7.0,"turns":8.0},{"damage":10.0,"enemies":"Gremlin Nob","floor":10.0,"turns":4.0},{"damage":0.0,"enemies":"Gremlin Gang","floor":13.0,"turns":3.0},{"damage":0.0,"enemies":"3 Louse","floor":14.0,"turns":3.0},{"damage":17.0,"enemies":"The Guardian","floor":16.0,"turns":11.0},{"damage":26,"enemies":"Spheric Guardian","floor":18,"turns":5}],"seed_played":"-1967382893558935821","potions_obtained":[{"floor":1.0,"key":"Strength Potion"},{"floor":4.0,"key":"Swift Potion"},{"floor":5.0,"key":"Block Potion"},{"floor":13.0,"key":"ColorlessPotion"}],"is_trial":false,"path_per_floor":["M","$","M","M","?","R","E","R","T","E","R","$","M","M","R","B",null,"M"],"character_chosen":"THE_SILENT","items_purchased":["Poisoned Stab"],"campfire_rested":2,"item_purchase_floors":[2],"current_hp_per_floor":[49,49,49,49,49,49,40,61,61,51,51,51,51,51,70,53,66,40,40],"gold":119,"neow_bonus":"THREE_RARE_CARDS","is_daily":false,"chose_seed":false,"campfire_upgraded":2,"win_rate":0.0,"timestamp":1613450600,"path_taken":["M","$","M","M","?","R","E","R","T","E","R","?","M","?","R","BOSS","M"],"items_purchased_type":["Card"],"build_version":"2020-12-22","purchased_purges":1,"victory":false,"max_hp_per_floor":[70,70,70,70,70,70,70,70,70,70,70,70,70,70,70,70,70,70,70],"card_choices":[{"not_picked":["Grand Finale","Venomology"],"picked":"Glass Knife","floor":0.0},{"not_picked":["Well Laid Plans","Finisher","PiercingWail"],"picked":"SKIP","floor":1.0},{"not_picked":["Tactician","Slice"],"picked":"Backflip","floor":3.0},{"not_picked":["Deflect","Slice"],"picked":"Adrenaline","floor":4.0},{"not_picked":["Grand Finale","Slice","Storm of Steel"],"picked":"SKIP","floor":7.0},{"not_picked":["Flechettes","PiercingWail"],"picked":"Backflip","floor":10.0},{"not_picked":["Deflect","Infinite Blades"],"picked":"Accuracy","floor":13.0},{"not_picked":["PiercingWail","Well Laid Plans"],"picked":"Infinite Blades","floor":14.0},{"not_picked":["Night Terror","Phantasmal Killer"],"picked":"Venomology","floor":16.0}],"player_experience":339931,"relics_obtained":[{"floor":7.0,"key":"Darkstone Periapt"},{"floor":9.0,"key":"InkBottle"},{"floor":10.0,"key":"Whetstone"}],"event_choices":[{"damage_healed":0.0,"max_hp_gain":0.0,"max_hp_loss":0.0,"gold_gain":0.0,"event_name":"The Woman in Blue","player_choice":"Bought 1 Potion","floor":5.0,"gold_loss":0.0,"damage_taken":0.0}],"is_beta":false,"boss_relics":[{"not_picked":["Sozu","Velvet Choker"],"picked":"Pandora\u0027s Box"}],"items_purged_floors":[12],"is_endless":false,"potions_floor_spawned":[1,4,7,13,18],"killed_by":"Spheric Guardian","ascension_level":5}}