{"host":"0jm2u9rma46qko29","time":1613513372,"event":{"mods":["Act Like it!","BaseMod","Better Altar","Better Note","Better Skull","Better Third Choice","CapriCore","Hermit","Marisa????????","Minty Spire (QoL Compilation)","Monster B Gone","Relic Stats","Robot Space Explorer","Shade Mod","StSLib","Waifu the Spire"],"gold_per_floor":[115,65,65,65,78,78,95,123,123,123,123,123,149,167,167,263,263,281,281,50,50,69,98,18,18,18,18,18,31,31,31,31,134,134,144,193,210,110,160,160,192,192,192,192,204,236,43,57,57,57],"floor_reached":51,"language":"ENG","playtime":2207,"items_purged":["Strike_R","Strike_R+1"],"score":942,"play_id":"a9f238f7-5a64-47df-9349-f70ee7437157","local_time":"20210216160932","is_ascension_mode":true,"campfire_choices":[{"data":"Body Slam","floor":6,"key":"SMITH"},{"data":"Shrug It Off","floor":10,"key":"SMITH"},{"data":"Bash","floor":12,"key":"SMITH"},{"data":"Armaments","floor":15,"key":"SMITH"},{"data":"True Grit","floor":28,"key":"SMITH"},{"data":"Heavy Blade","floor":30,"key":"SMITH"},{"floor":32,"key":"REST"},{"data":"Double Tap","floor":40,"key":"SMITH"},{"floor":42,"key":"REST"},{"data":"Exhume","floor":44,"key":"SMITH"},{"data":"Body Slam","floor":49,"key":"SMITH"}],"circlet_count":0,"master_deck":["Strike_R+1","Defend_R+1","Defend_R+1","Defend_R+1","Defend_R+1","Bash+1","Body Slam+1","Exhume+1","Shrug It Off+1","Heavy Blade","Wild Strike+1","Juggernaut","Armaments+1","Limit Break+1","Wild Strike","Double Tap+1","Heavy Blade+1","Inflame","True Grit+1","J.A.X.","Bloodletting","Shrug It Off","Impervious","Evolve","Fire Breathing","Spot Weakness","Iron Wave+1","Shrug It Off","Bloodletting","Reaper","Wild Strike","Shrug It Off","Body Slam+1"],"relics":["Burning Blood","Oddly Smooth Stone","WingedGreaves","White Beast Statue","Akabeko","SlaversCollar","Brimstone","Dream Catcher","InkBottle","Mark of Pain","TungstenRod","CaptainsWheel","Ice Cream","Meat on the Bone","PreservedInsect","Vajra"],"acts_visited":["Exordium","TheCity","TheBeyond"],"potions_floor_usage":[8,13,22,23,33,33,33,36,41,41,46,50,50],"damage_taken":[{"damage":0,"enemies":"Small Slimes","floor":1,"turns":5},{"damage":14,"enemies":"2 Louse","floor":5,"turns":3},{"damage":0,"enemies":"Cultist","floor":7,"turns":4},{"damage":16,"enemies":"Gremlin Nob","floor":8,"turns":4},{"damage":22,"enemies":"Lagavulin","floor":13,"turns":5},{"damage":5,"enemies":"Looter","floor":14,"turns":3},{"damage":32,"enemies":"Slime Boss","floor":16,"turns":10},{"damage":0,"enemies":"Chosen","floor":18,"turns":3},{"damage":15,"enemies":"2 Thieves","floor":22,"turns":4},{"damage":36,"enemies":"Gremlin Leader","floor":23,"turns":3},{"damage":24,"enemies":"Chosen and Byrds","floor":29,"turns":5},{"damage":35,"enemies":"Collector","floor":33,"turns":6},{"damage":12,"enemies":"3 Shapes","floor":35,"turns":3},{"damage":34,"enemies":"2 Orb Walkers","floor":36,"turns":5},{"damage":7,"enemies":"Orb Walker","floor":37,"turns":3},{"damage":21,"enemies":"Mind Bloom Boss Battle","floor":39,"turns":4},{"damage":20,"enemies":"Nemesis","floor":41,"turns":5},{"damage":9,"enemies":"Sphere and 2 Shapes","floor":45,"turns":5},{"damage":24,"enemies":"Giant Head","floor":46,"turns":6},{"damage":0,"enemies":"Jaw Worm Horde","floor":48,"turns":3},{"damage":28,"enemies":"Awakened One","floor":50,"turns":6}],"seed_played":"-326930496216533045","potions_obtained":[{"floor":1,"key":"Regen Potion"},{"floor":7,"key":"Weak Potion"},{"floor":13,"key":"EssenceOfSteel"},{"floor":14,"key":"LiquidMemories"},{"floor":16,"key":"DistilledChaos"},{"floor":18,"key":"AttackPotion"},{"floor":22,"key":"Ancient Potion"},{"floor":23,"key":"LiquidMemories"},{"floor":33,"key":"EssenceOfSteel"},{"floor":35,"key":"GamblersBrew"},{"floor":36,"key":"PowerPotion"},{"floor":37,"key":"Swift Potion"},{"floor":39,"key":"EssenceOfSteel"},{"floor":41,"key":"Weak Potion"},{"floor":45,"key":"Ancient Potion"},{"floor":46,"key":"GamblersBrew"},{"floor":48,"key":"Dexterity Potion"}],"is_trial":false,"path_per_floor":["M","?","?","?","M","R","M","E","T","R","?","R","E","M","R","B",null,"M","?","$","?","M","E","$","?","T","?","R","M","R","?","R","B",null,"M","?","M","$","?","R","E","R","T","R","M","E","$","M","R","B",null],"character_chosen":"IRONCLAD","items_purchased":["Brimstone","Inflame","True Grit","Vajra","Shrug It Off"],"campfire_rested":2,"item_purchase_floors":[20,24,24,47,47],"current_hp_per_floor":[80,80,80,80,72,72,78,68,68,68,68,68,64,65,65,39,80,80,80,80,80,71,41,41,41,41,41,41,23,23,23,47,18,80,74,46,45,45,30,30,16,40,40,40,49,56,56,62,62,52],"gold":57,"neow_bonus":"RANDOM_COMMON_RELIC","is_daily":false,"chose_seed":false,"campfire_upgraded":9,"win_rate":0.0,"timestamp":1613513372,"path_taken":["M","?","?","?","M","R","?","E","T","R","?","R","E","?","R","BOSS","M","?","$","?","?","E","?","?","T","?","R","?","R","?","R","BOSS","M","?","M","$","?","R","E","R","T","R","?","E","$","M","R","BOSS"],"items_purchased_type":["Relic","Card","Card","Relic","Card"],"build_version":"2020-12-22","purchased_purges":2,"victory":true,"max_hp_per_floor":[80,80,80,80,80,80,80,80,80,80,80,80,80,80,80,80,80,80,80,80,80,80,80,80,80,80,80,80,80,80,80,80,80,80,80,80,80,80,80,80,80,80,80,80,80,80,80,80,80,80],"relic_stats":{"Dream Catcher":2,"counters":[21,95],"PreservedInsect":0,"obtain_stats":[{"Ice Cream":41,"Oddly Smooth Stone":0,"Vajra":47,"PreservedInsect":46,"Burning Blood":0,"White Beast Statue":9,"Akabeko":13,"SlaversCollar":17,"Dream Catcher":23,"CaptainsWheel":39,"Brimstone":20,"WingedGreaves":8,"Mark of Pain":34,"InkBottle":26,"TungstenRod":36,"Meat on the Bone":43},{"Ice Cream":17,"Oddly Smooth Stone":0,"Vajra":19,"PreservedInsect":19,"Burning Blood":0,"White Beast Statue":4,"Akabeko":5,"SlaversCollar":7,"Dream Catcher":10,"CaptainsWheel":16,"Brimstone":8,"WingedGreaves":4,"Mark of Pain":12,"InkBottle":10,"TungstenRod":14,"Meat on the Bone":17},{"Ice Cream":75,"Oddly Smooth Stone":0,"Vajra":86,"PreservedInsect":86,"Burning Blood":0,"White Beast Statue":16,"Akabeko":21,"SlaversCollar":34,"Dream Catcher":44,"CaptainsWheel":70,"Brimstone":37,"WingedGreaves":16,"Mark of Pain":55,"InkBottle":44,"TungstenRod":63,"Meat on the Bone":75}],"Burning Blood":114,"InkBottle":[17],"TungstenRod":19,"Meat on the Bone":36},"card_choices":[{"not_picked":["Armaments","Pommel Strike"],"picked":"Body Slam","floor":1},{"not_picked":["Iron Wave","Havoc"],"picked":"Shrug It Off","floor":5},{"not_picked":["Shockwave","Anger"],"picked":"Heavy Blade","floor":7},{"not_picked":["Sentinel","Iron Wave"],"picked":"Wild Strike","floor":8},{"not_picked":["Shockwave","Shrug It Off"],"picked":"Juggernaut","floor":13},{"not_picked":["Anger","Dark Embrace"],"picked":"Armaments","floor":14},{"not_picked":["Juggernaut","Feed"],"picked":"Limit Break","floor":16},{"not_picked":["Pommel Strike+1","Intimidate"],"picked":"Wild Strike","floor":18},{"not_picked":["Rampage","Double Tap"],"picked":"Heavy Blade","floor":22},{"not_picked":["Clothesline","Combust+1","Searing Blow+1"],"picked":"SKIP","floor":23},{"not_picked":["Carnage","Whirlwind"],"picked":"Bloodletting","floor":29},{"not_picked":["Heavy Blade","Iron Wave"],"picked":"Shrug It Off","floor":32},{"not_picked":["Brutality","Demon Form"],"picked":"Impervious","floor":33},{"not_picked":["Heavy Blade+1","Armaments"],"picked":"Evolve","floor":35},{"not_picked":["Clash+1","Iron Wave+1"],"picked":"Fire Breathing","floor":36},{"not_picked":["Perfected Strike+1","Flex"],"picked":"Spot Weakness","floor":37},{"not_picked":["Heavy Blade","Perfected Strike"],"picked":"Iron Wave+1","floor":39},{"not_picked":["Hemokinesis+1","Corruption"],"picked":"Shrug It Off","floor":41},{"not_picked":["Headbutt+1","Warcry"],"picked":"Bloodletting","floor":42},{"not_picked":["Clothesline+1","Battle Trance+1"],"picked":"Reaper","floor":45},{"not_picked":["Evolve+1","Warcry+1"],"picked":"Wild Strike","floor":46},{"not_picked":["Clothesline+1","Sentinel+1"],"picked":"Body Slam","floor":48}],"player_experience":188929,"relics_obtained":[{"floor":8,"key":"WingedGreaves"},{"floor":9,"key":"White Beast Statue"},{"floor":13,"key":"Akabeko"},{"floor":23,"key":"Dream Catcher"},{"floor":26,"key":"InkBottle"},{"floor":36,"key":"TungstenRod"},{"floor":39,"key":"CaptainsWheel"},{"floor":41,"key":"Ice Cream"},{"floor":43,"key":"Meat on the Bone"},{"floor":46,"key":"PreservedInsect"}],"event_choices":[{"cards_removed":["Strike_R"],"damage_healed":0,"gold_gain":0,"player_choice":"Card Removal","damage_taken":0,"max_hp_gain":0,"max_hp_loss":0,"event_name":"The Cleric","floor":2,"gold_loss":50},{"damage_healed":0,"gold_gain":0,"player_choice":"Ignored","damage_taken":65,"max_hp_gain":0,"max_hp_loss":0,"event_name":"betterThird:BetterSerpent","floor":3,"gold_loss":0},{"damage_healed":0,"gold_gain":0,"cards_transformed":["Strike_R"],"player_choice":"Transformed","damage_taken":0,"max_hp_gain":0,"max_hp_loss":0,"event_name":"Transmorgrifier","floor":4,"gold_loss":0,"cards_obtained":["Exhume"]},{"damage_healed":0,"gold_gain":0,"player_choice":"Upgraded","damage_taken":0,"max_hp_gain":0,"max_hp_loss":0,"event_name":"Upgrade Shrine","floor":11,"gold_loss":0,"cards_upgraded":["Wild Strike"]},{"cards_removed":["Limit Break"],"damage_healed":0,"gold_gain":0,"player_choice":"Take \u0026 Give","damage_taken":0,"max_hp_gain":0,"max_hp_loss":0,"event_name":"betterNote:BetterNote","floor":19,"gold_loss":0,"cards_obtained":["Double Tap"]},{"damage_healed":0,"gold_gain":0,"player_choice":"Upgraded","damage_taken":0,"max_hp_gain":0,"max_hp_loss":0,"event_name":"Upgrade Shrine","floor":21,"gold_loss":0,"cards_upgraded":["Limit Break"]},{"damage_healed":0,"gold_gain":0,"player_choice":"Obtain J.A.X.","damage_taken":0,"max_hp_gain":0,"max_hp_loss":0,"event_name":"Drug Dealer","floor":25,"gold_loss":0,"cards_obtained":["J.A.X."]},{"damage_healed":0,"gold_gain":0,"player_choice":"Simplicity","damage_taken":0,"max_hp_gain":0,"max_hp_loss":6,"event_name":"betterThird:BetterWriting","floor":31,"gold_loss":0},{"damage_healed":0,"gold_gain":0,"player_choice":"Fight","damage_taken":0,"max_hp_gain":0,"max_hp_loss":0,"event_name":"Mysterious Sphere","floor":36,"gold_loss":0},{"damage_healed":0,"gold_gain":0,"player_choice":"Fight","damage_taken":0,"max_hp_gain":0,"max_hp_loss":0,"event_name":"MindBloom","floor":39,"gold_loss":0}],"is_beta":false,"boss_relics":[{"not_picked":["Runic Cube","SacredBark"],"picked":"SlaversCollar"},{"not_picked":["Calling Bell","Busted Crown"],"picked":"Mark of Pain"}],"items_purged_floors":[20,38],"is_endless":false,"potions_floor_spawned":[1,7,13,14,16,18,22,23,29,33,35,36,37,39,41,45,46,48],"ascension_level":4}}