{"host":"i09pxcjttd31eh4q","time":1613480980,"event":{"mods":["AchievementEnabler","BaseMod","Colored Map","Keyboard Shortcuts","Minty Spire (QoL Compilation)","StSLib","SuperFastMode"],"gold_per_floor":[115,115,40,40,57,57,82,98,177,194,194,223,148,165,165,165,165],"floor_reached":16,"language":"KOR","playtime":322,"items_purged":["Decay"],"score":200,"play_id":"ce7488d6-97a3-4d9d-9a4e-d262661807e5","local_time":"20210216220940","is_ascension_mode":true,"campfire_choices":[{"data":"Neutralize","floor":6.0,"key":"SMITH"},{"data":"Tactician","floor":15,"key":"SMITH"}],"circlet_count":0,"master_deck":["AscendersBane","Strike_G","Strike_G","Strike_G","Strike_G","Defend_G","Defend_G","Defend_G","Defend_G","Defend_G+1","Survivor","Neutralize+1","Adrenaline","Dagger Spray+1","Acrobatics","Footwork","Quick Slash","Tactician+1","Grand Finale"],"relics":["Ring of the Snake","Pen Nib","Mummified Hand","Odd Mushroom"],"acts_visited":["Exordium"],"potions_floor_usage":[7,14,14,16],"damage_taken":[{"damage":26.0,"enemies":"Jaw Worm","floor":1.0,"turns":10.0},{"damage":4.0,"enemies":"Small Slimes","floor":5.0,"turns":4.0},{"damage":6,"enemies":"Gremlin Nob","floor":7,"turns":3},{"damage":4,"enemies":"Cultist","floor":8,"turns":3},{"damage":0,"enemies":"Gremlin Gang","floor":10,"turns":1},{"damage":1,"enemies":"The Mushroom Lair","floor":12,"turns":3},{"damage":0,"enemies":"Large Slime","floor":14,"turns":5},{"damage":0,"enemies":"Slime Boss","floor":16,"turns":3}],"seed_played":"6567352515938905205","potions_obtained":[{"floor":1.0,"key":"FearPotion"},{"floor":5.0,"key":"SpeedPotion"},{"floor":7,"key":"SneckoOil"},{"floor":14,"key":"ColorlessPotion"}],"is_trial":false,"path_per_floor":["M","?","$","?","M","R","E","M","T","M","?","?","?","M","R","B"],"character_chosen":"THE_SILENT","items_purchased":[],"campfire_rested":0,"item_purchase_floors":[],"current_hp_per_floor":[33,13,13,18,14,14,8,4,4,4,4,3,3,3,3,3,3],"gold":165,"neow_bonus":"THREE_RARE_CARDS","is_daily":false,"chose_seed":false,"campfire_upgraded":2,"win_rate":0.0,"timestamp":1613480980,"path_taken":["M","?","$","?","M","R","E","?","T","M","?","?","?","M","R","BOSS"],"items_purchased_type":[],"build_version":"2020-12-22","purchased_purges":1,"victory":false,"max_hp_per_floor":[66,66,66,71,71,71,71,71,71,71,71,71,71,71,71,71,71],"card_choices":[{"not_picked":["Die Die Die","Tools of the Trade"],"picked":"Adrenaline","floor":0.0},{"not_picked":["Flying Knee","Riddle With Holes"],"picked":"Dagger Spray","floor":1.0},{"not_picked":["Dodge and Roll","Flying Knee"],"picked":"Acrobatics","floor":5.0},{"not_picked":["Wraith Form v2","Dagger Spray"],"picked":"Footwork","floor":7},{"not_picked":["PiercingWail","Flying Knee"],"picked":"Quick Slash","floor":8},{"not_picked":["Backflip","Dodge and Roll"],"picked":"Tactician","floor":10},{"not_picked":["Deflect","PiercingWail"],"picked":"Grand Finale","floor":14}],"player_experience":912463,"relics_obtained":[{"floor":7,"key":"Pen Nib"},{"floor":9,"key":"Mummified Hand"},{"floor":12,"key":"Odd Mushroom"}],"event_choices":[{"damage_healed":0.0,"max_hp_gain":0.0,"max_hp_loss":0.0,"gold_gain":0.0,"event_name":"Shining Light","player_choice":"Entered Light","floor":2.0,"gold_loss":0.0,"damage_taken":20.0,"cards_upgraded":["Dagger Spray","Defend_G"]},{"damage_healed":0.0,"max_hp_gain":5.0,"max_hp_loss":0.0,"gold_gain":0.0,"event_name":"Big Fish","player_choice":"Donut","floor":4.0,"gold_loss":0.0,"damage_taken":0.0},{"damage_healed":0,"gold_gain":0,"player_choice":"Ignored","damage_taken":0,"max_hp_gain":0,"max_hp_loss":0,"event_name":"Liars Game","floor":11,"gold_loss":0},{"damage_healed":0,"gold_gain":0,"player_choice":"Fought Mushrooms","damage_taken":0,"max_hp_gain":0,"max_hp_loss":0,"event_name":"Mushrooms","floor":12,"gold_loss":0},{"cards_removed":["Strike_G"],"damage_healed":0,"gold_gain":0,"player_choice":"Card Removal","damage_taken":0,"max_hp_gain":0,"max_hp_loss":0,"event_name":"The Cleric","floor":13,"gold_loss":75}],"is_beta":false,"boss_relics":[],"items_purged_floors":[3],"is_endless":false,"potions_floor_spawned":[1,5,7,14],"killed_by":"Slime Boss","ascension_level":20}}