{"host":"r6lqs70fdfl5jnjl","time":1613473354,"event":{"mods":["Act Like it!","BaseMod","Gensokyo","Marisa£®ÏF”Í°°ƒß¿Ì…≥£©","Minty Spire (QoL Compilation)","StSLib","Yakumo Yukari mod"],"gold_per_floor":[110,130,80,80,98,98,121,296,368,406,429,429,429,452,452,578,578,597,597,597,522,543,543,133,169,169,169,210,210,210,231,231,357,357,376,58,58,118,1117,1117,1133,1171,1195,1220,1238,402,421,421,421,421,421,421,126,166,166],"floor_reached":56,"language":"ZHS","playtime":2831,"items_purged":["Doubt","Defend_MRS","Strike_MRS"],"score":1238,"play_id":"65f8727e-732a-4930-a856-9d73399f96d5","local_time":"20210216190234","is_ascension_mode":false,"campfire_choices":[{"data":"UpSweep","floor":6.0,"key":"SMITH"},{"data":"EnergyFlow","floor":12.0,"key":"SMITH"},{"data":"ChargingUp","floor":15.0,"key":"SMITH"},{"data":"MillisecondPulsars","floor":23.0,"key":"SMITH"},{"data":"EarthLightRay","floor":27.0,"key":"SMITH"},{"data":"LuminesStrike","floor":30.0,"key":"SMITH"},{"data":"MilkyWay","floor":32.0,"key":"SMITH"},{"floor":40.0,"key":"RECALL"},{"data":"BinaryStars","floor":49.0,"key":"SMITH"},{"data":"EventHorizon","floor":52.0,"key":"SMITH"}],"circlet_count":0,"master_deck":["Strike_MRS","Strike_MRS","Defend_MRS","Defend_MRS","Defend_MRS","MasterSpark+1","UpSweep+1","SporeBomb","ChargingUp+1","GrandCross","EarthLightRay+1","OrrerysSun+1","EnergyFlow+1","DeepEcoloBomb","MillisecondPulsars+1","UnstableBomb+1","EventHorizon+1","LuminesStrike+1","MilkyWay+1","BinaryStars+1","Acceleration","Good Instincts","SporeBomb+1","PowerUp+1","EarthLightRay+1","EnergyFlow+1","Master of Strategy","SprinkleStarSeal+1","MaximisePower"],"relics":["MiniHakkero","Golden Idol","InkBottle","MealTicket","Busted Crown","MutagenicStrength","SimpleLauncher","Blood Vial","Boot","CultistMask","Sozu","Bag of Preparation","Omamori","Girya","StoneCalendar","Toy Ornithopter","HandmadeGrimoire","Nunchaku","DollysMirror","Incense Burner","Bottled Lightning"],"acts_visited":["Exordium","TheCity","TheBeyond","TheEnding"],"potions_floor_usage":[55,55],"damage_taken":[{"damage":8.0,"enemies":"Jaw Worm","floor":1.0,"turns":3.0},{"damage":3.0,"enemies":"Small Slimes","floor":2.0,"turns":3.0},{"damage":0.0,"enemies":"2 Louse","floor":5.0,"turns":2.0},{"damage":11.0,"enemies":"Exordium Thugs","floor":7.0,"turns":3.0},{"damage":31.0,"enemies":"Lagavulin","floor":10.0,"turns":6.0},{"damage":0.0,"enemies":"Large Slime","floor":11.0,"turns":4.0},{"damage":1.0,"enemies":"Looter","floor":14.0,"turns":2.0},{"damage":11.0,"enemies":"Slime Boss","floor":16.0,"turns":6.0},{"damage":17.0,"enemies":"3 Byrds","floor":18.0,"turns":6.0},{"damage":15.0,"enemies":"2 Thieves","floor":22.0,"turns":2.0},{"damage":17.0,"enemies":"Gremlin Leader","floor":25.0,"turns":6.0},{"damage":18.0,"enemies":"Book of Stabbing","floor":28.0,"turns":3.0},{"damage":0.0,"enemies":"Snake Plant","floor":31.0,"turns":3.0},{"damage":1.0,"enemies":"Collector","floor":33.0,"turns":7.0},{"damage":28.0,"enemies":"3 Shapes","floor":35.0,"turns":3.0},{"damage":31.0,"enemies":"2 Orb Walkers","floor":38.0,"turns":3.0},{"damage":9.0,"enemies":"3 Darklings","floor":41.0,"turns":3.0},{"damage":7.0,"enemies":"Giant Head","floor":42.0,"turns":2.0},{"damage":5.0,"enemies":"Writhing Mass","floor":44.0,"turns":2.0},{"damage":0.0,"enemies":"4 Shapes","floor":45.0,"turns":2.0},{"damage":0.0,"enemies":"Transient","floor":47.0,"turns":5.0},{"damage":34.0,"enemies":"Donu and Deca","floor":50.0,"turns":5.0},{"damage":36.0,"enemies":"Shield and Spear","floor":54.0,"turns":3.0},{"damage":51,"enemies":"The Heart","floor":55,"turns":6}],"seed_played":"-6054153926632161011","potions_obtained":[{"floor":7.0,"key":"DistilledChaos"},{"floor":11.0,"key":"Weak Potion"},{"floor":16.0,"key":"Weak Potion"},{"floor":22.0,"key":"PowerPotion"},{"floor":25.0,"key":"Dexterity Potion"},{"floor":33.0,"key":"PowerPotion"}],"is_trial":false,"path_per_floor":["M","M","?","?","M","R","M","?","T","E","M","R","?","M","R","B",null,"M","?","?","$","M","R","$","E","T","R","E","?","R","M","R","B",null,"M","$","?","?","?","R","M","E","T","M","M","$","M","?","R","B",null,"R","$","E","B",null],"character_chosen":"MARISA","items_purchased":["SimpleLauncher","Acceleration","Bag of Preparation","Omamori","HandmadeGrimoire","Nunchaku","DollysMirror","Master of Strategy","Incense Burner"],"campfire_rested":0,"item_purchase_floors":[24,36,36,36,46,46,46,46,53],"current_hp_per_floor":[74,71,71,71,71,71,60,60,60,33,37,37,22,25,25,18,76,59,59,59,74,59,59,74,61,61,61,51,51,51,59,59,66,76,54,69,69,40,40,40,39,40,40,37,45,60,62,62,62,42,76,76,76,46,13],"gold":166,"neow_bonus":"TEN_PERCENT_HP_BONUS","is_daily":false,"chose_seed":false,"campfire_upgraded":9,"win_rate":0.0,"timestamp":1613473354,"path_taken":["M","M","?","?","M","R","M","?","T","E","M","R","?","M","R","BOSS","M","?","?","$","?","R","$","E","T","R","E","?","R","M","R","BOSS","M","$","?","?","?","R","M","E","T","M","M","$","M","?","R","BOSS","R","$","E","BOSS"],"items_purchased_type":["Relic","Card","Relic","Relic","Relic","Relic","Relic","Card","Relic"],"build_version":"2020-12-22","purchased_purges":3,"victory":true,"max_hp_per_floor":[82,82,82,76,76,76,76,76,76,76,76,76,76,76,76,76,76,76,76,76,76,76,76,76,76,76,76,76,76,76,76,76,76,76,76,76,76,76,76,76,76,76,76,76,76,76,76,76,76,76,76,76,76,76,76],"card_choices":[{"not_picked":["GravityBeat","GalacticHalo"],"picked":"SporeBomb","floor":1.0},{"not_picked":["ShootingEcho","WitchLeyline"],"picked":"ChargingUp","floor":2.0},{"not_picked":["MeteoricShower","DarkMatter"],"picked":"GrandCross","floor":5.0},{"not_picked":["IllusionStar","Robbery"],"picked":"EarthLightRay","floor":7.0},{"not_picked":["NonDirectionalLaser","GrandCross"],"picked":"OrrerysSun","floor":10.0},{"not_picked":["StarlightTyphoon","Acceleration"],"picked":"EnergyFlow","floor":11.0},{"not_picked":["NonDirectionalLaser","AsteroidBelt"],"picked":"DeepEcoloBomb","floor":14.0},{"not_picked":["CasketOfStar","BlazingStar"],"picked":"MillisecondPulsars","floor":16.0},{"not_picked":[],"picked":"UnstableBomb+1","floor":18.0},{"not_picked":["ShootingEcho"],"picked":"SKIP","floor":22.0},{"not_picked":[],"picked":"EventHorizon","floor":25.0},{"not_picked":[],"picked":"LuminesStrike","floor":28.0},{"not_picked":[],"picked":"MilkyWay","floor":31.0},{"not_picked":[],"picked":"BinaryStars","floor":33.0},{"not_picked":["SporeBomb"],"picked":"SKIP","floor":35.0},{"not_picked":[],"picked":"Good Instincts","floor":37.0},{"not_picked":[],"picked":"SporeBomb+1","floor":38.0},{"not_picked":[],"picked":"PowerUp+1","floor":41.0},{"not_picked":["BlazeAway"],"picked":"SKIP","floor":42.0},{"not_picked":[],"picked":"EarthLightRay+1","floor":44.0},{"not_picked":["MysteriousBeam+1"],"picked":"SKIP","floor":45.0},{"not_picked":[],"picked":"SprinkleStarSeal+1","floor":47.0},{"not_picked":[],"picked":"MaximisePower","floor":54.0}],"player_experience":56565,"relics_obtained":[{"floor":9.0,"key":"InkBottle"},{"floor":10.0,"key":"MealTicket"},{"floor":25.0,"key":"Blood Vial"},{"floor":28.0,"key":"Boot"},{"floor":38.0,"key":"Girya"},{"floor":42.0,"key":"StoneCalendar"},{"floor":43.0,"key":"Toy Ornithopter"},{"floor":54.0,"key":"Bottled Lightning"}],"event_choices":[{"cards_removed":["Strike_MRS"],"damage_healed":0.0,"max_hp_gain":0.0,"max_hp_loss":0.0,"gold_gain":0.0,"event_name":"The Cleric","player_choice":"Card Removal","floor":3.0,"gold_loss":50.0,"damage_taken":0.0},{"damage_healed":0.0,"max_hp_gain":0.0,"max_hp_loss":6.0,"gold_gain":0.0,"event_name":"Golden Idol","player_choice":"Lose Max HP","floor":4.0,"gold_loss":0.0,"damage_taken":0.0,"relics_obtained":["Golden Idol"]},{"damage_healed":0.0,"max_hp_gain":0.0,"max_hp_loss":0.0,"gold_gain":175.0,"event_name":"Liars Game","player_choice":"AGREE","floor":8.0,"gold_loss":0.0,"damage_taken":0.0,"cards_obtained":["Doubt"]},{"damage_healed":0.0,"max_hp_gain":0.0,"max_hp_loss":0.0,"gold_gain":0.0,"event_name":"Shining Light","player_choice":"Entered Light","floor":13.0,"gold_loss":0.0,"damage_taken":15.0,"cards_upgraded":["OrrerysSun","MasterSpark"]},{"damage_healed":0.0,"max_hp_gain":0.0,"max_hp_loss":0.0,"gold_gain":0.0,"event_name":"Drug Dealer","player_choice":"Inject Mutagens","floor":19.0,"gold_loss":0.0,"damage_taken":0.0,"relics_obtained":["MutagenicStrength"]},{"damage_healed":0.0,"max_hp_gain":0.0,"max_hp_loss":0.0,"gold_gain":0.0,"event_name":"Ghosts","player_choice":"Ignored","floor":20.0,"gold_loss":0.0,"damage_taken":0.0},{"damage_healed":0.0,"max_hp_gain":0.0,"max_hp_loss":0.0,"gold_gain":0.0,"event_name":"FaceTrader","player_choice":"Trade","floor":29.0,"gold_loss":0.0,"damage_taken":0.0,"relics_obtained":["CultistMask"]},{"damage_healed":0.0,"max_hp_gain":0.0,"max_hp_loss":0.0,"gold_gain":0.0,"event_name":"SensoryStone","player_choice":"Memory 1","floor":37.0,"gold_loss":0.0,"damage_taken":0.0},{"damage_healed":0.0,"max_hp_gain":0.0,"max_hp_loss":0.0,"gold_gain":0.0,"event_name":"Mysterious Sphere","player_choice":"Fight","floor":38.0,"gold_loss":0.0,"damage_taken":0.0},{"damage_healed":0.0,"max_hp_gain":0.0,"max_hp_loss":0.0,"gold_gain":999.0,"event_name":"MindBloom","player_choice":"Gold","floor":39.0,"gold_loss":0.0,"damage_taken":0.0,"cards_obtained":["Normality","Normality"]},{"damage_healed":0.0,"max_hp_gain":0.0,"max_hp_loss":0.0,"gold_gain":0.0,"event_name":"The Moai Head","player_choice":"Ignored","floor":48.0,"gold_loss":0.0,"damage_taken":0.0}],"is_beta":false,"boss_relics":[{"not_picked":["Philosopher\u0027s Stone","Snecko Eye"],"picked":"Busted Crown"},{"not_picked":["SacredBark","BewitchedHakkero"],"picked":"Sozu"}],"items_purged_floors":[21,24,46],"is_endless":false,"potions_floor_spawned":[7,11,16,22,25,33,38,47,54],"ascension_level":0}}