{"host":"sc0o2qwpf9j16a4i","time":1613485333,"event":{"mods":["AchievementEnabler","BaseMod","BetterRewards","Block Reminder","Colored Map","Colored Powertips","Custom Start","Highlight Path","Minty Spire (QoL Compilation)","Relic Stats"],"gold_per_floor":[115,131,131,131,151,184,202,246,246,430,478,478,35,58,58,187,259,324,20,54,63,116,183,228,278,302,311,261,270,294,338,338,338,338],"floor_reached":33,"language":"ENG","playtime":1077,"items_purged":[],"score":438,"play_id":"188f6da7-08e0-48f0-a5a6-198164b2ff4d","local_time":"20210216162213","daily_mods":["Draft","Colorless Cards","Lethality"],"is_ascension_mode":false,"campfire_choices":[{"data":"Worship","floor":12,"key":"SMITH"},{"floor":15,"key":"DIG"},{"floor":32,"key":"REST"}],"circlet_count":0,"master_deck":["Evaluate","SashWhip","ThirdEye","Prostrate","Wireheading","Worship+1","CrushJoints","Deep Breath","EmptyFist","WaveOfTheHand+1","Consecrate+1","DeceiveReality+1","ClearTheMind","InnerPeace","BowlingBash","Discovery","Injury","CutThroughFate","Halt","Wallop","SandsOfTime","Doubt","TalkToTheHand","Dark Shackles","EmptyBody","HandOfGreed","Tantrum","Wallop","Evaluate+1","WaveOfTheHand","CarveReality+1","Crescendo","Bite","Bite","Bite","Bite","Bite","ClearTheMind+1","TalkToTheHand","Writhe","Panache+1","Protect"],"relics":["PureWater","Golden Idol","Juzu Bracelet","Matryoshka","CeramicFish","Frozen Egg 2","Bag of Marbles","Shovel","Strawberry","Tiny House","Sling","Oddly Smooth Stone","CloakClasp","MealTicket","Tiny Chest","Orichalcum","Nunchaku"],"acts_visited":["Exordium","TheCity"],"potions_floor_usage":[8,16,18,23,23,31,31,33],"damage_taken":[{"damage":6,"enemies":"2 Louse","floor":1,"turns":2},{"damage":0,"enemies":"Small Slimes","floor":2,"turns":1},{"damage":0,"enemies":"Cultist","floor":5,"turns":2},{"damage":11,"enemies":"Gremlin Nob","floor":6,"turns":3},{"damage":0,"enemies":"Exordium Wildlife","floor":7,"turns":3},{"damage":0,"enemies":"3 Sentries","floor":8,"turns":5},{"damage":0,"enemies":"Large Slime","floor":14,"turns":2},{"damage":12,"enemies":"Hexaghost","floor":16,"turns":9},{"damage":15,"enemies":"2 Thieves","floor":18,"turns":4},{"damage":15,"enemies":"Spheric Guardian","floor":20,"turns":4},{"damage":0,"enemies":"Cultist and Chosen","floor":22,"turns":4},{"damage":17,"enemies":"Slavers","floor":23,"turns":4},{"damage":24,"enemies":"Book of Stabbing","floor":25,"turns":3},{"damage":12,"enemies":"Snake Plant","floor":30,"turns":3},{"damage":0,"enemies":"Slavers","floor":31,"turns":1},{"damage":77,"enemies":"Automaton","floor":33,"turns":10}],"seed_played":"-6206949357291820655","potions_obtained":[{"floor":2,"key":"Weak Potion"},{"floor":6,"key":"StancePotion"},{"floor":7,"key":"SteroidPotion"},{"floor":14,"key":"Ambrosia"},{"floor":16,"key":"Explosive Potion"},{"floor":17,"key":"ColorlessPotion"},{"floor":22,"key":"SteroidPotion"},{"floor":23,"key":"SteroidPotion"},{"floor":31,"key":"Ambrosia"}],"is_trial":true,"path_per_floor":["M","M","?","?","M","E","M","E","T","?","T","R","$","M","R","B",null,"M","$","M","?","M","E","?","E","T","?","?","?","M","E","R","B"],"character_chosen":"WATCHER","items_purchased":["TalkToTheHand","Shovel","Dark Shackles","Sling","Oddly Smooth Stone"],"campfire_rested":1,"item_purchase_floors":[13,13,13,19,19],"current_hp_per_floor":[66,66,52,52,52,41,41,41,41,41,41,41,41,43,50,40,84,69,69,56,56,58,43,43,21,21,21,21,21,11,13,38,0,0],"gold":338,"neow_bonus":"","is_daily":false,"chose_seed":false,"campfire_upgraded":1,"win_rate":0.0,"timestamp":1613485333,"path_taken":["M","M","?","?","M","E","M","E","T","?","?","R","$","M","R","BOSS","M","$","M","?","M","E","?","E","T","?","?","?","M","E","R","BOSS"],"items_purchased_type":["Card","Relic","Card","Relic","Relic"],"build_version":"2020-12-22","purchased_purges":0,"victory":false,"max_hp_per_floor":[72,72,72,72,72,72,72,72,72,72,72,72,72,72,79,79,84,84,84,84,84,84,84,84,84,84,84,84,84,84,84,84,84,84],"relic_stats":{"Nunchaku":[2],"Shovel":1,"counters":[16,60],"Golden Idol":103,"CeramicFish":189,"MealTicket":0,"Tiny Chest":0,"Juzu Bracelet":3,"CloakClasp":[31],"Orichalcum":[6],"obtain_stats":[{"Tiny House":17,"Golden Idol":4,"CeramicFish":9,"Oddly Smooth Stone":19,"Juzu Bracelet":6,"CloakClasp":23,"Frozen Egg 2":9,"Orichalcum":29,"Sling":19,"Blood Vial":11,"Nunchaku":31,"Matryoshka":8,"Shovel":13,"Strawberry":15,"MealTicket":25,"Tiny Chest":26,"Bag of Marbles":11,"PureWater":0},{"Tiny House":8,"Golden Idol":2,"CeramicFish":6,"Oddly Smooth Stone":9,"Juzu Bracelet":4,"CloakClasp":12,"Frozen Egg 2":6,"Orichalcum":13,"Sling":9,"Blood Vial":6,"Nunchaku":15,"Matryoshka":6,"Shovel":6,"Strawberry":7,"MealTicket":13,"Tiny Chest":13,"Bag of Marbles":6,"PureWater":0},{"Tiny House":27,"Golden Idol":3,"CeramicFish":16,"Oddly Smooth Stone":31,"Juzu Bracelet":8,"CloakClasp":43,"Frozen Egg 2":16,"Orichalcum":46,"Sling":31,"Blood Vial":16,"Nunchaku":50,"Matryoshka":16,"Shovel":16,"Strawberry":18,"MealTicket":46,"Tiny Chest":46,"Bag of Marbles":16,"PureWater":0}]},"card_choices":[{"not_picked":["Indignation","Impatience"],"picked":"Evaluate","floor":0},{"not_picked":["BowlingBash","JustLucky"],"picked":"SashWhip","floor":0},{"not_picked":["Halt","Nirvana"],"picked":"ThirdEye","floor":0},{"not_picked":["WheelKick","LikeWater"],"picked":"Prostrate","floor":0},{"not_picked":["FlyingSleeves","Evaluate"],"picked":"Wireheading","floor":0},{"not_picked":["Crescendo","Mind Blast"],"picked":"Worship","floor":0},{"not_picked":["Fasting2","FlyingSleeves"],"picked":"CrushJoints","floor":0},{"not_picked":["Dramatic Entrance","Halt"],"picked":"Deep Breath","floor":0},{"not_picked":["WaveOfTheHand","CrushJoints"],"picked":"EmptyFist","floor":0},{"not_picked":["JustLucky","Forethought"],"picked":"WaveOfTheHand","floor":0},{"not_picked":["Crescendo","SignatureMove"],"picked":"Consecrate","floor":0},{"not_picked":["CrushJoints","PathToVictory"],"picked":"DeceiveReality","floor":0},{"not_picked":["ThirdEye","BowlingBash"],"picked":"ClearTheMind","floor":0},{"not_picked":["FlyingSleeves","Deep Breath"],"picked":"Swivel","floor":0},{"not_picked":["FlyingSleeves","SashWhip"],"picked":"InnerPeace","floor":0},{"not_picked":["Trip","WindmillStrike"],"picked":"BowlingBash","floor":1},{"not_picked":["Consecrate","ClearTheMind"],"picked":"Discovery","floor":2},{"not_picked":["CrushJoints","EmptyFist"],"picked":"CutThroughFate","floor":5},{"not_picked":["Adaptation","Metamorphosis"],"picked":"Halt","floor":6},{"not_picked":["ClearTheMind","EmptyMind"],"picked":"Wallop","floor":7},{"not_picked":["EmptyFist","SignatureMove"],"picked":"SandsOfTime","floor":8},{"not_picked":["CrushJoints","SashWhip"],"picked":"EmptyBody","floor":14},{"not_picked":["ConjureBlade","Alpha"],"picked":"HandOfGreed","floor":16},{"not_picked":["EmptyBody","Consecrate"],"picked":"Tantrum","floor":17},{"not_picked":["PathToVictory","Evaluate"],"picked":"Wallop","floor":18},{"not_picked":["Finesse","Consecrate"],"picked":"Evaluate+1","floor":20},{"not_picked":["Panacea","Evaluate"],"picked":"CarveReality+1","floor":22},{"not_picked":["BowlingBash","WaveOfTheHand"],"picked":"Crescendo","floor":23},{"not_picked":["Crescendo","Good Instincts"],"picked":"ClearTheMind+1","floor":25},{"not_picked":["Flash of Steel","ClearTheMind"],"picked":"Panache+1","floor":30},{"not_picked":["BowlingBash+1","Consecrate"],"picked":"Protect","floor":31}],"player_experience":1444644,"relics_obtained":[{"floor":6,"key":"Juzu Bracelet"},{"floor":8,"key":"Matryoshka"},{"floor":9,"key":"CeramicFish"},{"floor":9,"key":"Frozen Egg 2"},{"floor":11,"key":"Bag of Marbles"},{"floor":11,"key":"Blood Vial"},{"floor":15,"key":"Strawberry"},{"floor":23,"key":"CloakClasp"},{"floor":25,"key":"MealTicket"},{"floor":26,"key":"Tiny Chest"},{"floor":31,"key":"Nunchaku"}],"event_choices":[{"damage_healed":0,"gold_gain":0,"player_choice":"Entered Light","damage_taken":14,"max_hp_gain":0,"max_hp_loss":0,"event_name":"Shining Light","floor":3,"gold_loss":0,"cards_upgraded":["Consecrate","DeceiveReality"]},{"damage_healed":0,"gold_gain":0,"player_choice":"Take Wound","damage_taken":0,"relics_obtained":["Golden Idol"],"max_hp_gain":0,"max_hp_loss":0,"event_name":"Golden Idol","floor":4,"gold_loss":0,"cards_obtained":["Injury"]},{"damage_healed":0,"gold_gain":175,"player_choice":"AGREE","damage_taken":0,"max_hp_gain":0,"max_hp_loss":0,"event_name":"Liars Game","floor":10,"gold_loss":0,"cards_obtained":["Doubt"]},{"damage_healed":0,"gold_gain":0,"cards_transformed":["Swivel"],"player_choice":"Transformed","damage_taken":0,"max_hp_gain":0,"max_hp_loss":0,"event_name":"Transmorgrifier","floor":21,"gold_loss":0,"cards_obtained":["WaveOfTheHand"]},{"damage_healed":0,"gold_gain":0,"player_choice":"Became a vampire (Vial)","damage_taken":0,"max_hp_gain":0,"max_hp_loss":0,"event_name":"Vampires","floor":24,"relics_lost":["Blood Vial"],"gold_loss":0,"cards_obtained":["Bite","Bite","Bite","Bite","Bite"]},{"damage_healed":0,"gold_gain":0,"player_choice":"Copied","damage_taken":0,"max_hp_gain":0,"max_hp_loss":0,"event_name":"Duplicator","floor":27,"gold_loss":0,"cards_obtained":["TalkToTheHand"]},{"damage_healed":0,"gold_gain":0,"player_choice":"Bet on Murderer","damage_taken":0,"max_hp_gain":0,"max_hp_loss":0,"event_name":"The Joust","floor":28,"gold_loss":50},{"damage_healed":0,"gold_gain":0,"player_choice":"Opened","damage_taken":0,"relics_obtained":["Orichalcum"],"max_hp_gain":0,"max_hp_loss":0,"event_name":"The Mausoleum","floor":29,"gold_loss":0,"cards_obtained":["Writhe"]}],"is_beta":false,"boss_relics":[{"not_picked":["Astrolabe","Runic Pyramid"],"picked":"Tiny House"}],"items_purged_floors":[],"is_endless":false,"potions_floor_spawned":[2,6,7,14,16,22,23,31],"killed_by":"Automaton","ascension_level":0}}