{"host":"c6xy0a74zz7y4nf6","time":1613451177,"event":{"mods":["BaseMod","Minty Spire (QoL Compilation)","StSLib","The Death Knight","The Exalted"],"gold_per_floor":[115,40,54,73,91,126,126,160,241,251,9,9,9,0,0,104,104,124,140,150,161,161,161],"floor_reached":22,"language":"ENG","playtime":1510,"items_purged":["DeathKnight:Strike_DeathKnight"],"score":208,"play_id":"29a1be12-cb11-475a-8960-cb633ca5bd6e","local_time":"20210215225256","is_ascension_mode":true,"campfire_choices":[{"floor":7,"key":"REST"},{"floor":12,"key":"REST"},{"floor":15,"key":"REST"}],"circlet_count":0,"master_deck":["DeathKnight:Strike_DeathKnight","DeathKnight:Strike_DeathKnight","DeathKnight:Strike_DeathKnight","DeathKnight:Strike_DeathKnight","DeathKnight:Defend_DeathKnight","DeathKnight:Defend_DeathKnight","DeathKnight:Defend_DeathKnight","DeathKnight:Defend_DeathKnight","DeathKnight:Defend_DeathKnight","DeathKnight:RuneTap","DeathKnight:RuneStrike","Trip","DeathKnight:Contagion","DeathKnight:Rot","DeathKnight:Runesurge","DeathKnight:IcyTouch+1","DeathKnight:DeathStrike","DeathKnight:HowlingBlast+1","Parasite","DeathKnight:Pestilence","DeathKnight:RunicCorruption","DeathKnight:FrosPresence"],"relics":["DeathKnight:BrokenRuneblade","DeathKnight:TomeOfFrostSpecialization","DeathKnight:LightbringersTabard","DeathKnight:LanathelsBloodyNail","Bromod:ArcaneGrace"],"acts_visited":["Exordium","TheCity"],"potions_floor_usage":[5,6,16,16,16,16,16,16,21],"damage_taken":[{"damage":0,"enemies":"Cultist","floor":1,"turns":2},{"damage":8,"enemies":"Small Slimes","floor":3,"turns":3},{"damage":1,"enemies":"Jaw Worm","floor":4,"turns":4},{"damage":2,"enemies":"3 Louse","floor":5,"turns":4},{"damage":55,"enemies":"Gremlin Nob","floor":6,"turns":6},{"damage":19,"enemies":"Lagavulin","floor":8,"turns":6},{"damage":11,"enemies":"Exordium Wildlife","floor":10,"turns":6},{"damage":34,"enemies":"Hexaghost","floor":16,"turns":5},{"damage":28,"enemies":"Chosen","floor":18,"turns":5},{"damage":29,"enemies":"Spheric Guardian","floor":19,"turns":5},{"damage":28,"enemies":"Centurion and Healer","floor":20,"turns":5},{"damage":30,"enemies":"Cultist and Chosen","floor":21,"turns":6},{"damage":23,"enemies":"Snake Plant","floor":22,"turns":2}],"seed_played":"4364049428241987188","potions_obtained":[{"floor":3,"key":"AttackPotion"},{"floor":4,"key":"Swift Potion"},{"floor":10,"key":"FearPotion"},{"floor":18,"key":"BlessingOfTheForge"}],"is_trial":false,"path_per_floor":["M","$","M","M","M","E","R","E","T","M","$","R","?","?","R","B",null,"M","M","M","M","M"],"character_chosen":"DEATH_KNIGHT","items_purchased":["DeathKnight:HowlingBlast+1","EntropicBrew","DeathKnight:VirulencePotion"],"campfire_rested":3,"item_purchase_floors":[11,11,11],"current_hp_per_floor":[75,75,67,66,64,9,31,12,12,1,1,23,41,41,63,29,75,61,44,32,19,0,0],"gold":161,"neow_bonus":"RANDOM_COLORLESS","is_daily":false,"chose_seed":false,"campfire_upgraded":0,"win_rate":0.0,"timestamp":1613451176,"path_taken":["M","?","M","M","M","E","R","E","T","M","$","R","?","?","R","BOSS","M","M","M","M","M"],"items_purchased_type":["Card","Potion","Potion"],"build_version":"2020-12-22","purchased_purges":1,"victory":false,"max_hp_per_floor":[75,75,75,75,75,75,75,75,75,75,75,75,75,75,75,75,75,75,75,75,75,75,75],"card_choices":[{"not_picked":["Bandage Up","Panacea"],"picked":"Trip","floor":0},{"not_picked":["DeathKnight:Culling","DeathKnight:HornOfWinter","DeathKnight:FoulBulwark"],"picked":"SKIP","floor":1},{"not_picked":["DeathKnight:MindFreeze","DeathKnight:DeathCoil"],"picked":"DeathKnight:Contagion","floor":3},{"not_picked":["DeathKnight:IceboundArmor","DeathKnight:Ossuary","DeathKnight:Hysteria"],"picked":"SKIP","floor":4},{"not_picked":["DeathKnight:BladedArmor","DeathKnight:DeathGrip"],"picked":"DeathKnight:Rot","floor":5},{"not_picked":["DeathKnight:DeathGrip","DeathKnight:BoneShield"],"picked":"DeathKnight:Runesurge","floor":6},{"not_picked":["DeathKnight:UnholyPresence","DeathKnight:RaiseAlly"],"picked":"DeathKnight:IcyTouch+1","floor":8},{"not_picked":["DeathKnight:UnholyPresence","DeathKnight:BloodTap"],"picked":"DeathKnight:DeathStrike","floor":10},{"not_picked":["DeathKnight:BludPresence","DeathKnight:UnholyFrenzy"],"picked":"DeathKnight:Pestilence","floor":18},{"not_picked":["DeathKnight:MindFreeze+1","DeathKnight:MarkOfBlood"],"picked":"DeathKnight:RunicCorruption","floor":19},{"not_picked":["DeathKnight:UnholyFrenzy","DeathKnight:FoulBulwark"],"picked":"DeathKnight:FrosPresence","floor":20},{"not_picked":["DeathKnight:Rot","DeathKnight:DeathsAdvance+1","DeathKnight:MutagenicPlague"],"picked":"SKIP","floor":21}],"player_experience":112463,"relics_obtained":[{"floor":6,"key":"DeathKnight:TomeOfFrostSpecialization"},{"floor":8,"key":"DeathKnight:LightbringersTabard"},{"floor":9,"key":"DeathKnight:LanathelsBloodyNail"}],"event_choices":[{"damage_healed":18,"gold_gain":0,"player_choice":"Healed and dodged fight","damage_taken":0,"max_hp_gain":0,"max_hp_loss":0,"event_name":"Mushrooms","floor":13,"gold_loss":0,"cards_obtained":["Parasite"]},{"damage_healed":0,"gold_gain":0,"player_choice":"Left Gold","damage_taken":0,"max_hp_gain":0,"max_hp_loss":0,"event_name":"World of Goop","floor":14,"gold_loss":9}],"is_beta":false,"boss_relics":[{"not_picked":["SacredBark","Busted Crown"],"picked":"Bromod:ArcaneGrace"}],"items_purged_floors":[2],"is_endless":false,"potions_floor_spawned":[3,4,10,18],"killed_by":"Snake Plant","ascension_level":1}}