{"host":"p9vmbvw2hh2n16dn","time":1613478045,"event":{"mods":["AchievementEnabler","BaseMod","Block Reminder","Minty Spire (QoL Compilation)","Relic Stats","SuperFastMode"],"gold_per_floor":[118,131,143,153,166,194,194,228,278,278,258,91,91,124,124,124,124],"floor_reached":16,"language":"ENG","playtime":490,"items_purged":[],"score":234,"play_id":"e7d03fa0-dd0b-4710-9e3e-52292d88560e","local_time":"20210216132045","is_ascension_mode":true,"campfire_choices":[{"floor":7.0,"key":"REST"},{"data":"Whirlwind","floor":10.0,"key":"SMITH"},{"floor":15.0,"key":"REST"}],"circlet_count":0,"master_deck":["AscendersBane","Strike_R","Strike_R","Strike_R","Strike_R","Defend_R","Defend_R","Defend_R","Defend_R","Bash","Twin Strike","Twin Strike","Whirlwind+1","Impervious"],"relics":["Burning Blood","Bottled Flame","Art of War","Bronze Scales","Strange Spoon","Sundial"],"acts_visited":["Exordium"],"potions_floor_usage":[],"damage_taken":[{"damage":4.0,"enemies":"Small Slimes","floor":1.0,"turns":3.0},{"damage":1.0,"enemies":"Cultist","floor":2.0,"turns":3.0},{"damage":2.0,"enemies":"Jaw Worm","floor":3.0,"turns":3.0},{"damage":39.0,"enemies":"Gremlin Gang","floor":4.0,"turns":7.0},{"damage":18.0,"enemies":"3 Louse","floor":5.0,"turns":5.0},{"damage":20.0,"enemies":"Gremlin Nob","floor":6.0,"turns":4.0},{"damage":15.0,"enemies":"3 Sentries","floor":8.0,"turns":6.0},{"damage":25.0,"enemies":"Lagavulin","floor":14.0,"turns":6.0},{"damage":37,"enemies":"Slime Boss","floor":16,"turns":12}],"seed_played":"-7257288991634424891","potions_obtained":[{"floor":1.0,"key":"HeartOfIron"},{"floor":2.0,"key":"PowerPotion"},{"floor":6.0,"key":"SneckoOil"},{"floor":11.0,"key":"Strength Potion"}],"is_trial":false,"path_per_floor":["M","M","M","M","M","E","R","E","T","R","?","$","?","E","R","B"],"character_chosen":"IRONCLAD","items_purchased":["Strange Spoon"],"campfire_rested":2,"item_purchase_floors":[12],"current_hp_per_floor":[70,75,75,42,30,16,38,29,29,29,29,29,29,10,32,0,0],"gold":124,"neow_bonus":"THREE_CARDS","is_daily":false,"chose_seed":false,"campfire_upgraded":1,"win_rate":0.0,"timestamp":1613478045,"path_taken":["M","M","M","M","M","E","R","E","T","R","?","?","?","E","R","BOSS"],"items_purchased_type":["Relic"],"build_version":"2020-12-22","purchased_purges":0,"victory":false,"max_hp_per_floor":[75,75,75,75,75,75,75,75,75,75,75,75,75,75,75,75,75],"relic_stats":{"Strange Spoon":[6],"counters":[9,49],"Sundial":[2],"Bronze Scales":[21],"Art of War":[2],"obtain_stats":[{"Strange Spoon":12,"Bottled Flame":6,"Sundial":14,"Bronze Scales":9,"Art of War":8,"Burning Blood":0},{"Strange Spoon":7,"Bottled Flame":6,"Sundial":8,"Bronze Scales":7,"Art of War":7,"Burning Blood":0},{"Strange Spoon":31,"Bottled Flame":25,"Sundial":37,"Bronze Scales":31,"Art of War":31,"Burning Blood":0}],"Burning Blood":44},"card_choices":[{"not_picked":["Sentinel","Clash"],"picked":"Twin Strike","floor":0.0},{"not_picked":["Infernal Blade","Warcry","Combust"],"picked":"SKIP","floor":1.0},{"not_picked":["Clash","Wild Strike"],"picked":"Twin Strike","floor":2.0},{"not_picked":["Clash","Heavy Blade","Brutality"],"picked":"SKIP","floor":3.0},{"not_picked":["Perfected Strike","Dark Embrace","Clothesline"],"picked":"SKIP","floor":4.0},{"not_picked":["Twin Strike","Warcry"],"picked":"Whirlwind","floor":5.0},{"not_picked":["Berserk","Second Wind"],"picked":"Impervious","floor":6.0},{"not_picked":["Rage","Warcry","Clothesline"],"picked":"SKIP","floor":8.0},{"not_picked":["Cleave","Headbutt","Armaments"],"picked":"SKIP","floor":14.0}],"player_experience":343822,"relics_obtained":[{"floor":6.0,"key":"Bottled Flame"},{"floor":8.0,"key":"Art of War"},{"floor":9.0,"key":"Bronze Scales"},{"floor":14.0,"key":"Sundial"}],"event_choices":[{"damage_healed":0.0,"max_hp_gain":0.0,"max_hp_loss":0.0,"gold_gain":0.0,"event_name":"The Woman in Blue","player_choice":"Bought 1 Potion","floor":11.0,"gold_loss":0.0,"damage_taken":0.0},{"cards_removed":["Strike_R"],"damage_healed":0.0,"max_hp_gain":0.0,"max_hp_loss":0.0,"gold_gain":0.0,"event_name":"Purifier","player_choice":"Purged","floor":13.0,"gold_loss":0.0,"damage_taken":0.0}],"is_beta":false,"boss_relics":[],"items_purged_floors":[],"is_endless":false,"potions_floor_spawned":[1,2,5,6],"killed_by":"Slime Boss","ascension_level":19}}