{"host":"¿à÷økuyou","time":1613474704,"event":{"mods":["ATMod(°¢èªMod)","Act Like it!","BaseMod","BetterRewards","Minty Spire (QoL Compilation)","Quick Restart","StSLib"],"gold_per_floor":[114,129,144,69,69,99,114,114,114,94,94,94,109,109,109,209,209,224,139,409,424,523,553,568,568,593,623,623,723,738,388,388,488,488,503,518,533,533,533,533,533,533,533,563,578,578,578,593,593,593],"floor_reached":51,"language":"ZHS","playtime":1041,"items_purged":["Strike_P","AT_ChampionKick"],"score":788,"play_id":"b3c832f3-c8e8-4a4a-a53c-25bd6f7110a7","local_time":"20210216192504","daily_mods":["Specialized","ControlledChaos","Lethality"],"is_ascension_mode":false,"campfire_choices":[{"floor":12.0,"key":"REST"},{"data":"AT_ChampionKick","floor":15.0,"key":"SMITH"},{"floor":25.0,"key":"REST"},{"floor":28.0,"key":"REST"},{"data":"AT_ChampionKick","floor":32.0,"key":"SMITH"},{"data":"AT_ChampionKick","floor":40.0,"key":"SMITH"},{"floor":46.0,"key":"REST"},{"floor":49,"key":"REST"}],"circlet_count":0,"master_deck":["Strike_P","Strike_P+1","Defend_P","Defend_P","Defend_P","Defend_P","Eruption","Vigilance","AT_FamilyPortrait","AT_ChampionKick+1","AT_ChampionKick+1","AT_ChampionKick+1","AT_ChampionKick","Wallop","AT_ChampionStep","LessonLearned","WheelKick+1","ThirdEye+1","DevaForm+1","Madness","Madness","AT_OneInchPunch+1","Wallop+1","Finesse"],"relics":["PureWater","Frozen Eye","AT_ATBox","Damaru","Pen Nib","Juzu Bracelet","AT_ImmortalShieldbow","Velvet Choker","AT_LudenTempest","Molten Egg 2","PreservedInsect","Ancient Tea Set","Gambling Chip","White Beast Statue","Frozen Egg 2","Sozu","Sundial","AT_ForceNature","Potion Belt"],"acts_visited":["Exordium","TheCity","TheBeyond"],"potions_floor_usage":[],"damage_taken":[{"damage":4.0,"enemies":"Small Slimes","floor":1.0,"turns":3.0},{"damage":14.0,"enemies":"Jaw Worm","floor":2.0,"turns":2.0},{"damage":0.0,"enemies":"Cultist","floor":3.0,"turns":3.0},{"damage":5.0,"enemies":"Gremlin Nob","floor":6.0,"turns":3.0},{"damage":13.0,"enemies":"3 Louse","floor":7.0,"turns":3.0},{"damage":0.0,"enemies":"2 Fungi Beasts","floor":13.0,"turns":3.0},{"damage":27.0,"enemies":"The Guardian","floor":16.0,"turns":5.0},{"damage":3.0,"enemies":"Shell Parasite","floor":18.0,"turns":3.0},{"damage":0.0,"enemies":"Spheric Guardian","floor":21.0,"turns":1.0},{"damage":41.0,"enemies":"Gremlin Leader","floor":23.0,"turns":5.0},{"damage":30.0,"enemies":"Snake Plant","floor":24.0,"turns":3.0},{"damage":35.0,"enemies":"Book of Stabbing","floor":27.0,"turns":3.0},{"damage":13.0,"enemies":"Colosseum Slavers","floor":29.0,"turns":2.0},{"damage":5.0,"enemies":"Colosseum Nobs","floor":29.0,"turns":3.0},{"damage":6.0,"enemies":"Shelled Parasite and Fungi","floor":30.0,"turns":3.0},{"damage":21.0,"enemies":"Champ","floor":33.0,"turns":5.0},{"damage":0.0,"enemies":"3 Darklings","floor":35.0,"turns":2.0},{"damage":9.0,"enemies":"Orb Walker","floor":36.0,"turns":3.0},{"damage":1.0,"enemies":"Writhing Mass","floor":37.0,"turns":2.0},{"damage":28.0,"enemies":"Reptomancer","floor":44.0,"turns":3.0},{"damage":5.0,"enemies":"Maw","floor":45.0,"turns":4.0},{"damage":0,"enemies":"Spire Growth","floor":48,"turns":3},{"damage":39,"enemies":"Donu and Deca","floor":50,"turns":4}],"seed_played":"2711566965655028651","potions_obtained":[{"floor":1.0,"key":"PowerPotion"},{"floor":2.0,"key":"PowerPotion"},{"floor":10.0,"key":"Fruit Juice"},{"floor":13.0,"key":"Weak Potion"},{"floor":16.0,"key":"Strength Potion"},{"floor":21.0,"key":"DistilledChaos"},{"floor":27.0,"key":"Regen Potion"},{"floor":30.0,"key":"Dexterity Potion"},{"floor":33.0,"key":"StancePotion"}],"is_trial":false,"path_per_floor":["M","M","M","$","?","E","M","T","T","?","?","R","M","?","R","B",null,"M","?","?","M","?","E","M","R","T","E","R","?","M","$","R","B",null,"M","M","M","?","T","R","?","?","T","E","M","R","?","M","R","B",null],"character_chosen":"WATCHER","items_purchased":["Frozen Egg 2"],"campfire_rested":5,"item_purchase_floors":[31],"current_hp_per_floor":[68,54,54,54,59,54,41,41,41,46,13,37,37,37,37,15,82,79,79,52,52,52,23,22,46,46,15,39,26,20,20,20,3,82,82,73,72,72,72,72,72,62,62,34,29,53,53,53,77,38],"gold":593,"neow_bonus":"","is_daily":true,"chose_seed":false,"campfire_upgraded":3,"win_rate":0.0,"timestamp":1613474704,"path_taken":["M","M","M","$","?","E","M","?","T","?","?","R","M","?","R","BOSS","M","?","?","M","?","E","M","R","T","E","R","?","M","$","R","BOSS","M","M","M","?","?","R","?","?","T","E","M","R","?","M","R","BOSS"],"items_purchased_type":["Relic"],"build_version":"2020-12-18","purchased_purges":2,"victory":true,"max_hp_per_floor":[72,72,72,72,77,77,77,77,77,82,82,82,82,82,82,82,82,82,82,82,82,82,82,82,82,82,82,82,82,82,82,82,82,82,82,82,82,82,82,82,82,82,82,82,82,82,82,82,82,82],"card_choices":[{"not_picked":["Consecrate","Worship","Wireheading"],"picked":"SKIP","floor":1.0},{"not_picked":["JustLucky","ThirdEye"],"picked":"Wallop","floor":2.0},{"not_picked":["Perseverance","WindmillStrike","JustLucky"],"picked":"SKIP","floor":3.0},{"not_picked":["BowlingBash","EmptyFist"],"picked":"AT_ChampionStep","floor":6.0},{"not_picked":["Crescendo","EmptyFist","Halt"],"picked":"SKIP","floor":7.0},{"not_picked":["Wireheading","WaveOfTheHand","Adaptation"],"picked":"SKIP","floor":13.0},{"not_picked":["AT_IrregularMenstruation","Vault"],"picked":"LessonLearned","floor":16.0},{"not_picked":["BattleHymn","CrushJoints","Consecrate"],"picked":"SKIP","floor":18.0},{"not_picked":["ThirdEye","Prostrate","CarveReality"],"picked":"SKIP","floor":21.0},{"not_picked":["LikeWater","Protect","Consecrate+1"],"picked":"SKIP","floor":23.0},{"not_picked":["SignatureMove+1","ForeignInfluence","ClearTheMind"],"picked":"SKIP","floor":24.0},{"not_picked":["Consecrate+1","CrushJoints+1"],"picked":"WheelKick+1","floor":27.0},{"not_picked":["Halt","EmptyFist+1"],"picked":"ThirdEye+1","floor":29.0},{"not_picked":["FlyingSleeves+1","PathToVictory","AT_RealFormLess"],"picked":"SKIP","floor":30.0},{"not_picked":["Vault","Scrawl"],"picked":"DevaForm+1","floor":33.0},{"not_picked":["SashWhip+1","FollowUp+1","ThirdEye"],"picked":"SKIP","floor":35.0},{"not_picked":["Meditate","MentalFortress+1","ClearTheMind+1"],"picked":"SKIP","floor":36.0},{"not_picked":["PathToVictory+1","ThirdEye+1","Protect"],"picked":"SKIP","floor":37.0},{"not_picked":["Protect","Study+1"],"picked":"AT_OneInchPunch+1","floor":44.0},{"not_picked":["LikeWater+1","EmptyFist+1"],"picked":"Wallop+1","floor":45.0},{"not_picked":["Metamorphosis","Trip"],"picked":"Finesse","floor":47},{"not_picked":["MentalFortress+1","Protect+1","SashWhip+1"],"picked":"SKIP","floor":48}],"player_experience":215393,"relics_obtained":[{"floor":6.0,"key":"Damaru"},{"floor":8.0,"key":"Pen Nib"},{"floor":9.0,"key":"Juzu Bracelet"},{"floor":23.0,"key":"Molten Egg 2"},{"floor":26.0,"key":"PreservedInsect"},{"floor":27.0,"key":"Ancient Tea Set"},{"floor":29.0,"key":"Gambling Chip"},{"floor":29.0,"key":"White Beast Statue"},{"floor":39.0,"key":"Sundial"},{"floor":43.0,"key":"AT_ForceNature"},{"floor":44.0,"key":"Potion Belt"}],"event_choices":[{"damage_healed":0.0,"max_hp_gain":5.0,"max_hp_loss":0.0,"gold_gain":0.0,"event_name":"Big Fish","player_choice":"Donut","floor":5.0,"gold_loss":0.0,"damage_taken":0.0},{"damage_healed":0.0,"max_hp_gain":0.0,"max_hp_loss":0.0,"gold_gain":0.0,"event_name":"The Woman in Blue","player_choice":"Bought 1 Potion","floor":10.0,"gold_loss":0.0,"damage_taken":0.0},{"damage_healed":0.0,"max_hp_gain":0.0,"max_hp_loss":0.0,"gold_gain":0.0,"event_name":"Scrap Ooze","player_choice":"Success","floor":11.0,"gold_loss":0.0,"damage_taken":33.0,"relics_obtained":["AT_ImmortalShieldbow"]},{"damage_healed":0.0,"max_hp_gain":0.0,"max_hp_loss":0.0,"gold_gain":0.0,"event_name":"Liars Game","player_choice":"Ignored","floor":14.0,"gold_loss":0.0,"damage_taken":0.0},{"damage_healed":0.0,"max_hp_gain":0.0,"max_hp_loss":0.0,"gold_gain":0.0,"event_name":"Addict","player_choice":"Obtained Relic","floor":19.0,"gold_loss":85.0,"damage_taken":0.0,"relics_obtained":["AT_LudenTempest"]},{"damage_healed":0.0,"max_hp_gain":0.0,"max_hp_loss":0.0,"gold_gain":270.0,"event_name":"Knowing Skull","player_choice":"GOLD GOLD GOLD ","floor":20.0,"potions_obtained":[],"gold_loss":0.0,"damage_taken":27.0,"cards_obtained":[]},{"damage_healed":0.0,"max_hp_gain":0.0,"max_hp_loss":0.0,"gold_gain":99.0,"event_name":"Nest","player_choice":"Stole From Cult","floor":22.0,"gold_loss":0.0,"damage_taken":0.0},{"damage_healed":0.0,"max_hp_gain":0.0,"max_hp_loss":0.0,"gold_gain":0.0,"event_name":"Colosseum","player_choice":"Fight","floor":29.0,"gold_loss":0.0,"damage_taken":0.0},{"damage_healed":0.0,"max_hp_gain":0.0,"max_hp_loss":0.0,"gold_gain":0.0,"event_name":"Colosseum","player_choice":"Fought Nobs","floor":29.0,"gold_loss":0.0,"damage_taken":0.0},{"damage_healed":0.0,"max_hp_gain":0.0,"max_hp_loss":0.0,"gold_gain":0.0,"event_name":"Tomb of Lord Red Mask","player_choice":"Ignored","floor":38.0,"gold_loss":0.0,"damage_taken":0.0},{"cards_removed":["Strike_P"],"damage_healed":0.0,"max_hp_gain":0.0,"max_hp_loss":0.0,"gold_gain":0.0,"event_name":"Falling","player_choice":"Removed Attack","floor":41.0,"gold_loss":0.0,"damage_taken":0.0},{"damage_healed":0.0,"max_hp_gain":0.0,"max_hp_loss":0.0,"gold_gain":0.0,"event_name":"Winding Halls","player_choice":"Embrace Madness","floor":42.0,"gold_loss":0.0,"damage_taken":10.0,"cards_obtained":["Madness","Madness"]},{"damage_healed":0,"gold_gain":0,"player_choice":"Memory 1","damage_taken":0,"max_hp_gain":0,"max_hp_loss":0,"event_name":"SensoryStone","floor":47,"gold_loss":0}],"is_beta":true,"boss_relics":[{"not_picked":["Fusion Hammer","VioletLotus"],"picked":"Velvet Choker"},{"not_picked":["SacredBark","Philosopher\u0027s Stone"],"picked":"Sozu"}],"items_purged_floors":[4,31],"is_endless":false,"potions_floor_spawned":[1,2,13,16,21,27,30,33,35,36,37,44,45,48],"ascension_level":0}}