{"host":"tr0r177cvmpvg89h","time":1613502207,"event":{"mods":["BaseMod","Colored Map","DeckTracker","Minty Spire (QoL Compilation)","StSLib","SuperFastMode"],"gold_per_floor":[111,129,148,148,158,158,158,178,178,193,193,205,205,216,216,317,367,383,396,396,396,396],"floor_reached":21,"language":"KOR","playtime":1183,"items_purged":[],"score":200,"play_id":"e099dfb1-0506-4727-9837-924008736c6b","local_time":"20210217040327","is_ascension_mode":false,"campfire_choices":[{"data":"True Grit","floor":6,"key":"SMITH"},{"data":"Infernal Blade","floor":11,"key":"SMITH"},{"floor":13,"key":"REST"},{"data":"Battle Trance","floor":15,"key":"SMITH"}],"circlet_count":0,"master_deck":["Strike_R","Strike_R+1","Defend_R","Defend_R","Defend_R+1","Defend_R","Bash","Juggernaut","Searing Blow","Flex","Infernal Blade+1","Second Wind","Strike_R","True Grit+1","Hemokinesis","Cleave+1","Headbutt","Battle Trance+1","Berserk","Whirlwind","Flex","Reckless Charge+1","Ghostly","Ghostly","Ghostly","Ghostly","Ghostly"],"relics":["Burning Blood","Mummified Hand","Tiny House"],"acts_visited":["Exordium","TheCity"],"potions_floor_usage":[8,19,19,21,21],"damage_taken":[{"damage":7,"enemies":"Small Slimes","floor":1,"turns":4},{"damage":1,"enemies":"Cultist","floor":2,"turns":3},{"damage":20,"enemies":"Jaw Worm","floor":3,"turns":4},{"damage":28,"enemies":"Large Slime","floor":5,"turns":6},{"damage":16,"enemies":"Looter","floor":8,"turns":4},{"damage":6,"enemies":"Red Slaver","floor":10,"turns":3},{"damage":4,"enemies":"3 Louse","floor":12,"turns":4},{"damage":9,"enemies":"Blue Slaver","floor":14,"turns":3},{"damage":28,"enemies":"Slime Boss","floor":16,"turns":10},{"damage":32,"enemies":"2 Thieves","floor":18,"turns":3},{"damage":47,"enemies":"Shell Parasite","floor":19,"turns":5},{"damage":28,"enemies":"Snecko","floor":21,"turns":6}],"seed_played":"-1175803418736221254","potions_obtained":[{"floor":5,"key":"BlessingOfTheForge"},{"floor":12,"key":"AttackPotion"},{"floor":14,"key":"SkillPotion"},{"floor":16,"key":"BloodPotion"},{"floor":19,"key":"SteroidPotion"}],"is_trial":false,"path_per_floor":["M","M","M","?","M","R","?","M","T","M","R","M","R","M","R","B",null,"M","M","?","M"],"character_chosen":"IRONCLAD","items_purchased":[],"campfire_rested":1,"item_purchase_floors":[],"current_hp_per_floor":[71,72,58,58,36,36,22,12,12,12,12,14,35,32,32,10,77,51,25,25,0,0],"gold":396,"neow_bonus":"TRANSFORM_TWO_CARDS","is_daily":false,"chose_seed":false,"campfire_upgraded":3,"win_rate":0.0,"timestamp":1613502207,"path_taken":["M","M","M","?","?","R","?","M","T","M","R","M","R","M","R","BOSS","M","M","?","M"],"items_purchased_type":[],"build_version":"2020-12-22","purchased_purges":0,"victory":false,"max_hp_per_floor":[72,72,72,72,72,72,72,72,72,72,72,72,72,72,72,72,77,77,77,38,38,38],"card_choices":[{"not_picked":["Havoc","Warcry"],"picked":"Flex","floor":1},{"not_picked":["Warcry","Twin Strike"],"picked":"Infernal Blade","floor":2},{"not_picked":["Flex","Rupture"],"picked":"Second Wind","floor":3},{"not_picked":["Armaments","Fire Breathing"],"picked":"True Grit","floor":5},{"not_picked":["Bloodletting","Flex"],"picked":"Hemokinesis","floor":8},{"not_picked":["Twin Strike","Havoc"],"picked":"Cleave","floor":10},{"not_picked":["Warcry","Pommel Strike"],"picked":"Headbutt","floor":12},{"not_picked":["Body Slam","Warcry"],"picked":"Battle Trance","floor":14},{"not_picked":["Fiend Fire","Bludgeon"],"picked":"Berserk","floor":16},{"not_picked":["Dark Embrace","Rage"],"picked":"Whirlwind","floor":17},{"not_picked":["Second Wind+1","Cleave"],"picked":"Flex","floor":18},{"not_picked":["Flex","Sword Boomerang"],"picked":"Reckless Charge+1","floor":19}],"player_experience":68454,"relics_obtained":[{"floor":9,"key":"Mummified Hand"}],"event_choices":[{"cards_removed":["Strike_R"],"damage_healed":0,"gold_gain":0,"player_choice":"Took Card","damage_taken":0,"max_hp_gain":0,"max_hp_loss":0,"event_name":"NoteForYourself","floor":4,"gold_loss":0,"cards_obtained":["Strike_R"]},{"damage_healed":0,"gold_gain":0,"player_choice":"Entered Light","damage_taken":14,"max_hp_gain":0,"max_hp_loss":0,"event_name":"Shining Light","floor":7,"gold_loss":0,"cards_upgraded":["Defend_R","Strike_R"]},{"damage_healed":0,"gold_gain":0,"player_choice":"Became a Ghost","damage_taken":0,"max_hp_gain":0,"max_hp_loss":39,"event_name":"Ghosts","floor":20,"gold_loss":0,"cards_obtained":["Ghostly","Ghostly","Ghostly","Ghostly","Ghostly"]}],"is_beta":false,"boss_relics":[{"not_picked":["Velvet Choker","Busted Crown"],"picked":"Tiny House"}],"items_purged_floors":[],"is_endless":false,"potions_floor_spawned":[5,12,14,16,19],"killed_by":"Snecko","ascension_level":0}}