{"host":"ox77rn1xcurm2t5a","time":1613499011,"event":{"mods":["2.2 Compatiblity","AchievementEnabler","Act Like it!","Aspiration","BaseMod","Best Route Mod","Better Match","Better Note","Better Sensory Stone","Block Reminder","Colored Map","Colored Powertips","Conjunction","Conspire","Custom Start","Energized Spire","GifTheSpireLib","Gold Saver","Gremlin Skip","Halation","Highlight Path","Hubris","Infinite Spire","Minty Spire (QoL Compilation)","Pale of the Ancients","Quick Restart","Replay The Spire","Reworked Bosses","ShortenTheSpire","Spire Exporter","StSLib","Stuff the Spire","Wandering Minibosses"],"gold_per_floor":[1047,1047,1147,1162,1181,1181,1214,1214,1268,1268,1268],"floor_reached":10,"language":"ENG","playtime":251,"items_purged":["Evolve"],"score":79,"play_id":"52a8223b-7cac-4b64-83da-7212f90e08be","local_time":"20210216201011","is_ascension_mode":true,"campfire_choices":[{"floor":6,"key":"RECALL"},{"data":"Bash","floor":8,"key":"SMITH"}],"circlet_count":0,"master_deck":["Strike_R","Strike_R","Strike_R","Strike_R","Strike_R","Defend_R","Defend_R","Defend_R","Defend_R","Bash+1","Pommel Strike","Pommel Strike"],"relics":["Burning Blood","conspire:SpecialSausage","aspiration:ChemicalBlood","infinitespire:Joker Card"],"acts_visited":[],"potions_floor_usage":[5,7,10,10,10,10,10,10],"damage_taken":[{"damage":6,"enemies":"Cultist","floor":1,"turns":3},{"damage":0,"enemies":"Small Slimes","floor":4,"turns":3},{"damage":2,"enemies":"Jaw Worm","floor":5,"turns":2},{"damage":40,"enemies":"Lagavulin","floor":7,"turns":4},{"damage":116,"enemies":"Nightmare","floor":10,"turns":10}],"seed_played":"2748009017697308256","potions_obtained":[{"floor":4,"key":"SpeedPotion"},{"floor":7,"key":"SpeedPotion"}],"is_trial":false,"path_per_floor":["M","AVR","?","M","M","R","E","R","T","NM"],"character_chosen":"IRONCLAD","items_purchased":[],"campfire_rested":0,"item_purchase_floors":[],"current_hp_per_floor":[80,80,80,80,80,80,46,46,46,0,0],"gold":1268,"neow_bonus":"HUNDRED_GOLD","is_daily":false,"chose_seed":false,"campfire_upgraded":1,"win_rate":0.0,"timestamp":1613499011,"path_taken":["M","AVR","?","M","?","R","E","R","T","NM"],"items_purchased_type":[],"build_version":"2020-12-22","purchased_purges":1,"victory":false,"max_hp_per_floor":[80,80,80,80,80,80,80,80,80,80,80],"card_choices":[{"not_picked":["ReplayTheSpireMod:Corrosion Curse","Wild Strike"],"picked":"Evolve","floor":1},{"not_picked":["Iron Wave","Body Slam"],"picked":"Pommel Strike","floor":4},{"not_picked":["StuffTheSpire:Pyroclast","StuffTheSpire:RockThrow","Armaments"],"picked":"SKIP","floor":5},{"not_picked":["StuffTheSpire:Incineration","Headbutt"],"picked":"Pommel Strike","floor":7}],"player_experience":3119618,"relics_obtained":[{"floor":7,"key":"infinitespire:Joker Card"}],"event_choices":[{"damage_healed":0,"gold_gain":100,"player_choice":"Pray","damage_taken":0,"max_hp_gain":0,"max_hp_loss":0,"event_name":"Golden Shrine","floor":3,"gold_loss":0}],"is_beta":false,"boss_relics":[],"items_purged_floors":[2],"is_endless":false,"potions_floor_spawned":[4,7],"killed_by":"Nightmare","ascension_level":4}}