{"host":"0luxfixkkfk9wck3","time":1613499457,"event":{"mods":["BaseMod","DeckTracker","Downfall","Highlight Path","Minty Spire (QoL Compilation)","StSLib"],"gold_per_floor":[0,100,112,0,18,18,18,18,48,65,91,91,9,24,42,119,119,19,31,31,44,44,44,97,97,107,18,53,53,64,117,138,213,213,113,132,80,100,114,114,114,114,141,141,159,185,185,60,76,76],"floor_reached":51,"language":"ENG","playtime":6182,"items_purged":["sneckomod:Strike","sneckomod:Defend","sneckomod:Defend+1"],"score":1313,"play_id":"784faa3e-72c4-4b63-897f-28bf0d6f9ce7","local_time":"20210216121737","is_ascension_mode":true,"campfire_choices":[{"data":"sneckomod:MorePower","floor":1,"key":"SMITH"},{"floor":47,"key":"REST"}],"circlet_count":0,"master_deck":["AscendersBane","sneckomod:TailWhip","sneckomod:SnekBite","sneckomod:Unknown+1","sneckomod:MorePower+1","sneckomod:UnknownRareSkill+1","sneckomod:UnknownExhaust+1","sneckomod:UnknownUncommonPower+1","sneckomod:UnknownBlock","hexamod:RainOfEmbers+1","expansioncontent:PrepareCrush+1","sneckomod:UnknownBoss+1","hexamod:SixthSeal","sneckomod:UnknownStrength+1","sneckomod:SlitherStrike+1","sneckomod:UnknownRareAttack+1","Barricade+1","sneckomod:Unknown3Cost+1","Power Through+1","sneckomod:SerpentMind+1","Body Slam+1","sneckomod:SlitherStrike+1","Juggernaut+1","Impervious+1","sneckomod:UnknownRareAttack+1","sneckomod:UnendingSupply","Feel No Pain","sneckomod:Unknown3Cost+1","sneckomod:DangerNoodle","hexamod:RetreatToShadows+1","sneckomod:Unknown3Cost+1","sneckomod:UnknownBlock+1","Corruption+1","After Image+1","expansioncontent:Chronoboost+1"],"relics":["sneckomod:SneckoSoul","Singing Bowl","Pantograph","hexamod:CandleOfCauterizing","expansioncontent:StudyCardRelic","downfall:HeartBlessingGreen","Bottled Flame","Guardian:PocketSentry","Sozu","downfall:HeartBlessingBlue","Torii","Turnip","sneckomod:BlankCard","Question Card"],"acts_visited":["Exordium","TheCity","TheBeyond"],"potions_floor_usage":[11,26,28,50,50],"damage_taken":[{"damage":5,"enemies":"Jaw Worm","floor":3,"turns":3},{"damage":5,"enemies":"downfall:FleeingMerchant","floor":4,"turns":4},{"damage":4,"enemies":"Small Slimes","floor":5,"turns":4},{"damage":5,"enemies":"3 Sentries","floor":9,"turns":5},{"damage":4,"enemies":"Cultist","floor":10,"turns":4},{"damage":18,"enemies":"Gremlin Nob","floor":11,"turns":5},{"damage":5,"enemies":"downfall:FleeingMerchant","floor":13,"turns":4},{"damage":0,"enemies":"3 Louse","floor":14,"turns":2},{"damage":8,"enemies":"Gremlin Gang","floor":15,"turns":3},{"damage":27,"enemies":"WA_ARCHETYPE_RETAIN","floor":16,"turns":7},{"damage":1,"enemies":"Chosen","floor":19,"turns":2},{"damage":31,"enemies":"downfall:LooterAlt2","floor":21,"turns":7},{"damage":9,"enemies":"Centurion and Healer","floor":26,"turns":5},{"damage":0,"enemies":"downfall:FleeingMerchant","floor":27,"turns":4},{"damage":0,"enemies":"Book of Stabbing","floor":28,"turns":3},{"damage":14,"enemies":"3 Cultists","floor":30,"turns":4},{"damage":18,"enemies":"Snecko","floor":32,"turns":5},{"damage":15,"enemies":"SI_MIRROR_ARCHETYPE","floor":33,"turns":10},{"damage":3,"enemies":"3 Darklings","floor":36,"turns":4},{"damage":4,"enemies":"downfall:FleeingMerchant","floor":37,"turns":3},{"damage":0,"enemies":"Orb Walker","floor":38,"turns":2},{"damage":8,"enemies":"Transient","floor":39,"turns":5},{"damage":13,"enemies":"Nemesis","floor":43,"turns":7},{"damage":0,"enemies":"Spire Growth","floor":45,"turns":3},{"damage":37,"enemies":"Giant Head","floor":46,"turns":7},{"damage":0,"enemies":"4 Shapes","floor":49,"turns":3},{"damage":32,"enemies":"IC_BLOCK_ARCHETYPE","floor":50,"turns":7}],"seed_played":"313639140273556917","potions_obtained":[{"floor":5,"key":"FearPotion"},{"floor":9,"key":"SkillPotion"},{"floor":14,"key":"SmokeBomb"},{"floor":15,"key":"DuplicationPotion"},{"floor":26,"key":"DistilledChaos"},{"floor":32,"key":"Fire Potion"}],"is_trial":false,"path_per_floor":["R","?","M","$","M","R","T","R","E","M","E","R","$","M","M","B",null,"R","M","?","M","?","R","T","R","M","$","E","R","M","T","M","B",null,"R","M","?","M","M","R","T","R","E","?","M","E","R","$","M","B",null],"character_chosen":"THE_SNECKO","items_purchased":["sneckomod:UnknownBlock","sneckomod:Memorize","sneckomod:UnendingSupply","Torii"],"campfire_rested":1,"item_purchase_floors":[4,13,27,37],"current_hp_per_floor":[81,81,76,71,74,74,74,74,71,67,49,49,46,48,54,54,89,89,90,90,63,63,63,63,63,56,56,58,58,58,58,44,58,105,115,114,112,114,106,106,106,106,97,94,98,65,110,110,112,135],"gold":76,"neow_bonus":"TRANSFORM_TWO_CARDS","is_daily":false,"chose_seed":false,"campfire_upgraded":1,"win_rate":0.0,"timestamp":1613499457,"path_taken":["R","?","M","$","M","R","T","R","E","M","E","R","$","M","M","BOSS","R","M","?","?","?","R","T","R","M","$","E","R","?","?","M","BOSS","R","M","?","M","M","R","T","R","E","?","M","E","R","$","M","BOSS"],"items_purchased_type":["Card","Card","Card","Relic"],"build_version":"2020-12-22","purchased_purges":3,"victory":true,"max_hp_per_floor":[90,90,90,90,90,90,90,90,92,92,92,92,94,96,98,100,100,100,102,102,106,106,106,106,106,108,108,110,110,112,112,116,120,120,130,132,134,136,136,136,136,136,140,142,146,150,150,150,152,152],"card_choices":[{"not_picked":["sneckomod:UnknownStrength+1","sneckomod:UnknownX+1"],"picked":"sneckomod:UnknownRareSkill+1","floor":3},{"not_picked":["sneckomod:CheapStock","sneckomod:DefensiveFlair"],"picked":"sneckomod:UnknownBoss","floor":3},{"not_picked":["sneckomod:UnknownCommonSkill+1","sneckomod:UnknownCommonAttack+1"],"picked":"sneckomod:UnknownExhaust+1","floor":4},{"not_picked":["sneckomod:Unknown1Cost","sneckomod:UnknownCommonAttack"],"picked":"sneckomod:UnknownUncommonPower","floor":4},{"not_picked":["sneckomod:Unknown1Cost+1","sneckomod:UnknownColorless+1"],"picked":"sneckomod:UnknownRarePower+1","floor":5},{"not_picked":["sneckomod:SoulRoll","sneckomod:QuickBite"],"picked":"sneckomod:UnknownBlock","floor":5},{"not_picked":["sneckomod:UnknownX+1","sneckomod:UnknownUncommonPower+1"],"picked":"sneckomod:UnknownBoss+1","floor":9},{"not_picked":["sneckomod:PureSnecko","sneckomod:QuickBite","sneckomod:UnknownUncommonPower"],"picked":"Singing Bowl","floor":9},{"not_picked":["hexamod:FirstSeal","hexamod:FourthSeal"],"picked":"hexamod:SixthSeal","floor":10},{"not_picked":["sneckomod:Unknown1Cost+1","sneckomod:Unknown2Cost+1"],"picked":"sneckomod:UnknownStrength+1","floor":10},{"not_picked":["sneckomod:SoulRoll","sneckomod:UnknownExhaust"],"picked":"sneckomod:SlitherStrike","floor":10},{"not_picked":["sneckomod:UnknownStrength","sneckomod:UnknownBoss"],"picked":"sneckomod:UnknownRareAttack","floor":11},{"not_picked":["sneckomod:UnknownDraw+1","sneckomod:Unknown2Cost+1"],"picked":"sneckomod:Unknown3Cost+1","floor":11},{"not_picked":["sneckomod:Unknown1Cost+1","sneckomod:UnknownCommonAttack+1"],"picked":"sneckomod:Unknown3Cost+1","floor":13},{"not_picked":["sneckomod:DiceBoulder","sneckomod:QuickBite","sneckomod:SnekBeam"],"picked":"Singing Bowl","floor":13},{"not_picked":["sneckomod:Unknown2Cost+1","sneckomod:UnknownWeak+1"],"picked":"sneckomod:UnknownBlock+1","floor":14},{"not_picked":["sneckomod:DiceBlock","sneckomod:QuickBite","sneckomod:UnknownCommonAttack"],"picked":"Singing Bowl","floor":14},{"not_picked":["sneckomod:UnknownX","sneckomod:SoulDraw","sneckomod:RainOfDice"],"picked":"Singing Bowl","floor":15},{"not_picked":["sneckomod:UnknownWeak+1","sneckomod:UnknownVulnerable+1"],"picked":"sneckomod:UnknownRareSkill+1","floor":15},{"not_picked":["sneckomod:Cheat","sneckomod:UnlimitedRolls"],"picked":"sneckomod:SerpentMind","floor":16},{"not_picked":["sneckomod:UnknownColorless+1","sneckomod:UnknownExhaust+1","sneckomod:UnknownWeak+1"],"picked":"Singing Bowl","floor":16},{"not_picked":["sneckomod:UnknownClassGREEN","sneckomod:UnknownCommonAttack+1","sneckomod:UnknownUncommonSkill"],"picked":"Singing Bowl","floor":19},{"not_picked":["sneckomod:RainOfDice","sneckomod:UnknownDraw+1","sneckomod:UnknownStrength"],"picked":"Singing Bowl","floor":21},{"not_picked":["sneckomod:UnknownX+1","sneckomod:UnknownUncommonSkill+1","sneckomod:UnknownBoss+1"],"picked":"Singing Bowl","floor":21},{"not_picked":["sneckomod:UnknownExhaust","sneckomod:UnknownStrike","sneckomod:Memorize"],"picked":"Singing Bowl","floor":26},{"not_picked":["sneckomod:Unknown2Cost+1","sneckomod:UnknownUncommonAttack+1"],"picked":"sneckomod:UnknownRareAttack+1","floor":26},{"not_picked":["sneckomod:UnknownUncommonPower","sneckomod:Nope"],"picked":"sneckomod:UnknownBlock","floor":27},{"not_picked":["sneckomod:ImprovisedAttack","sneckomod:DiceBlock","sneckomod:DefensiveFlair+1"],"picked":"Singing Bowl","floor":28},{"not_picked":["sneckomod:Unknown3Cost+1","sneckomod:UnknownStrength+1"],"picked":"sneckomod:UnknownRarePower+1","floor":28},{"not_picked":["sneckomod:UnknownStrength+1","sneckomod:UnknownWeak+1"],"picked":"sneckomod:Unknown3Cost+1","floor":30},{"not_picked":["sneckomod:UnknownBlock","sneckomod:Unknown1Cost+1","sneckomod:QuickBite"],"picked":"Singing Bowl","floor":30},{"not_picked":["hexamod:ThirdSeal","hexamod:FourthSeal","hexamod:FirstSeal"],"picked":"Singing Bowl","floor":32},{"not_picked":["sneckomod:UnknownCommonSkill+1","sneckomod:UnknownClassRED+1"],"picked":"sneckomod:UnknownRarePower+1","floor":32},{"not_picked":["sneckomod:MixItUp","sneckomod:UnendingSupply+1","sneckomod:WideSting"],"picked":"Singing Bowl","floor":32},{"not_picked":["sneckomod:SerpentMind","sneckomod:UnlimitedRolls","sneckomod:MorePower"],"picked":"Singing Bowl","floor":33},{"not_picked":["sneckomod:Restock","sneckomod:SoulExchange"],"picked":"sneckomod:DangerNoodle","floor":33},{"not_picked":["sneckomod:UnknownCommonAttack+1","sneckomod:UnknownClassHEXA_GHOST_PURPLE+1","sneckomod:Unknown0Cost+1"],"picked":"Singing Bowl","floor":33},{"not_picked":["sneckomod:UnknownDexterity","sneckomod:UnknownClassHEXA_GHOST_PURPLE","sneckomod:IronFang+1"],"picked":"Singing Bowl","floor":36},{"not_picked":["sneckomod:Unknown0Cost","sneckomod:WideSting","sneckomod:UnknownUncommonAttack+1"],"picked":"Singing Bowl","floor":37},{"not_picked":["sneckomod:SnekBeam","sneckomod:DiceCrush","sneckomod:UnknownDraw+1"],"picked":"Singing Bowl","floor":38},{"not_picked":["sneckomod:UnknownClassRED+1","sneckomod:Unknown0Cost+1"],"picked":"sneckomod:Unknown3Cost+1","floor":39},{"not_picked":["sneckomod:CheapStock+1","sneckomod:UnknownClassRED+1"],"picked":"sneckomod:UnknownBlock+1","floor":39},{"not_picked":["sneckomod:Unknown1Cost+1","sneckomod:UnknownStrength+1","sneckomod:UnknownDraw+1"],"picked":"Singing Bowl","floor":43},{"not_picked":["sneckomod:UnknownDraw","sneckomod:RainOfDice","sneckomod:Cheat"],"picked":"Singing Bowl","floor":43},{"not_picked":["expansioncontent:GuardianWhirl","expansioncontent:HyperBeam"],"picked":"expansioncontent:Chronoboost","floor":44},{"not_picked":["expansioncontent:InvincibleStrength","expansioncontent:LastStand","expansioncontent:PrepareCrush"],"picked":"Singing Bowl","floor":44},{"not_picked":["sneckomod:UnknownBoss+1","sneckomod:UnknownUncommonSkill+1","sneckomod:UnknownCommonSkill+1"],"picked":"Singing Bowl","floor":45},{"not_picked":["sneckomod:Unknown0Cost","sneckomod:UnknownStrike","sneckomod:Memorize"],"picked":"Singing Bowl","floor":45},{"not_picked":["sneckomod:UnknownBoss+1","sneckomod:UnknownClassHEXA_GHOST_PURPLE+1","sneckomod:UnknownVulnerable+1"],"picked":"Singing Bowl","floor":46},{"not_picked":["sneckomod:UnknownUncommonSkill","sneckomod:UnknownRareSkill","sneckomod:Unknown0Cost"],"picked":"Singing Bowl","floor":46},{"not_picked":["sneckomod:UnknownColorless","sneckomod:UnknownDraw+1","sneckomod:Unknown0Cost","sneckomod:UnknownClassHEXA_GHOST_PURPLE"],"picked":"Singing Bowl","floor":49}],"player_experience":11899470,"relics_obtained":[{"floor":7,"key":"Singing Bowl"},{"floor":9,"key":"Pantograph"},{"floor":11,"key":"hexamod:CandleOfCauterizing"},{"floor":28,"key":"Bottled Flame"},{"floor":31,"key":"Guardian:PocketSentry"},{"floor":41,"key":"Turnip"},{"floor":43,"key":"sneckomod:BlankCard"},{"floor":46,"key":"Question Card"}],"event_choices":[],"is_beta":false,"boss_relics":[{"not_picked":["Coffee Dripper","Black Star"],"picked":"expansioncontent:StudyCardRelic"},{"not_picked":["Pandora\u0027s Box","Snecko Eye"],"picked":"Sozu"}],"items_purged_floors":[4,37,48],"is_endless":false,"potions_floor_spawned":[5,9,14,15,16,26,32,36,45,46,49],"ascension_level":13}}