{"host":"86cuvgv6d0efted3","time":1613486555,"event":{"mods":["AchievementEnabler","Act Like it!","BaseMod","Better Synergies","BetterRewards","Colored Map","Colored Powertips","Downfall","Minty Spire (QoL Compilation)","Quick Restart","Replay The Spire","StSLib","The Druid","The Runesmith"],"gold_per_floor":[111,111,111,186,151,180,180,207,207,207,217,236,255,269,269,371,371,385,473,473,490,8,22,46,64,64,82,82,181,195,195,195,300,300,311,328,116,131,144,144,174,174,174,203,219,66,0,50,50,50],"floor_reached":51,"language":"ENG","playtime":8876,"items_purged":["Regret"],"score":794,"play_id":"2e0c780b-a25b-4bb5-90e4-97800852fd16","local_time":"20210216114235","is_ascension_mode":false,"campfire_choices":[{"data":"Runesmith:RunicBlueprint","floor":7,"key":"SMITH"},{"floor":10,"key":"REST"},{"data":"Runesmith:MetallurgicalResearch","floor":15,"key":"SMITH"},{"data":"Runesmith:Superposition","floor":28,"key":"SMITH"},{"data":"Runesmith:CraftMagma","floor":32,"key":"SMITH"},{"data":"Runesmith:CreatorForm","floor":40,"key":"SMITH"},{"data":"Runesmith:ArcReactor","floor":42,"key":"SMITH"},{"data":"Runesmith:CraftMagma","floor":49,"key":"SMITH"}],"circlet_count":0,"master_deck":["Runesmith:Strike_RS","Runesmith:Strike_RS","Runesmith:Strike_RS","Runesmith:Strike_RS","Runesmith:Defend_RS","Runesmith:Defend_RS","Runesmith:Defend_RS+1","Runesmith:Defend_RS","Runesmith:CraftFirestone","Runesmith:Fortify","Runesmith:ChiselStab+1","Runesmith:RunicBlueprint+1","Runesmith:Superposition+1","Runesmith:Augment","Runesmith:MetallurgicalResearch+1","Runesmith:DoubleUp","Runesmith:CraftSpiculum","Runesmith:EarthShield+1","Runesmith:GrandSlam","Runesmith:HeatedChisel","Runesmith:CraftSpiculum","Runesmith:EarthShield+1","Sickly","Runesmith:Attraction","Runesmith:Firestorm","Runesmith:Grindstone","Runesmith:CraftProtectio","Runesmith:CraftMagma+1","Runesmith:Attraction","Runesmith:CreatorForm+1","Runesmith:CraftObretio","Runesmith:EnergizedChisel","Runesmith:ArcReactor+1","Runesmith:EnergizedChisel+1","Runesmith:EnergizedChisel","Runesmith:UnstableHammer+1","Runesmith:CraftMagma+1","Runesmith:RuneHurl"],"relics":["Runesmith:BrokenRuby","PreservedInsect","Oddly Smooth Stone","Onion Ring","Iron Hammer","Painkiller Herb","Replay:Baseball","ReplayTheSpireMod:Ring of Addiction","Ring of Panic","SacredBark","White Beast Statue","Lee\u0027s Waffle","Gremlin Horn","Anchor","Replay:Rubber Ducky","Black Star","Pet Ghost","Boot","Sundial","Replay:WaspNest","Replay:Bottled Eggs","Medical Kit","Red Mask","StoneCalendar"],"acts_visited":["Exordium","TheCity","TheBeyond"],"potions_floor_usage":[6,16,21,21,21,25,27,31,33,33,35,36,38,41,44,45,48,48,50],"damage_taken":[{"damage":7,"enemies":"2 Louse","floor":1,"turns":2},{"damage":5,"enemies":"Lagavulin","floor":6,"turns":5},{"damage":8,"enemies":"Gremlin Nob","floor":8,"turns":4},{"damage":1,"enemies":"Small Slimes","floor":11,"turns":3},{"damage":0,"enemies":"Jaw Worm","floor":12,"turns":1},{"damage":2,"enemies":"Exordium Thugs","floor":13,"turns":4},{"damage":0,"enemies":"Exordium Wildlife","floor":14,"turns":2},{"damage":1,"enemies":"The Guardian","floor":16,"turns":6},{"damage":2,"enemies":"2 Thieves","floor":18,"turns":3},{"damage":20,"enemies":"Shell Parasite","floor":21,"turns":4},{"damage":0,"enemies":"Sentry and Sphere","floor":23,"turns":4},{"damage":0,"enemies":"Snake Plant","floor":25,"turns":2},{"damage":17,"enemies":"Snecko","floor":27,"turns":4},{"damage":1,"enemies":"Cultist and Chosen","floor":30,"turns":4},{"damage":0,"enemies":"Shelled Parasite and Fungi","floor":31,"turns":1},{"damage":15,"enemies":"Champ","floor":33,"turns":11},{"damage":5,"enemies":"3 Shapes","floor":35,"turns":5},{"damage":3,"enemies":"Orb Walker","floor":36,"turns":3},{"damage":1,"enemies":"Sphere and 2 Shapes","floor":38,"turns":5},{"damage":0,"enemies":"Jaw Worm Horde","floor":39,"turns":5},{"damage":14,"enemies":"R_Hoarder","floor":41,"turns":5},{"damage":12,"enemies":"Nemesis","floor":44,"turns":1},{"damage":0,"enemies":"Transient","floor":45,"turns":5},{"damage":0,"enemies":"Mind Bloom Boss Battle","floor":48,"turns":8},{"damage":52,"enemies":"Donu and Deca","floor":50,"turns":10}],"seed_played":"6553614039424072633","potions_obtained":[{"floor":1,"key":"Weak Potion"},{"floor":8,"key":"SpeedPotion"},{"floor":12,"key":"hexamod:SoulburnPotion"},{"floor":16,"key":"SpeedPotion"},{"floor":18,"key":"Explosive Potion"},{"floor":20,"key":"Block Potion"},{"floor":20,"key":"GamblersBrew"},{"floor":21,"key":"Adrenaline Potion"},{"floor":23,"key":"ColorlessPotion"},{"floor":25,"key":"DuplicationPotion"},{"floor":27,"key":"SmokeBomb"},{"floor":30,"key":"Energy Potion"},{"floor":33,"key":"sneckomod:MuddlingPotion"},{"floor":35,"key":"Adrenaline Potion"},{"floor":36,"key":"BlessingOfTheForge"},{"floor":38,"key":"Block Potion"},{"floor":39,"key":"Reflective Coating"},{"floor":41,"key":"Death Potion"},{"floor":44,"key":"Regen Potion"},{"floor":45,"key":"PowerPotion"},{"floor":48,"key":"Energy Potion"}],"is_trial":false,"path_per_floor":["M","?","?","?","?","E","R","E","T","R","M","M","M","M","R","B",null,"?","?","?","?","T","?","T","?","T","?","T","?","?","?","T","B",null,"?","?","T","?","?","T","E","T","T","E","?","T","?","?","T","B",null],"character_chosen":"RUNESMITH_CLASS","items_purchased":["Lee\u0027s Waffle","Gremlin Horn","Runesmith:Firestorm","Runesmith:ArcReactor","Medical Kit"],"campfire_rested":1,"item_purchase_floors":[22,22,22,37,46],"current_hp_per_floor":[63,63,49,38,55,50,50,42,42,63,62,62,60,60,60,59,70,68,51,51,31,77,77,77,75,75,58,58,58,57,57,57,42,73,68,65,65,64,64,64,50,50,50,38,38,38,38,73,73,21],"gold":50,"neow_bonus":"THREE_CARDS","is_daily":false,"chose_seed":false,"campfire_upgraded":7,"win_rate":0.0,"timestamp":1613486555,"path_taken":["M","?","?","?","?","E","R","E","T","R","M","?","M","M","R","BOSS","?","?","?","?","T","?","?","?","T","?","T","?","?","?","T","BOSS","?","?","T","?","?","T","E","T","T","E","?","T","?","?","T","BOSS"],"items_purchased_type":["Relic","Relic","Card","Card","Relic"],"build_version":"2020-12-22","purchased_purges":1,"victory":true,"max_hp_per_floor":[70,70,70,70,70,70,70,70,70,70,70,70,70,70,70,70,70,70,70,70,70,77,77,77,75,75,75,75,75,75,73,73,73,73,73,73,73,73,73,73,73,73,73,73,73,73,73,73,73,73],"card_choices":[{"not_picked":["Runesmith:Empowerment","Runesmith:HeatedChisel"],"picked":"Runesmith:ChiselStab","floor":0},{"not_picked":["Runesmith:Accelerate","Runesmith:CraftProtectio"],"picked":"Runesmith:RunicBlueprint","floor":1},{"not_picked":["Runesmith:Prism","Runesmith:Repurpose"],"picked":"Runesmith:Superposition","floor":6},{"not_picked":["Runesmith:Overpower","Runesmith:Prism"],"picked":"Runesmith:Augment","floor":8},{"not_picked":["Runesmith:MakeshiftArmor","Runesmith:CraftObretio"],"picked":"Runesmith:MetallurgicalResearch","floor":11},{"not_picked":["Runesmith:HammerAndChisel","Runesmith:WhiteBalance"],"picked":"Runesmith:DoubleUp","floor":12},{"not_picked":["Runesmith:UnstableHammer","Runesmith:RunicBlueprint"],"picked":"Runesmith:CraftSpiculum","floor":13},{"not_picked":["Runesmith:Attraction","Runesmith:HeatExchange"],"picked":"Runesmith:EarthShield","floor":14},{"not_picked":["Runesmith:LastStand","Runesmith:ReplicatingBarrier"],"picked":"Runesmith:GrandSlam","floor":16},{"not_picked":["Runesmith:Accelerate","Runesmith:ChiselStab"],"picked":"Runesmith:HeatedChisel","floor":18},{"not_picked":["Runesmith:Augment","Runesmith:Repurpose"],"picked":"Runesmith:CraftSpiculum","floor":19},{"not_picked":["Runesmith:CraftProtectio","Runesmith:Discharge"],"picked":"Runesmith:EarthShield","floor":19},{"not_picked":["Runesmith:PerfectChisel","Runesmith:GoWithTheFlow"],"picked":"Runesmith:Attraction","floor":21},{"not_picked":["Runesmith:Malloc","Runesmith:MakeshiftArmor"],"picked":"Runesmith:Grindstone","floor":23},{"not_picked":["Runesmith:HeatExchange","Runesmith:ChiselStab"],"picked":"Runesmith:CraftProtectio","floor":25},{"not_picked":["Runesmith:Overpower","Runesmith:RuneHurl"],"picked":"Runesmith:CraftMagma","floor":27},{"not_picked":["Runesmith:StaticCage","Runesmith:MakeshiftArmor"],"picked":"Runesmith:Attraction","floor":30},{"not_picked":["Runesmith:MetallurgicalResearch","Runesmith:CraftMedicinae"],"picked":"Runesmith:CreatorForm","floor":33},{"not_picked":["Runesmith:ChiselStab","Runesmith:MakeshiftArmor+1"],"picked":"Runesmith:CraftObretio","floor":35},{"not_picked":["Runesmith:UnstableHammer","Runesmith:HammerThrow"],"picked":"Runesmith:EnergizedChisel","floor":36},{"not_picked":["Runesmith:CraftMagma+1","Runesmith:Overpower"],"picked":"Runesmith:EnergizedChisel+1","floor":38},{"not_picked":["Runesmith:Accelerate","Runesmith:MakeshiftArmor+1","Runesmith:UnstableHammer+1"],"picked":"SKIP","floor":39},{"not_picked":["Runesmith:CraftProtectio","Runesmith:StaticCage"],"picked":"Runesmith:EnergizedChisel","floor":41},{"not_picked":["Runesmith:Supernova","Runesmith:Firestorm+1"],"picked":"Runesmith:UnstableHammer+1","floor":44},{"not_picked":["Runesmith:FrozenChisel","Runesmith:OneForEveryone+1"],"picked":"Runesmith:CraftMagma","floor":45},{"not_picked":["Runesmith:ChiselStab","Runesmith:Grindstone"],"picked":"Runesmith:RuneHurl","floor":48}],"player_experience":445608,"relics_obtained":[{"floor":6,"key":"Oddly Smooth Stone"},{"floor":8,"key":"Onion Ring"},{"floor":9,"key":"Iron Hammer"},{"floor":19,"key":"Replay:Baseball"},{"floor":20,"key":"ReplayTheSpireMod:Ring of Addiction"},{"floor":20,"key":"Ring of Panic"},{"floor":20,"key":"SacredBark"},{"floor":20,"key":"White Beast Statue"},{"floor":24,"key":"Anchor"},{"floor":26,"key":"Replay:Rubber Ducky"},{"floor":41,"key":"Pet Ghost"},{"floor":41,"key":"Boot"},{"floor":43,"key":"Sundial"},{"floor":44,"key":"Replay:WaspNest"},{"floor":44,"key":"Replay:Bottled Eggs"},{"floor":48,"key":"StoneCalendar"}],"event_choices":[{"damage_healed":0,"gold_gain":0,"player_choice":"Box","damage_taken":0,"relics_obtained":["PreservedInsect"],"max_hp_gain":0,"max_hp_loss":0,"event_name":"Big Fish","floor":2,"gold_loss":0,"cards_obtained":["Regret"]},{"damage_healed":0,"gold_gain":0,"player_choice":"Entered Light","damage_taken":14,"max_hp_gain":0,"max_hp_loss":0,"event_name":"Shining Light","floor":3,"gold_loss":0,"cards_upgraded":["Runesmith:Defend_RS","Runesmith:ChiselStab"]},{"damage_healed":0,"gold_gain":75,"player_choice":"Gather Gold","damage_taken":11,"max_hp_gain":0,"max_hp_loss":0,"event_name":"World of Goop","floor":4,"gold_loss":0},{"damage_healed":17,"gold_gain":0,"player_choice":"Healed","damage_taken":0,"max_hp_gain":0,"max_hp_loss":0,"event_name":"The Cleric","floor":5,"gold_loss":35},{"damage_healed":0,"gold_gain":99,"player_choice":"Stole From Cult","damage_taken":0,"max_hp_gain":0,"max_hp_loss":0,"event_name":"Nest","floor":29,"gold_loss":0},{"damage_healed":0,"gold_gain":0,"player_choice":"Paid","damage_taken":0,"relics_obtained":["Red Mask"],"max_hp_gain":0,"max_hp_loss":0,"event_name":"Tomb of Lord Red Mask","floor":47,"gold_loss":66},{"damage_healed":0,"gold_gain":0,"player_choice":"Fight","damage_taken":0,"max_hp_gain":0,"max_hp_loss":0,"event_name":"MindBloom","floor":48,"gold_loss":0}],"is_beta":false,"boss_relics":[{"not_picked":["Runesmith:UraniumAnvil","ChewingGum"],"picked":"Painkiller Herb"},{"not_picked":["Calling Bell","Fusion Hammer"],"picked":"Black Star"}],"items_purged_floors":[37],"is_endless":false,"potions_floor_spawned":[1,8,12,16,18,21,23,25,27,30,31,33,35,36,38,39,41,44,45,48],"ascension_level":0}}