{"host":"hf26dlu7397s98tc","time":1613498058,"event":{"mods":["100% Spire Juice","Act Like it!","Arknights","Astrologer","BaseMod","CapriCore","GifTheSpireLib","Hermit","Luminous","Minty Spire (QoL Compilation)","Pale of the Ancients","Quick Restart","Reliquary","Robot Space Explorer","StSLib","The Dragon Tamer","The Gatherer","TheWitcher","UnlockEverythingMod","°æ“≈ŒÔø®≈∆°øREMEMod","≤–¡Ù÷ÆŒÔ"],"gold_per_floor":[109,109,284,298,1,35,35,51,77,120,120,143,143,93,93,212,212,235,251,176,64,88,124,147,147,147,162,181,221,171,210,210,339,339,362,312,337,670,686,719,764,764,789,789,814,575,575,575,575,575,588,604,604,473,473,485,485,435,435,435],"floor_reached":61,"language":"ZHS","playtime":2716,"items_purged":["RobotSpaceExplorer:Defend","RobotSpaceExplorer:Defend","RobotSpaceExplorer:Defend","RobotSpaceExplorer:ImprovisedAttack","Madness","RobotSpaceExplorer:GearShield"],"score":1711,"play_id":"a5a54a23-6347-4ba9-833f-9d2210517b9b","local_time":"20210217015418","is_ascension_mode":true,"campfire_choices":[{"floor":11.0,"key":"REST"},{"data":"RobotSpaceExplorer:MiniLasers","floor":15.0,"key":"SMITH"},{"floor":25.0,"key":"RECALL"},{"data":"RobotSpaceExplorer:MiniBoosters","floor":32.0,"key":"SMITH"},{"data":"RobotSpaceExplorer:Defend","floor":42.0,"key":"PURGE"},{"data":"RobotSpaceExplorer:Strike","floor":44.0,"key":"PURGE"},{"data":"RobotSpaceExplorer:ExhaustFan","floor":47.0,"key":"SMITH"},{"data":"RobotSpaceExplorer:Scan","floor":49,"key":"PURGE"},{"data":"RobotSpaceExplorer:PowerCollector","floor":55,"key":"SMITH"},{"data":"RobotSpaceExplorer:MiniLasers+1","floor":57,"key":"PURGE"}],"circlet_count":0,"master_deck":["Seek","RobotSpaceExplorer:PowerCollector+1","RobotSpaceExplorer:ScrapMissile","RobotSpaceExplorer:MiniBoosters+1","RobotSpaceExplorer:ExhaustFan+1","RobotSpaceExplorer:ExhaustFan","RobotSpaceExplorer:ScrapToss","RobotSpaceExplorer:ScrapMissile","RobotSpaceExplorer:ExhaustFan+1","RobotSpaceExplorer:Ammunition","RobotSpaceExplorer:ScrapToss","RobotSpaceExplorer:GearShield+1","Flash of Steel"],"relics":["RobotSpaceExplorer:RoboCore","REME_ComplimentaryCards","NeowsBlessing","Ice Cream","Ancient Tea Set","PlaceholderMod:DeVermisMysteriis","REME_DuelDisc","RobotSpaceExplorer:RingOfTheNewt","Smiling Mask","Calipers","SnafuTest:BearRelic","RobotSpaceExplorer:Reprocessor","Peace Pipe","RobotSpaceExplorer:ToughPlating","Omamori","reliquary:PorcupineQuills","RobotSpaceExplorer:SlideRule","paleoftheancients:Timepiece","paleoftheancients:KeyRelic","Meat on the Bone","Coffee Dripper","Bronze Scales","paleoftheancients:SoulOfTheSilent"],"acts_visited":["Exordium","TheCity","TheBeyond","paleoftheancients:PaleOfTheAncients"],"potions_floor_usage":[51],"damage_taken":[{"damage":0.0,"enemies":"2 Louse","floor":1.0,"turns":1.0},{"damage":0.0,"enemies":"Small Slimes","floor":4.0,"turns":1.0},{"damage":0.0,"enemies":"Lagavulin","floor":6.0,"turns":1.0},{"damage":4.0,"enemies":"Cultist","floor":8.0,"turns":5.0},{"damage":44.0,"enemies":"3 Sentries","floor":10.0,"turns":19.0},{"damage":0.0,"enemies":"3 Louse","floor":12.0,"turns":3.0},{"damage":7.0,"enemies":"Slime Boss","floor":16.0,"turns":7.0},{"damage":0.0,"enemies":"Spheric Guardian","floor":18.0,"turns":1.0},{"damage":0.0,"enemies":"Chosen","floor":19.0,"turns":2.0},{"damage":11.0,"enemies":"Snake Plant","floor":22.0,"turns":4.0},{"damage":6.0,"enemies":"Book of Stabbing","floor":23.0,"turns":3.0},{"damage":0.0,"enemies":"3 Cultists","floor":24.0,"turns":3.0},{"damage":0.0,"enemies":"Centurion and Healer","floor":27.0,"turns":4.0},{"damage":19.0,"enemies":"Snecko","floor":28.0,"turns":5.0},{"damage":5.0,"enemies":"Slavers","floor":29.0,"turns":4.0},{"damage":0.0,"enemies":"Gremlin Leader","floor":31.0,"turns":2.0},{"damage":0.0,"enemies":"Champ","floor":33.0,"turns":5.0},{"damage":0.0,"enemies":"Orb Walker","floor":35.0,"turns":4.0},{"damage":0.0,"enemies":"3 Darklings","floor":37.0,"turns":2.0},{"damage":0.0,"enemies":"Jaw Worm Horde","floor":39.0,"turns":2.0},{"damage":29.0,"enemies":"Nemesis","floor":40.0,"turns":3.0},{"damage":0.0,"enemies":"2 Orb Walkers","floor":41.0,"turns":2.0},{"damage":0.0,"enemies":"Reptomancer","floor":45.0,"turns":2.0},{"damage":0,"enemies":"Awakened One","floor":50,"turns":4},{"damage":2,"enemies":"Awakened One","floor":51,"turns":3},{"damage":0,"enemies":"Awakened One","floor":52,"turns":2},{"damage":0,"enemies":"Awakened One","floor":56,"turns":2},{"damage":0,"enemies":"paleoftheancients:N","floor":60,"turns":2}],"seed_played":"4921441126836369416","potions_obtained":[{"floor":1.0,"key":"PowerPotion"},{"floor":6.0,"key":"RobotSpaceExplorer:PlasmaFlask"},{"floor":12.0,"key":"LiquidMemories"},{"floor":18.0,"key":"PowerPotion"},{"floor":23.0,"key":"Block Potion"},{"floor":29.0,"key":"FairyPotion"},{"floor":31.0,"key":"SneckoOil"},{"floor":39.0,"key":"RobotSpaceExplorer:RecyclePotion"},{"floor":51,"key":"Fruit Juice"}],"is_trial":false,"path_per_floor":["M","?","?","M","$","E","?","M","T","E","R","M","?","?","R","B",null,"M","M","?","$","M","E","M","R","T","M","M","E","$","E","R","B",null,"M","$","M","?","M","E","?","R","T","R","E","$","R","?","R","B","M","M","?","$","R","M","R","$","?","B",null],"character_chosen":"RobotSpaceExplorer","items_purchased":["Ice Cream","RobotSpaceExplorer:ExhaustFan","RobotSpaceExplorer:SlideRule","RobotSpaceExplorer:ScrapToss","Flash of Steel"],"campfire_rested":1,"item_purchase_floors":[5,21,46,46,54],"current_hp_per_floor":[75,57,57,57,57,57,57,53,53,9,31,31,24,24,24,17,75,75,75,75,75,64,58,58,58,58,58,39,34,34,34,34,34,75,75,75,75,75,75,46,46,46,46,46,46,46,46,37,37,75,79,80,80,80,80,80,80,80,80,80],"gold":435,"neow_bonus":"THREE_ENEMY_KILL","is_daily":false,"chose_seed":false,"campfire_upgraded":4,"win_rate":0.0,"timestamp":1613498058,"path_taken":["M","?","?","M","$","E","?","M","T","E","R","?","?","?","R","BOSS","M","M","?","$","M","E","M","R","T","M","M","E","$","E","R","BOSS","M","$","M","?","M","E","?","R","T","R","E","$","R","?","R","BOSS","M","M","?","$","R","M","R","$","?","BOSS"],"items_purchased_type":["Relic","Card","Relic","Card","Card"],"build_version":"2020-12-22","purchased_purges":6,"victory":true,"max_hp_per_floor":[75,75,75,75,75,75,75,75,75,75,75,75,75,75,75,75,75,75,75,75,75,75,75,75,75,75,75,75,75,75,75,75,75,75,75,75,75,75,75,75,75,75,75,75,75,75,75,75,75,75,80,80,80,80,80,80,80,80,80,80],"card_choices":[{"not_picked":["RobotSpaceExplorer:SwiftStep","RobotSpaceExplorer:GlueShot","RobotSpaceExplorer:PlasmaMissile"],"picked":"SKIP","floor":1.0},{"not_picked":["RobotSpaceExplorer:GlueShot","RobotSpaceExplorer:MiniBoosters"],"picked":"RobotSpaceExplorer:GearShield","floor":4.0},{"not_picked":["RobotSpaceExplorer:MiniDrones","RobotSpaceExplorer:ShockKick","RobotSpaceExplorer:Probe"],"picked":"SKIP","floor":6.0},{"not_picked":["RobotSpaceExplorer:SwiftStep","RobotSpaceExplorer:SurgingShield"],"picked":"RobotSpaceExplorer:ScrapMissile","floor":8.0},{"not_picked":["RobotSpaceExplorer:DoubleFind","RobotSpaceExplorer:FrostMissile","RobotSpaceExplorer:MiniDrones"],"picked":"SKIP","floor":10.0},{"not_picked":["RobotSpaceExplorer:StarLightning","RobotSpaceExplorer:PowerGlove"],"picked":"RobotSpaceExplorer:MiniBoosters","floor":12.0},{"not_picked":["RobotSpaceExplorer:StunGrenade+1","RobotSpaceExplorer:Electroshield","RobotSpaceExplorer:ShockKick"],"picked":"SKIP","floor":18.0},{"not_picked":["RobotSpaceExplorer:SwiftStep+1","RobotSpaceExplorer:Probe"],"picked":"RobotSpaceExplorer:ImprovisedAttack","floor":19.0},{"not_picked":["RobotSpaceExplorer:MetalStrike","RobotSpaceExplorer:GearShield+1"],"picked":"RobotSpaceExplorer:ExhaustFan","floor":22.0},{"not_picked":["RobotSpaceExplorer:Blitz","RobotSpaceExplorer:FrostMissile+1","RobotSpaceExplorer:Explosion"],"picked":"SKIP","floor":23.0},{"not_picked":["RobotSpaceExplorer:ScrapMissile+1","RobotSpaceExplorer:FreezingShield"],"picked":"RobotSpaceExplorer:ScrapToss","floor":24.0},{"not_picked":["RobotSpaceExplorer:BigMissile","RobotSpaceExplorer:ShovelStrike","RobotSpaceExplorer:Jetpack"],"picked":"SKIP","floor":27.0},{"not_picked":["RobotSpaceExplorer:ExhaustFan","RobotSpaceExplorer:FreezeRay+1"],"picked":"RobotSpaceExplorer:ScrapMissile","floor":28.0},{"not_picked":["RobotSpaceExplorer:ScrapShield","RobotSpaceExplorer:Electropulse"],"picked":"RobotSpaceExplorer:ExhaustFan+1","floor":29.0},{"not_picked":["RobotSpaceExplorer:PlasmaMissile+1","RobotSpaceExplorer:GlueShot+1","RobotSpaceExplorer:ImprovisedAttack+1"],"picked":"SKIP","floor":31.0},{"not_picked":["RobotSpaceExplorer:Counterblock+1","RobotSpaceExplorer:ImprovisedAttack+1","RobotSpaceExplorer:MetalStrike"],"picked":"SKIP","floor":35.0},{"not_picked":["RobotSpaceExplorer:StunGrenade+1","RobotSpaceExplorer:ShockKick+1","RobotSpaceExplorer:SlimeMissile"],"picked":"SKIP","floor":37.0},{"not_picked":["RobotSpaceExplorer:Pulsar","RobotSpaceExplorer:MiniDrones","RobotSpaceExplorer:FreezingShield+1"],"picked":"SKIP","floor":39.0},{"not_picked":["RobotSpaceExplorer:Jetpack+1","RobotSpaceExplorer:FreezingShield","RobotSpaceExplorer:MiniDrones"],"picked":"SKIP","floor":40.0},{"not_picked":["RobotSpaceExplorer:Pulsar+1","RobotSpaceExplorer:StunGrenade"],"picked":"RobotSpaceExplorer:Ammunition","floor":45.0},{"not_picked":["RobotSpaceExplorer:SwiftStep+1","RobotSpaceExplorer:RigExplosive+1"],"picked":"RobotSpaceExplorer:GearShield+1","floor":51},{"not_picked":["RobotSpaceExplorer:FrostMissile","RobotSpaceExplorer:Probe","RobotSpaceExplorer:Explosion"],"picked":"SKIP","floor":52},{"not_picked":["RobotSpaceExplorer:LaserBurst+1","RobotSpaceExplorer:PowerGlove+1","RobotSpaceExplorer:MiniDrones"],"picked":"SKIP","floor":56}],"player_experience":225464,"relics_obtained":[{"floor":6.0,"key":"Ancient Tea Set"},{"floor":10.0,"key":"PlaceholderMod:DeVermisMysteriis"},{"floor":23.0,"key":"RobotSpaceExplorer:RingOfTheNewt"},{"floor":26.0,"key":"Smiling Mask"},{"floor":29.0,"key":"Calipers"},{"floor":31.0,"key":"SnafuTest:BearRelic"},{"floor":40.0,"key":"Peace Pipe"},{"floor":41.0,"key":"RobotSpaceExplorer:ToughPlating"},{"floor":43.0,"key":"Omamori"},{"floor":45.0,"key":"reliquary:PorcupineQuills"},{"floor":51,"key":"paleoftheancients:SoulOfTheSilent"}],"event_choices":[{"damage_healed":0.0,"max_hp_gain":0.0,"max_hp_loss":0.0,"gold_gain":0.0,"event_name":"Golden Idol","player_choice":"Take Damage","floor":2.0,"gold_loss":0.0,"damage_taken":18.0,"relics_obtained":["Golden Idol"]},{"damage_healed":0.0,"max_hp_gain":0.0,"max_hp_loss":0.0,"gold_gain":175.0,"event_name":"Liars Game","player_choice":"AGREE","floor":3.0,"gold_loss":0.0,"damage_taken":0.0,"cards_obtained":["Doubt"]},{"damage_healed":0.0,"max_hp_gain":0.0,"max_hp_loss":0.0,"gold_gain":0.0,"cards_transformed":["RobotSpaceExplorer:Strike"],"event_name":"Transmorgrifier","player_choice":"Transformed","floor":7.0,"gold_loss":0.0,"damage_taken":0.0,"cards_obtained":["RobotSpaceExplorer:PowerCollector"]},{"cards_removed":["Doubt"],"damage_healed":0.0,"max_hp_gain":0.0,"max_hp_loss":0.0,"gold_gain":0.0,"event_name":"Golden Wing","player_choice":"Card Removal","floor":13.0,"gold_loss":0.0,"damage_taken":7.0},{"cards_removed":["RobotSpaceExplorer:Strike"],"damage_healed":0.0,"max_hp_gain":0.0,"max_hp_loss":0.0,"gold_gain":0.0,"event_name":"The Cleric","player_choice":"Card Removal","floor":14.0,"gold_loss":50.0,"damage_taken":0.0},{"cards_removed":["RobotSpaceExplorer:Strike"],"damage_healed":0.0,"max_hp_gain":0.0,"max_hp_loss":0.0,"gold_gain":0.0,"event_name":"Beggar","player_choice":"Gave Gold","floor":20.0,"gold_loss":75.0,"damage_taken":0.0},{"damage_healed":0.0,"max_hp_gain":0.0,"max_hp_loss":0.0,"gold_gain":333.0,"event_name":"The Moai Head","player_choice":"Gave Idol","floor":38.0,"relics_lost":["Golden Idol"],"gold_loss":0.0,"damage_taken":0.0},{"damage_healed":0.0,"max_hp_gain":0.0,"max_hp_loss":0.0,"gold_gain":0.0,"event_name":"Mysterious Sphere","player_choice":"Fight","floor":41.0,"gold_loss":0.0,"damage_taken":0.0},{"damage_healed":0.0,"max_hp_gain":0.0,"max_hp_loss":0.0,"gold_gain":0.0,"event_name":"Winding Halls","player_choice":"Embrace Madness","floor":48.0,"gold_loss":0.0,"damage_taken":9.0,"cards_obtained":["Madness","Madness"]},{"cards_removed":["Madness"],"damage_healed":0,"gold_gain":0,"player_choice":"Purged","damage_taken":0,"max_hp_gain":0,"max_hp_loss":0,"event_name":"Purifier","floor":53,"gold_loss":0}],"is_beta":false,"boss_relics":[{"not_picked":["PlaceholderMod:LiveLive","Sozu"],"picked":"REME_DuelDisc"},{"not_picked":["Cursed Key","SlaversCollar"],"picked":"RobotSpaceExplorer:Reprocessor"}],"items_purged_floors":[21,30,36,46,54,58],"is_endless":false,"potions_floor_spawned":[1,6,12,18,23,29,31,39,40,45,51],"ascension_level":1}}