{"host":"clgpak7dimivr1r3","time":1613504749,"event":{"mods":["BaseMod","Colored Map","Colored Powertips","Curses Come First","Minty Spire (QoL Compilation)","Relic Stats","Say the Spire","StSLib"],"gold_per_floor":[113,113,127,142,142,172,172,187,187,221,65,65,65,79,79,156,156,166,200,200,210,210,210],"floor_reached":22,"language":"ENG","playtime":696,"items_purged":["Strike_R"],"score":349,"play_id":"0f43079b-d536-4519-9a3e-cc55eda4ac15","local_time":"20210216224549","is_ascension_mode":true,"campfire_choices":[{"floor":7,"key":"REST"},{"data":"Whirlwind","floor":13,"key":"SMITH"},{"data":"Bludgeon","floor":15,"key":"SMITH"}],"circlet_count":0,"master_deck":["AscendersBane","Strike_R","Strike_R","Strike_R","Strike_R","Defend_R","Defend_R","Defend_R","Defend_R","Bash","Cleave","Spot Weakness","Headbutt","Whirlwind+1","Warcry","Metallicize","Bludgeon+1","Limit Break","Carnage"],"relics":["Burning Blood","NeowsBlessing","Omamori","Dream Catcher","Gremlin Horn","Mark of Pain","Red Mask","Centennial Puzzle"],"acts_visited":["Exordium","TheCity"],"potions_floor_usage":[10,19,22],"damage_taken":[{"damage":0,"enemies":"Small Slimes","floor":1,"turns":1},{"damage":0,"enemies":"Cultist","floor":3,"turns":1},{"damage":0,"enemies":"Jaw Worm","floor":4,"turns":1},{"damage":35,"enemies":"3 Sentries","floor":6,"turns":7},{"damage":28,"enemies":"Lots of Slimes","floor":8,"turns":3},{"damage":35,"enemies":"Lagavulin","floor":10,"turns":5},{"damage":18,"enemies":"Large Slime","floor":14,"turns":4},{"damage":46,"enemies":"Slime Boss","floor":16,"turns":7},{"damage":6,"enemies":"3 Byrds","floor":18,"turns":3},{"damage":63,"enemies":"Masked Bandits","floor":19,"turns":4},{"damage":3,"enemies":"Chosen","floor":21,"turns":3},{"damage":24,"enemies":"Snecko","floor":22,"turns":3}],"seed_played":"5483918626151453966","potions_obtained":[{"floor":1,"key":"Ancient Potion"},{"floor":2,"key":"Dexterity Potion"},{"floor":6,"key":"BloodPotion"},{"floor":8,"key":"DuplicationPotion"},{"floor":18,"key":"BlessingOfTheForge"}],"is_trial":false,"path_per_floor":["M","?","M","M","?","E","R","M","T","E","$","?","R","M","R","B",null,"M","?","?","M","M"],"character_chosen":"IRONCLAD","items_purchased":["Metallicize"],"campfire_rested":1,"item_purchase_floors":[11],"current_hp_per_floor":[74,74,75,75,75,46,68,46,46,17,17,75,75,63,63,23,62,62,20,20,23,0,0],"gold":210,"neow_bonus":"THREE_ENEMY_KILL","is_daily":false,"chose_seed":false,"campfire_upgraded":2,"win_rate":0.0,"timestamp":1613504749,"path_taken":["M","?","?","M","?","E","R","M","T","E","?","?","R","?","R","BOSS","M","?","?","M","M"],"items_purchased_type":["Card"],"build_version":"2020-12-22","purchased_purges":1,"victory":false,"max_hp_per_floor":[75,75,75,75,75,75,75,75,75,75,75,75,75,75,75,75,75,75,75,75,75,75,75],"relic_stats":{"Dream Catcher":0,"Centennial Puzzle":[3],"Gremlin Horn":[6,6],"counters":[12,42],"obtain_stats":[{"Dream Catcher":9,"Centennial Puzzle":20,"NeowsBlessing":0,"Gremlin Horn":10,"Mark of Pain":17,"Omamori":6,"Red Mask":19,"Burning Blood":0},{"Dream Catcher":5,"Centennial Puzzle":10,"NeowsBlessing":0,"Gremlin Horn":6,"Mark of Pain":8,"Omamori":4,"Red Mask":10,"Burning Blood":0},{"Dream Catcher":13,"Centennial Puzzle":36,"NeowsBlessing":0,"Gremlin Horn":18,"Mark of Pain":29,"Omamori":10,"Red Mask":36,"Burning Blood":0}],"Burning Blood":55},"card_choices":[{"not_picked":["Sentinel","Rage"],"picked":"Cleave","floor":1},{"not_picked":["Pommel Strike","Clash"],"picked":"Spot Weakness","floor":3},{"not_picked":["Clash","Sword Boomerang"],"picked":"Headbutt","floor":4},{"not_picked":["Rupture","Thunderclap"],"picked":"Whirlwind","floor":6},{"not_picked":["Anger","Fire Breathing"],"picked":"Seeing Red","floor":8},{"not_picked":["Burning Pact","Uppercut"],"picked":"Warcry","floor":10},{"not_picked":["Cleave","Sever Soul"],"picked":"Bludgeon","floor":14},{"not_picked":["Bludgeon","Immolate"],"picked":"Limit Break","floor":16},{"not_picked":["Hemokinesis","Twin Strike","Metallicize"],"picked":"SKIP","floor":18},{"not_picked":["True Grit","Body Slam"],"picked":"Carnage","floor":21}],"player_experience":139688,"relics_obtained":[{"floor":6,"key":"Omamori"},{"floor":9,"key":"Dream Catcher"},{"floor":10,"key":"Gremlin Horn"},{"floor":19,"key":"Red Mask"}],"event_choices":[{"damage_healed":0,"gold_gain":0,"player_choice":"Got Potions","damage_taken":0,"max_hp_gain":0,"max_hp_loss":0,"event_name":"Lab","floor":2,"gold_loss":0},{"damage_healed":0,"gold_gain":0,"player_choice":"Full Heal","damage_taken":0,"max_hp_gain":0,"max_hp_loss":0,"event_name":"Wheel of Change","floor":5,"gold_loss":0},{"cards_removed":["Seeing Red"],"damage_healed":58,"gold_gain":0,"player_choice":"Offered Uncommon","damage_taken":0,"max_hp_gain":0,"max_hp_loss":0,"event_name":"Bonfire Elementals","floor":12,"gold_loss":0},{"damage_healed":0,"gold_gain":0,"player_choice":"Fought Bandits","damage_taken":0,"max_hp_gain":0,"max_hp_loss":0,"event_name":"Masked Bandits","floor":19,"gold_loss":0},{"damage_healed":0,"gold_gain":0,"player_choice":"Stole Relic","damage_taken":0,"relics_obtained":["Centennial Puzzle"],"max_hp_gain":0,"max_hp_loss":0,"event_name":"Addict","floor":20,"gold_loss":0,"cards_obtained":["Shame"]}],"is_beta":false,"boss_relics":[{"not_picked":["Busted Crown","Astrolabe"],"picked":"Mark of Pain"}],"items_purged_floors":[11],"is_endless":false,"potions_floor_spawned":[1,6,8,18],"killed_by":"Snecko","ascension_level":16}}