{"host":"w01zow3jg16g8jdh","time":1613485390,"event":{"mods":["2.2 Compatiblity","AchievementEnabler","BaseMod","DeckTracker","Hermit","Keyboard Shortcuts","Marisa£¨Ùöéë¡¡Øª×âÞÞ£©","Minty Spire (QoL Compilation)","Permanent Neow","StSLib","SuperFastMode"],"gold_per_floor":[118,118,118,141,51,91,91,56,133,133,58,58,76,94,94,190,190,203,227,250,250,268,298,298,311,311,311,311,361,372,386,386,465,465,485,485,485,104,122,150,150,178,178,188,13,30,47,75,75,75],"floor_reached":51,"language":"KOR","playtime":1092,"items_purged":["Strike_MRS","Strike_MRS","Strike_MRS"],"score":1419,"play_id":"4fd3be90-2726-498f-9ac8-fd3d49b2970f","local_time":"20210216232310","is_ascension_mode":true,"campfire_choices":[{"data":"MasterSpark","floor":7,"key":"SMITH"},{"data":"GrandCross","floor":10,"key":"SMITH"},{"data":"SporeBomb","floor":12,"key":"SMITH"},{"floor":15,"key":"REST"},{"floor":24,"key":"REST"},{"floor":27,"key":"REST"},{"floor":32,"key":"REST"},{"data":"EventHorizon","floor":41,"key":"SMITH"},{"data":"MilkyWay","floor":49,"key":"SMITH"}],"circlet_count":0,"master_deck":["AscendersBane","Defend_MRS","Defend_MRS","MasterSpark+1","UpSweep","SporeBomb+1","PropBag","GrandCross+1","Acceleration","AlicesGift+1","ManaRampage","GrandCross+1","CasketOfStar","Acceleration+1","GrandCross+1","EventHorizon+1","MagicChant+1","AsteroidBelt","MilkyWay+1","AsteroidBelt+1"],"relics":["BewitchedHakkero","Bloody Idol","CaptainsWheel","Molten Egg 2","Kunai","AmplifyWand","ExperimentalFamiliar","Ancient Tea Set","Bag of Preparation","Torii","Bottled Tornado","BreadOfAWashokuLover"],"acts_visited":["Exordium","TheCity","TheBeyond"],"potions_floor_usage":[16,19,19,31,33,33,50,50],"damage_taken":[{"damage":1,"enemies":"Cultist","floor":1,"turns":4},{"damage":8,"enemies":"Small Slimes","floor":4,"turns":2},{"damage":20,"enemies":"Lagavulin","floor":6,"turns":5},{"damage":12,"enemies":"Jaw Worm","floor":13,"turns":2},{"damage":6,"enemies":"Looter","floor":14,"turns":2},{"damage":2,"enemies":"The Guardian","floor":16,"turns":6},{"damage":14,"enemies":"Shell Parasite","floor":18,"turns":3},{"damage":22,"enemies":"2 Thieves","floor":19,"turns":3},{"damage":7,"enemies":"Cultist and Chosen","floor":20,"turns":2},{"damage":18,"enemies":"Snecko","floor":22,"turns":3},{"damage":40,"enemies":"Slavers","floor":23,"turns":4},{"damage":18,"enemies":"Snake Plant","floor":25,"turns":2},{"damage":10,"enemies":"Shelled Parasite and Fungi","floor":30,"turns":3},{"damage":7,"enemies":"Sentry and Sphere","floor":31,"turns":3},{"damage":57,"enemies":"Champ","floor":33,"turns":7},{"damage":0,"enemies":"3 Darklings","floor":35,"turns":2},{"damage":0,"enemies":"Orb Walker","floor":39,"turns":1},{"damage":37,"enemies":"Reptomancer","floor":40,"turns":4},{"damage":0,"enemies":"Giant Head","floor":42,"turns":2},{"damage":10,"enemies":"Writhing Mass","floor":44,"turns":3},{"damage":0,"enemies":"3 Darklings","floor":46,"turns":2},{"damage":0,"enemies":"Transient","floor":47,"turns":5},{"damage":8,"enemies":"Nemesis","floor":48,"turns":3},{"damage":10,"enemies":"Time Eater","floor":50,"turns":7}],"seed_played":"-4781641492322108648","potions_obtained":[{"floor":4,"key":"Energy Potion"},{"floor":13,"key":"Strength Potion"},{"floor":18,"key":"EssenceOfSteel"},{"floor":23,"key":"BlessingOfTheForge"},{"floor":30,"key":"Fire Potion"},{"floor":31,"key":"FearPotion"},{"floor":35,"key":"Energy Potion"},{"floor":42,"key":"AttackPotion"}],"is_trial":false,"path_per_floor":["M","?","?","M","$","E","R","?","T","R","$","R","M","M","R","B",null,"M","M","M","?","M","E","R","M","T","R","?","?","M","M","R","B",null,"M","?","?","$","M","E","R","E","T","M","$","M","M","E","R","B",null],"character_chosen":"MARISA","items_purchased":["PropBag","GrandCross","GrandCross+1","Ancient Tea Set","EventHorizon","AsteroidBelt"],"campfire_rested":4,"item_purchase_floors":[5,5,38,38,38,45],"current_hp_per_floor":[44,37,37,29,29,9,9,24,24,24,24,24,12,6,24,22,53,39,17,10,10,47,12,30,17,17,35,35,34,29,27,45,20,52,57,57,57,57,62,42,42,47,47,42,42,47,52,49,49,40],"gold":75,"neow_bonus":"REMOVE_TWO","is_daily":false,"chose_seed":false,"campfire_upgraded":5,"win_rate":0.0,"timestamp":1613485390,"path_taken":["M","?","?","M","?","E","R","?","T","R","$","R","M","M","R","BOSS","M","M","M","?","M","E","R","M","T","R","?","?","?","M","R","BOSS","M","?","?","$","M","E","R","E","T","M","?","M","M","E","R","BOSS"],"items_purchased_type":["Card","Card","Card","Relic","Card","Card"],"build_version":"2020-12-22","purchased_purges":3,"victory":true,"max_hp_per_floor":[70,70,63,63,63,63,63,63,63,63,63,63,63,63,63,63,63,63,63,63,63,63,63,63,63,63,63,63,63,63,63,63,63,63,63,63,63,63,63,63,63,63,63,63,63,63,63,63,63,63],"card_choices":[{"not_picked":["MeteoricShower","EnergyFlow"],"picked":"SporeBomb","floor":1},{"not_picked":["IllusionStar","ShootingEcho"],"picked":"SprinkleStarSeal","floor":4},{"not_picked":["SprinkleStarSeal","DC"],"picked":"Acceleration","floor":6},{"not_picked":["ManaConvection","DragonMeteor+1","SporeBomb"],"picked":"SKIP","floor":13},{"not_picked":["StarDustReverie","EnergyRecoil"],"picked":"AlicesGift+1","floor":14},{"not_picked":["SuperNova","BinaryStars"],"picked":"ManaRampage","floor":16},{"not_picked":["DoubleSpark+1","OpenUniverse"],"picked":"GrandCross+1","floor":18},{"not_picked":["IllusionStar","PowerUp","MilkyWay"],"picked":"SKIP","floor":19},{"not_picked":["NonDirectionalLaser+1","WitchLeyline+1","FairyDestructionRay+1"],"picked":"SKIP","floor":20},{"not_picked":["MachineGunSpark+1","AsteroidBelt","UnstableBomb+1"],"picked":"SKIP","floor":22},{"not_picked":["Orbital","EnergyRecoil","ChargingUp"],"picked":"SKIP","floor":23},{"not_picked":["LuminesStrike+1","FairyDestructionRay+1","DragonMeteor+1"],"picked":"SKIP","floor":25},{"not_picked":["DragonMeteor+1","ShootingEcho+1","BinaryStars"],"picked":"SKIP","floor":30},{"not_picked":["WitchLeyline+1","DoubleSpark+1","AsteroidBelt"],"picked":"SKIP","floor":31},{"not_picked":["SatelliteIllusion","TreasureHunter+1"],"picked":"CasketOfStar","floor":33},{"not_picked":["MilkyWay","EnergyFlow"],"picked":"Acceleration+1","floor":35},{"not_picked":["WitchLeyline+1","ShootingEcho+1","SporeBomb"],"picked":"SKIP","floor":39},{"not_picked":["ChargeUpSpray+1","IllusionStar"],"picked":"MagicChant+1","floor":40},{"not_picked":["ShootingEcho+1","WitchLeyline+1","6A+1"],"picked":"SKIP","floor":42},{"not_picked":["BlazeAway","GravityBeat+1","FairyDestructionRay+1"],"picked":"SKIP","floor":44},{"not_picked":["WitchLeyline+1","AbsoluteMagnitude+1","MilkyWay"],"picked":"SKIP","floor":46},{"not_picked":["WitchLeyline+1","AbsoluteMagnitude+1"],"picked":"MilkyWay","floor":46},{"not_picked":["ShootingEcho+1","SuperPerseids+1"],"picked":"AsteroidBelt+1","floor":47},{"not_picked":["PulseMagic","MilkyWay","EventHorizon"],"picked":"SKIP","floor":48}],"player_experience":396191,"relics_obtained":[{"floor":6,"key":"CaptainsWheel"},{"floor":9,"key":"Molten Egg 2"},{"floor":23,"key":"Kunai"},{"floor":26,"key":"AmplifyWand"},{"floor":40,"key":"Bag of Preparation"},{"floor":42,"key":"Torii"},{"floor":43,"key":"Bottled Tornado"},{"floor":48,"key":"BreadOfAWashokuLover"}],"event_choices":[{"cards_removed":["Defend_MRS"],"damage_healed":0,"gold_gain":0,"player_choice":"Card Removal","damage_taken":7,"max_hp_gain":0,"max_hp_loss":0,"event_name":"Golden Wing","floor":2,"gold_loss":0},{"damage_healed":0,"gold_gain":0,"player_choice":"Lose Max HP","damage_taken":0,"relics_obtained":["Golden Idol"],"max_hp_gain":0,"max_hp_loss":7,"event_name":"Golden Idol","floor":3,"gold_loss":0},{"damage_healed":15,"gold_gain":0,"player_choice":"Healed","damage_taken":0,"max_hp_gain":0,"max_hp_loss":0,"event_name":"The Cleric","floor":8,"gold_loss":35},{"damage_healed":0,"gold_gain":0,"player_choice":"Gave Idol","damage_taken":0,"relics_obtained":["Bloody Idol"],"max_hp_gain":0,"max_hp_loss":0,"event_name":"Forgotten Altar","floor":21,"relics_lost":["Golden Idol"],"gold_loss":0},{"damage_healed":0,"gold_gain":0,"player_choice":"Ignored","damage_taken":0,"max_hp_gain":0,"max_hp_loss":0,"event_name":"The Mausoleum","floor":28,"gold_loss":0},{"damage_healed":0,"gold_gain":50,"player_choice":"Touch","damage_taken":6,"max_hp_gain":0,"max_hp_loss":0,"event_name":"FaceTrader","floor":29,"gold_loss":0},{"damage_healed":0,"gold_gain":0,"player_choice":"Ignored","damage_taken":0,"max_hp_gain":0,"max_hp_loss":0,"event_name":"Tomb of Lord Red Mask","floor":36,"gold_loss":0},{"cards_removed":["SprinkleStarSeal"],"damage_healed":0,"gold_gain":0,"player_choice":"Removed Skill","damage_taken":0,"max_hp_gain":0,"max_hp_loss":0,"event_name":"Falling","floor":37,"gold_loss":0}],"is_beta":false,"boss_relics":[{"not_picked":["Snecko Eye","Fusion Hammer"],"picked":"BewitchedHakkero"},{"not_picked":["Cursed Key","Busted Crown"],"picked":"ExperimentalFamiliar"}],"items_purged_floors":[11,38,45],"is_endless":false,"potions_floor_spawned":[4,13,14,18,23,30,31,35,42,47],"ascension_level":15}}