{"host":"h5acbxt0wmjo1kpm","time":1613453870,"event":{"mods":["2.2 Compatiblity","Act Like it!","AlwaysNeverKeys","Aspiration","Bard","Bartender","BaseMod","Better Third Choice","Colored Map","Elementarium","Gensokyo","GifTheSpireLib","Hallownest","Marisa????????","Menagerie","Minty Spire (QoL Compilation)","Permanent Neow","Potionbrewer","Quick Restart","Relic Filter","Reliquary","Robot Space Explorer","Ruina","RumiaBox-????????","Shade Mod","Spicy Shops","StSLib","Strawberry Spire","The Blackbeard","The Dragon Tamer","The Gatherer","The Hayseed","The Problem Sleuth","The Servant 0.9.4","Wandering Minibosses","Wide Potions"],"gold_per_floor":[210,230,244,148,148,148,0,0,27,27,61,76,76,92,92,163,163,175,293,306,5,5,5,5,5,5,19,19,30,30,68,68,154,154,174,17,34,34,61,86,124,124,124,124,124,140,140,172,172,172,172,172],"floor_reached":50,"language":"ENG","playtime":3138,"items_purged":["Doubt"],"score":886,"play_id":"d86436e8-bc3d-4b47-a846-b97c7fcdfafd","local_time":"20210215213750","is_ascension_mode":true,"campfire_choices":[{"data":"Menagerie:MirarisWake","floor":6.0,"key":"SMITH"},{"data":"Menagerie:Slaughter","floor":10.0,"key":"SMITH"},{"data":"Menagerie:WallOfBlossoms","floor":15.0,"key":"SMITH"},{"floor":23,"key":"REST"},{"data":"blackbeard:WiseDefense","floor":25,"key":"SMITH"},{"floor":30,"key":"REST"},{"data":"blackbeard:BeatUp","floor":32,"key":"SMITH"},{"floor":45,"key":"REST"},{"floor":47,"key":"RECALL"},{"floor":49,"key":"REST"}],"circlet_count":0,"master_deck":["AscendersBane","blackbeard:IntimidatingStrike","blackbeard:Cutlass","blackbeard:Rum","blackbeard:Toast","blackbeard:Shrapnel","Menagerie:MirarisWake+1","Menagerie:LightningHelix","blackbeard:Rum","Menagerie:Slaughter+1","blackbeard:WiseDefense+1","strawberrySpire:Plunge","Skewer","blackbeard:TerrorOfTheSeas","blackbeard:PirateStrength","blackbeard:CaptainsCabin","blackbeard:CloakAndCannonball","blackbeard:WiseDefense+1","blackbeard:CaptainsCabin+1","Menagerie:WallOfBlossoms+1","Menagerie:WallOfBlossoms+1","Menagerie:WallOfBlossoms+1","Menagerie:WallOfBlossoms+1","Menagerie:WallOfBlossoms+1","Clumsy","Survivor","Adrenaline","Leg Sweep","blackbeard:BeatUp+1","blackbeard:FinalBarrage","Reflex","strawberrySpire:DeltaFlow","Dodge and Roll","blackbeard:PirateEarring","blackbeard:RearmingStrike+1"],"relics":["blackbeard:LoadTheCannons","reliquary:RedPaperclip","strawberrySpire:GlyphStone","strawberrySpire:BrokenPrinter","Oddly Smooth Stone","CeramicFish","EasyGame_NEW","Chemical X","Centennial Puzzle","Vajra","Omamori"],"acts_visited":["Menagerie:Menagerie","ruina:Briah","Gensokyo:Gensokyoest"],"potions_floor_usage":[20,41],"damage_taken":[{"damage":6.0,"enemies":"Menagerie:2_RABBITS","floor":1.0,"turns":4.0},{"damage":2.0,"enemies":"Menagerie:WhisperingWraith","floor":2.0,"turns":6.0},{"damage":9.0,"enemies":"Menagerie:MonstrousExperiment","floor":3.0,"turns":5.0},{"damage":8.0,"enemies":"Menagerie:Hydra","floor":11.0,"turns":6.0},{"damage":0.0,"enemies":"Menagerie:KEEPER_AND_YOUNG_SUNEATER","floor":12.0,"turns":5.0},{"damage":6.0,"enemies":"Menagerie:RedMage","floor":14.0,"turns":7.0},{"damage":20.0,"enemies":"Menagerie:AVATARS","floor":16.0,"turns":6.0},{"damage":18,"enemies":"ruina:BadWolf","floor":18,"turns":3},{"damage":24,"enemies":"ruina:3_Bats","floor":20,"turns":5},{"damage":9,"enemies":"ruina:QueenOfHate","floor":27,"turns":5},{"damage":20,"enemies":"ruina:KnightOfDespair","floor":29,"turns":5},{"damage":12,"enemies":"ruina:RoadHome","floor":31,"turns":7},{"damage":7,"enemies":"ruina:Red_and_Wolf","floor":33,"turns":10},{"damage":38,"enemies":"Gensokyo:3_Boulders","floor":35,"turns":7},{"damage":0,"enemies":"Gensokyo:3_Bats","floor":37,"turns":3},{"damage":0,"enemies":"Gensokyo:AtlasGolem","floor":40,"turns":6},{"damage":2,"enemies":"Gensokyo:Doremy","floor":41,"turns":6},{"damage":6,"enemies":"Gensokyo:3_Boulders","floor":46,"turns":5},{"damage":32,"enemies":"Gensokyo:Marisa","floor":48,"turns":4},{"damage":22,"enemies":"Gensokyo:Yuyuko","floor":50,"turns":3}],"seed_played":"7297452387446870969","potions_obtained":[{"floor":1.0,"key":"potionbrewer:BarricadePotion"},{"floor":3.0,"key":"SteroidPotion"},{"floor":11.0,"key":"Weak Potion"},{"floor":14.0,"key":"DistilledChaos"},{"floor":18,"key":"Weak Potion"},{"floor":40,"key":"potionbrewer:InfectionPotion"},{"floor":48,"key":"Dexterity Potion"}],"is_trial":false,"path_per_floor":["M","M","M","$","?","R","$","?","T","R","E","M","?","M","R","B",null,"M","?","M","$","?","R","?","R","T","M","?","M","R","E","R","B",null,"M","$","M","COS","?","M","E","$","T","?","R","M","R","E","R","B"],"character_chosen":"BLACKBEARD_CLASS","items_purchased":["blackbeard:Dagger","blackbeard:Shrapnel","blackbeard:Rum","strawberrySpire:GlyphStone","strawberrySpire:BrokenPrinter","Chemical X"],"campfire_rested":4,"item_purchase_floors":[4,4,7,21,21,36],"current_hp_per_floor":[58,56,47,47,47,47,47,40,40,40,35,38,38,35,35,18,51,36,36,15,15,15,33,33,33,33,27,27,10,28,19,19,15,50,15,15,18,18,18,21,22,22,22,22,40,37,37,8,26,0,0,0],"gold":172,"neow_bonus":"HUNDRED_GOLD","is_daily":false,"chose_seed":false,"campfire_upgraded":5,"win_rate":0.0,"timestamp":1613453870,"path_taken":["M","M","M","$","?","R","$","?","T","R","E","M","?","?","R","BOSS","M","?","?","$","?","R","?","R","T","?","?","M","R","E","R","BOSS","M","$","M","COS","?","M","E","?","T","?","R","M","R","E","R","BOSS"],"items_purchased_type":["Card","Card","Card","Relic","Relic","Relic"],"build_version":"2020-12-22","purchased_purges":1,"victory":false,"max_hp_per_floor":[71,71,71,71,62,62,62,62,62,62,62,62,62,62,62,62,62,62,62,62,62,62,62,62,62,62,62,62,62,62,62,62,62,62,62,62,62,62,62,62,62,62,62,62,62,62,62,62,62,1,1,1],"card_choices":[{"not_picked":["blackbeard:Eyepatch","blackbeard:CannonBarrage"],"picked":"blackbeard:Rum","floor":1.0},{"not_picked":["blackbeard:Revenge","blackbeard:Upgrade"],"picked":"blackbeard:Toast","floor":2.0},{"not_picked":["blackbeard:AgileStrike","blackbeard:Toast"],"picked":"blackbeard:Upgrade","floor":3.0},{"not_picked":["Menagerie:QuirionDryad","Menagerie:Dismember"],"picked":"Menagerie:WallOfBlossoms","floor":5.0},{"not_picked":["Menagerie:DarkRitual","Menagerie:SuddenReclamation"],"picked":"Menagerie:MirarisWake","floor":5.0},{"not_picked":["Menagerie:LightningBolt","Menagerie:MirarisWake"],"picked":"Menagerie:LightningHelix","floor":5.0},{"not_picked":["blackbeard:Upgrade","blackbeard:FieryDefense"],"picked":"blackbeard:WiseDefense","floor":11.0},{"not_picked":["blackbeard:Scrap","blackbeard:Toast"],"picked":"blackbeard:PiratesWill","floor":12.0},{"not_picked":["blackbeard:Bandana","blackbeard:JollyRoger"],"picked":"blackbeard:TerrorOfTheSeas","floor":14.0},{"not_picked":["blackbeard:PowerHungry","blackbeard:TheDrunkenSailor"],"picked":"blackbeard:PirateStrength","floor":16.0},{"not_picked":["blackbeard:Shrapnel","blackbeard:Bandana"],"picked":"blackbeard:CaptainsCabin","floor":18},{"not_picked":["blackbeard:GoldenStrike","blackbeard:BeatUp"],"picked":"blackbeard:CloakAndCannonball","floor":20},{"not_picked":["blackbeard:BlindAttacks","blackbeard:Spear","blackbeard:JollyRoger"],"picked":"SKIP","floor":27},{"not_picked":["blackbeard:TacticalRetreat","blackbeard:Fencing+1","blackbeard:Toast"],"picked":"SKIP","floor":29},{"not_picked":["blackbeard:HumongousCannonball","blackbeard:CaptainsCabin"],"picked":"blackbeard:BeatUp","floor":31},{"not_picked":["blackbeard:ReapersScythe","blackbeard:Halberd"],"picked":"blackbeard:FinalBarrage","floor":33},{"not_picked":["blackbeard:WoodenLeg+1","blackbeard:Recklessness","blackbeard:CannonballSupply"],"picked":"SKIP","floor":35},{"not_picked":["blackbeard:VengefulSpirit","blackbeard:DelayedPain+1","blackbeard:WeaponProficiency"],"picked":"SKIP","floor":37},{"not_picked":["blackbeard:SwordDance","blackbeard:Sharpening+1"],"picked":"blackbeard:PirateEarring","floor":40},{"not_picked":["blackbeard:JollyRoger+1","blackbeard:Fencing+1"],"picked":"blackbeard:RearmingStrike+1","floor":41},{"not_picked":["blackbeard:GhostInTheRum+1","blackbeard:WeaponProficiency","blackbeard:CaptainsCabin+1"],"picked":"SKIP","floor":46},{"not_picked":["blackbeard:Shrapnel+1","blackbeard:CannonballSupply+1","blackbeard:PiratesWill"],"picked":"SKIP","floor":48},{"not_picked":["blackbeard:Shrapnel+1","blackbeard:CannonballSupply+1","blackbeard:PiratesWill"],"picked":"SKIP","floor":48}],"player_experience":2262599,"relics_obtained":[{"floor":9.0,"key":"Happy Flower"},{"floor":11.0,"key":"reliquary:SharkskinSheath"},{"floor":26,"key":"Oddly Smooth Stone"},{"floor":31,"key":"CeramicFish"},{"floor":41,"key":"Centennial Puzzle"},{"floor":48,"key":"Omamori"}],"event_choices":[{"damage_healed":0.0,"max_hp_gain":0.0,"max_hp_loss":9.0,"gold_gain":0.0,"event_name":"Menagerie:OvergrownLibrary","player_choice":"Read","floor":5.0,"gold_loss":0.0,"damage_taken":0.0,"cards_obtained":["Doubt"]},{"damage_healed":0.0,"max_hp_gain":0.0,"max_hp_loss":0.0,"gold_gain":0.0,"event_name":"Menagerie:MageAndMonster","player_choice":"Help the mage","floor":8.0,"gold_loss":0.0,"damage_taken":7.0,"cards_obtained":["Menagerie:Slaughter"]}],"is_beta":false,"boss_relics":[{"not_picked":["aspiration:WatcherSkillbook","aspiration:SecretTechniqueScroll"],"picked":"reliquary:RedPaperclip"},{"not_picked":["aspiration:PoetsPen","Velvet Choker"],"picked":"EasyGame_NEW"}],"items_purged_floors":[7],"is_endless":false,"potions_floor_spawned":[1,3,11,14,18,40,48],"killed_by":"Gensokyo:Yuyuko","ascension_level":15}}