{"host":"ia9e4s524g7bamk7","time":1613498820,"event":{"mods":["AchievementEnabler","BaseMod","Colored Map","Minty Spire (QoL Compilation)","Permanent Neow","Slay-I","slay the spire mod where everything is the same but ironclad has a cowboy hat"],"gold_per_floor":[365,365,60,73,90,120,120,140,140,152,179,179,191,211,211,310,310,290,290,304,304,19,53,53,80,129,129,145,172,190,208,208,307,307,319,339,137,147,147,178,178,197,224,224,224,224,239,589,589,589,589,589,54,88,88,88],"floor_reached":55,"language":"ENG","playtime":5739,"items_purged":["Doubt","Reprogram","Heatsinks","Coolheaded"],"score":1179,"play_id":"d72690c2-5a45-416a-a66f-9a0ffc55e0b1","local_time":"20210216190700","is_ascension_mode":true,"campfire_choices":[{"data":"Streamline","floor":7.0,"key":"SMITH"},{"floor":12.0,"key":"REST"},{"data":"Core Surge","floor":15.0,"key":"SMITH"},{"data":"Blizzard","floor":24.0,"key":"SMITH"},{"floor":32.0,"key":"REST"},{"floor":41.0,"key":"REST"},{"floor":44.0,"key":"REST"},{"floor":49.0,"key":"RECALL"},{"data":"Seek","floor":52.0,"key":"SMITH"}],"circlet_count":0,"master_deck":["AscendersBane","Zap","Dualcast","Glacier","Glacier+1","Steam","Streamline+1","Go for the Eyes+1","Core Surge+1","Blizzard+1","Echo Form","Recycle","Stack","BootSequence","Capacitor","Leap+1","Blizzard+1","Glacier+1","Coolheaded","Conserve Battery","Chill+1","Cold Snap+1","Seek+1","Consume+1","Violence","Writhe","Chill+1","Hologram+1"],"relics":["Cracked Core","Bag of Marbles","War Paint","White Beast Statue","Akabeko","Pen Nib","Pandora\u0027s Box","DollysMirror","Smiling Mask","Art of War","Centennial Puzzle","Philosopher\u0027s Stone","Vajra","Matryoshka","Blood Vial","Toy Ornithopter","Old Coin","Pantograph","Whetstone","Orichalcum"],"acts_visited":["Exordium","TheCity","TheBeyond","TheEnding"],"potions_floor_usage":[54,55,55,55],"damage_taken":[{"damage":3.0,"enemies":"Jaw Worm","floor":1.0,"turns":6.0},{"damage":0.0,"enemies":"Cultist","floor":4.0,"turns":5.0},{"damage":0.0,"enemies":"Small Slimes","floor":5.0,"turns":6.0},{"damage":23.0,"enemies":"3 Sentries","floor":6.0,"turns":11.0},{"damage":1.0,"enemies":"2 Fungi Beasts","floor":8.0,"turns":3.0},{"damage":2.0,"enemies":"3 Louse","floor":10.0,"turns":3.0},{"damage":17.0,"enemies":"Gremlin Nob","floor":11.0,"turns":6.0},{"damage":0.0,"enemies":"Red Slaver","floor":13.0,"turns":3.0},{"damage":0.0,"enemies":"Blue Slaver","floor":14.0,"turns":1.0},{"damage":15.0,"enemies":"Slime Boss","floor":16.0,"turns":10.0},{"damage":1.0,"enemies":"2 Thieves","floor":18.0,"turns":4.0},{"damage":0.0,"enemies":"Chosen","floor":20.0,"turns":4.0},{"damage":54.0,"enemies":"Gremlin Leader","floor":23.0,"turns":10.0},{"damage":10.0,"enemies":"Slavers","floor":25.0,"turns":13.0},{"damage":5.0,"enemies":"Shelled Parasite and Fungi","floor":28.0,"turns":4.0},{"damage":0.0,"enemies":"Gremlin Leader","floor":29.0,"turns":8.0},{"damage":0.0,"enemies":"Centurion and Healer","floor":30.0,"turns":3.0},{"damage":0.0,"enemies":"Snecko","floor":31.0,"turns":10.0},{"damage":25.0,"enemies":"Automaton","floor":33.0,"turns":11.0},{"damage":4.0,"enemies":"Orb Walker","floor":35.0,"turns":4.0},{"damage":6.0,"enemies":"3 Shapes","floor":36.0,"turns":4.0},{"damage":21.0,"enemies":"Jaw Worm Horde","floor":38.0,"turns":4.0},{"damage":32.0,"enemies":"Nemesis","floor":40.0,"turns":9.0},{"damage":12.0,"enemies":"Spire Growth","floor":42.0,"turns":6.0},{"damage":4.0,"enemies":"Writhing Mass","floor":47.0,"turns":7.0},{"damage":25.0,"enemies":"Mind Bloom Boss Battle","floor":48.0,"turns":10.0},{"damage":11.0,"enemies":"Awakened One","floor":50.0,"turns":12.0},{"damage":34,"enemies":"Shield and Spear","floor":54,"turns":8},{"damage":82,"enemies":"The Heart","floor":55,"turns":12}],"seed_played":"-1172942283262386833","potions_obtained":[{"floor":1.0,"key":"SneckoOil"},{"floor":6.0,"key":"Ancient Potion"},{"floor":8.0,"key":"Strength Potion"},{"floor":10.0,"key":"Weak Potion"},{"floor":11.0,"key":"Swift Potion"},{"floor":13.0,"key":"Energy Potion"},{"floor":16.0,"key":"PowerPotion"},{"floor":18.0,"key":"FairyPotion"},{"floor":20.0,"key":"FocusPotion"},{"floor":23.0,"key":"FearPotion"},{"floor":28.0,"key":"Strength Potion"},{"floor":29.0,"key":"Energy Potion"},{"floor":30.0,"key":"Strength Potion"},{"floor":33.0,"key":"EssenceOfSteel"},{"floor":35.0,"key":"BlessingOfTheForge"},{"floor":36.0,"key":"EntropicBrew"},{"floor":38.0,"key":"GamblersBrew"},{"floor":40.0,"key":"SteroidPotion"},{"floor":42.0,"key":"Strength Potion"},{"floor":47.0,"key":"DuplicationPotion"},{"floor":54,"key":"PowerPotion"}],"is_trial":false,"path_per_floor":["M","?","$","M","M","E","R","M","T","M","E","R","M","M","R","B",null,"M","?","M","?","$","E","R","E","T","?","M","E","M","M","R","B",null,"M","M","$","M","?","E","R","M","T","R","?","?","M","?","R","B",null,"R","$","E","B"],"character_chosen":"DEFECT","items_purchased":["Glacier","War Paint","Blizzard","DollysMirror","Vajra","PowerPotion","Strength Potion","Pantograph","Whetstone"],"campfire_rested":4,"item_purchase_floors":[3,3,22,22,37,53,53,53,53],"current_hp_per_floor":[65,65,65,65,65,42,42,41,41,39,22,44,44,44,44,29,64,63,49,49,49,49,24,24,14,14,14,9,9,9,9,33,8,62,58,52,52,31,31,14,38,26,26,50,70,70,68,45,45,41,70,70,70,43,0,0],"gold":88,"neow_bonus":"TWO_FIFTY_GOLD","is_daily":false,"chose_seed":false,"campfire_upgraded":4,"win_rate":0.0,"timestamp":1613498820,"path_taken":["M","?","$","M","M","E","R","M","T","M","E","R","?","M","R","BOSS","M","?","M","?","$","E","R","E","T","?","M","E","M","?","R","BOSS","M","M","$","M","?","E","R","M","T","R","?","?","M","?","R","BOSS","R","$","E","BOSS"],"items_purchased_type":["Card","Relic","Card","Relic","Relic","Potion","Potion","Relic","Relic"],"build_version":"2020-12-22","purchased_purges":4,"victory":false,"max_hp_per_floor":[75,75,75,75,75,75,75,75,75,75,75,75,75,75,75,75,75,75,80,80,80,80,80,80,80,80,80,80,80,80,80,80,80,80,80,80,80,80,80,80,80,80,80,80,80,80,80,80,80,80,80,80,80,80,80,80],"card_choices":[{"not_picked":["Streamline","Go for the Eyes"],"picked":"Glacier","floor":1.0},{"not_picked":["Loop","Lockon"],"picked":"Steam","floor":4.0},{"not_picked":["Genetic Algorithm","Defragment"],"picked":"Streamline","floor":5.0},{"not_picked":["Fusion","Loop","Stack"],"picked":"SKIP","floor":6.0},{"not_picked":["Static Discharge","Rebound"],"picked":"Go for the Eyes","floor":8.0},{"not_picked":["Leap","Redo","Doom and Gloom"],"picked":"SKIP","floor":10.0},{"not_picked":["Static Discharge","Scrape"],"picked":"Gash","floor":11.0},{"not_picked":["Leap","Sweeping Beam","Barrage"],"picked":"SKIP","floor":13.0},{"not_picked":["Streamline","Redo"],"picked":"Core Surge","floor":14.0},{"not_picked":["Beam Cell","Stack+1"],"picked":"Leap+1","floor":18.0},{"not_picked":["Beam Cell","Reprogram+1","Ball Lightning"],"picked":"SKIP","floor":20.0},{"not_picked":["Stack+1","Gash","Compile Driver+1"],"picked":"SKIP","floor":23.0},{"not_picked":["Double Energy+1","Leap"],"picked":"Coolheaded","floor":25.0},{"not_picked":["Compile Driver","Ball Lightning"],"picked":"Conserve Battery","floor":28.0},{"not_picked":["Fission","Leap"],"picked":"Chill+1","floor":29.0},{"not_picked":["Skim","Compile Driver+1","Ball Lightning+1"],"picked":"SKIP","floor":30.0},{"not_picked":["Reinforced Body","Conserve Battery+1"],"picked":"Cold Snap","floor":31.0},{"not_picked":["Rainbow","Amplify"],"picked":"Seek","floor":33.0},{"not_picked":["Compile Driver","Leap"],"picked":"Consume+1","floor":35.0},{"not_picked":["Static Discharge","Reprogram+1","Doom and Gloom+1"],"picked":"SKIP","floor":36.0},{"not_picked":["Redo+1","Recycle"],"picked":"Coolheaded","floor":38.0},{"not_picked":["Flash of Steel","Secret Technique"],"picked":"Violence","floor":39.0},{"not_picked":["Hologram","Reinforced Body","Steam Power"],"picked":"SKIP","floor":40.0},{"not_picked":["Chaos","Barrage+1","Melter+1"],"picked":"SKIP","floor":42.0},{"not_picked":["Rebound+1","Glacier+1"],"picked":"Chill+1","floor":47.0},{"not_picked":["Sweeping Beam","Redo+1"],"picked":"Hologram+1","floor":48.0},{"not_picked":["Sweeping Beam","Reinforced Body+1","Stack+1"],"picked":"SKIP","floor":54}],"player_experience":365866,"relics_obtained":[{"floor":6.0,"key":"White Beast Statue"},{"floor":9.0,"key":"Akabeko"},{"floor":11.0,"key":"Pen Nib"},{"floor":23.0,"key":"Smiling Mask"},{"floor":25.0,"key":"Art of War"},{"floor":29.0,"key":"Centennial Puzzle"},{"floor":40.0,"key":"Matryoshka"},{"floor":43.0,"key":"Blood Vial"},{"floor":43.0,"key":"Toy Ornithopter"},{"floor":48.0,"key":"Old Coin"},{"floor":54,"key":"Orichalcum"}],"event_choices":[{"damage_healed":0.0,"max_hp_gain":0.0,"max_hp_loss":0.0,"gold_gain":0.0,"event_name":"WeMeetAgain","player_choice":"Gave Potion","floor":2.0,"gold_loss":0.0,"damage_taken":0.0,"relics_obtained":["Bag of Marbles"]},{"damage_healed":0.0,"max_hp_gain":5.0,"max_hp_loss":0.0,"gold_gain":0.0,"event_name":"Forgotten Altar","player_choice":"Shed Blood","floor":19.0,"gold_loss":0.0,"damage_taken":19.0},{"damage_healed":0.0,"max_hp_gain":0.0,"max_hp_loss":0.0,"gold_gain":0.0,"event_name":"Vampires","player_choice":"Ignored","floor":21.0,"gold_loss":0.0,"damage_taken":0.0},{"damage_healed":0.0,"max_hp_gain":0.0,"max_hp_loss":0.0,"gold_gain":0.0,"event_name":"Accursed Blacksmith","player_choice":"Forge","floor":27.0,"gold_loss":0.0,"damage_taken":0.0,"cards_upgraded":["Blizzard"]},{"damage_healed":0.0,"max_hp_gain":0.0,"max_hp_loss":0.0,"gold_gain":0.0,"event_name":"SensoryStone","player_choice":"Memory 1","floor":39.0,"gold_loss":0.0,"damage_taken":0.0},{"damage_healed":20.0,"max_hp_gain":0.0,"max_hp_loss":0.0,"gold_gain":0.0,"event_name":"Winding Halls","player_choice":"Writhe","floor":45.0,"gold_loss":0.0,"damage_taken":0.0,"cards_obtained":["Writhe"]},{"cards_removed":["Gash"],"damage_healed":0.0,"max_hp_gain":0.0,"max_hp_loss":0.0,"gold_gain":0.0,"event_name":"Falling","player_choice":"Removed Attack","floor":46.0,"gold_loss":0.0,"damage_taken":0.0},{"damage_healed":0.0,"max_hp_gain":0.0,"max_hp_loss":0.0,"gold_gain":0.0,"event_name":"MindBloom","player_choice":"Fight","floor":48.0,"gold_loss":0.0,"damage_taken":0.0}],"is_beta":false,"boss_relics":[{"not_picked":["Snecko Eye","Coffee Dripper"],"picked":"Pandora\u0027s Box"},{"not_picked":["Black Star","FrozenCore"],"picked":"Philosopher\u0027s Stone"}],"items_purged_floors":[3,22,37,53],"is_endless":false,"potions_floor_spawned":[1,6,8,10,11,13,14,16,18,20,23,25,28,29,30,31,33,35,36,38,40,42,47,48,54],"killed_by":"The Heart","ascension_level":10}}