{"host":"8ki4rp59nppvqwda","time":1613434629,"event":{"mods":["AlwaysNeverKeys","BaseMod","Hermit","Minty Spire (QoL Compilation)","Robot Space Explorer","SacredBarkPlus","StSLib","The Cursed","The Necromancer","The Trickster"],"gold_per_floor":[111,128,144,164,175,175,205,205,205,237,237,16,16,47,47,151,151,165,165,165,176,191,191,225,225,225,259,269,269,284,284,284,383,383,401,401,401,421,421,450,450,466,514,529,559,2,18,18,18,18],"floor_reached":51,"language":"ENG","playtime":5708,"items_purged":["RobotSpaceExplorer:Strike","RobotSpaceExplorer:Strike"],"score":1111,"play_id":"9180d5ac-47eb-4986-8366-f27855acd9ab","local_time":"20210215191709","is_ascension_mode":true,"campfire_choices":[{"data":"RobotSpaceExplorer:Comet","floor":6.0,"key":"SMITH"},{"data":"RobotSpaceExplorer:PowerGlove","floor":8.0,"key":"SMITH"},{"data":"RobotSpaceExplorer:ExhaustFan","floor":15,"key":"SMITH"},{"floor":23,"key":"REST"},{"data":"RobotSpaceExplorer:Accelerator","floor":25,"key":"SMITH"},{"data":"RobotSpaceExplorer:Blaster","floor":29,"key":"SMITH"},{"floor":32,"key":"REST"},{"data":"RobotSpaceExplorer:Explosion","floor":41,"key":"SMITH"},{"floor":49,"key":"REST"}],"circlet_count":0,"master_deck":["RobotSpaceExplorer:Strike+1","RobotSpaceExplorer:Defend","RobotSpaceExplorer:Defend","RobotSpaceExplorer:MiniLasers+1","RobotSpaceExplorer:Comet+1","RobotSpaceExplorer:ExhaustFan+1","RobotSpaceExplorer:Probe","RobotSpaceExplorer:ScrapMissile","RobotSpaceExplorer:PlasmaMissile+1","RobotSpaceExplorer:PowerGlove+1","RobotSpaceExplorer:Fix","RobotSpaceExplorer:StunGrenade","RobotSpaceExplorer:GlueShot","RobotSpaceExplorer:Accelerator+1","RobotSpaceExplorer:SurgingStrike+1","RobotSpaceExplorer:ScrapToss","RobotSpaceExplorer:StarDust+1","RobotSpaceExplorer:ImprovisedAttack+1","RobotSpaceExplorer:DroneSwarm","Doubt","RobotSpaceExplorer:Blaster+1","RobotSpaceExplorer:ScrapMissile","RobotSpaceExplorer:DoubleBlock+1","RobotSpaceExplorer:ScrapShield+1","RobotSpaceExplorer:Explosion+1","RobotSpaceExplorer:Ammunition+1","Madness","Madness","RobotSpaceExplorer:FreezeRay+1","RobotSpaceExplorer:Explosion+1","RobotSpaceExplorer:MiniDrones+1","Decay","RobotSpaceExplorer:ScrapMissile","RobotSpaceExplorer:ScrapShield+1","RobotSpaceExplorer:DualCore+1","Sadistic Nature+1","RobotSpaceExplorer:FranticSearch+1","RobotSpaceExplorer:IronShell"],"relics":["RobotSpaceExplorer:RoboCore","RobotSpaceExplorer:PlasmaHourglass","Potion Belt","Dream Catcher","Regal Pillow","Cursed Key","Letter Opener","Whetstone","Frozen Egg 2","Enchiridion","RobotSpaceExplorer:SearchSpecs","Matryoshka","Eternal Feather","PreservedInsect","White Beast Statue","Membership Card","Mango"],"acts_visited":["Exordium","TheCity","TheBeyond"],"potions_floor_usage":[10,14,16,24,24,30,30,33,38,40,47,50,50,50,50],"damage_taken":[{"damage":1.0,"enemies":"Cultist","floor":1.0,"turns":4.0},{"damage":0.0,"enemies":"2 Louse","floor":2.0,"turns":2.0},{"damage":0.0,"enemies":"Small Slimes","floor":3.0,"turns":3.0},{"damage":12.0,"enemies":"Looter","floor":4.0,"turns":3.0},{"damage":5.0,"enemies":"2 Fungi Beasts","floor":5.0,"turns":4.0},{"damage":11.0,"enemies":"Gremlin Nob","floor":7.0,"turns":3.0},{"damage":10,"enemies":"3 Sentries","floor":10,"turns":3},{"damage":2,"enemies":"3 Louse","floor":14,"turns":2},{"damage":30,"enemies":"Slime Boss","floor":16,"turns":7},{"damage":12,"enemies":"2 Thieves","floor":18,"turns":3},{"damage":7,"enemies":"Chosen","floor":21,"turns":3},{"damage":7,"enemies":"Centurion and Healer","floor":22,"turns":3},{"damage":11,"enemies":"Slavers","floor":24,"turns":4},{"damage":17,"enemies":"Gremlin Leader","floor":27,"turns":4},{"damage":0,"enemies":"Cultist and Chosen","floor":28,"turns":4},{"damage":9,"enemies":"Snake Plant","floor":30,"turns":3},{"damage":5,"enemies":"Automaton","floor":33,"turns":7},{"damage":2,"enemies":"3 Shapes","floor":35,"turns":3},{"damage":8,"enemies":"Orb Walker","floor":38,"turns":2},{"damage":0,"enemies":"Giant Head","floor":40,"turns":5},{"damage":23,"enemies":"Spire Growth","floor":42,"turns":3},{"damage":17,"enemies":"3 Darklings","floor":44,"turns":4},{"damage":8,"enemies":"Nemesis","floor":45,"turns":3},{"damage":33,"enemies":"Transient","floor":47,"turns":5},{"damage":15,"enemies":"Awakened One","floor":50,"turns":7}],"seed_played":"5345077006850510311","potions_obtained":[{"floor":3.0,"key":"LiquidMemories"},{"floor":5.0,"key":"ColorlessPotion"},{"floor":7.0,"key":"RobotSpaceExplorer:PlasmaFlask"},{"floor":10,"key":"GamblersBrew"},{"floor":21,"key":"SpeedPotion"},{"floor":22,"key":"ColorlessPotion"},{"floor":24,"key":"Dexterity Potion"},{"floor":27,"key":"Fire Potion"},{"floor":28,"key":"SpeedPotion"},{"floor":35,"key":"ColorlessPotion"},{"floor":40,"key":"RobotSpaceExplorer:PlasmaFlask"},{"floor":44,"key":"Strength Potion"},{"floor":47,"key":"SkillPotion"}],"is_trial":false,"path_per_floor":["M","M","M","M","M","R","E","R","T","E","?","$","?","M","R","B",null,"M","?","?","M","M","R","E","R","T","E","M","R","M","?","R","B",null,"M","?","?","M","?","E","R","M","T","M","E","$","M","?","R","B",null],"character_chosen":"RobotSpaceExplorer","items_purchased":["Regal Pillow","Membership Card","Mango","RobotSpaceExplorer:DualCore+1","RobotSpaceExplorer:LiquidFusion","PowerPotion","Sadistic Nature+1"],"campfire_rested":3,"item_purchase_floors":[12,46,46,46,46,46,46],"current_hp_per_floor":[67,67,67,55,50,50,39,39,39,33,33,33,38,40,40,14,58,50,37,37,34,31,69,58,58,58,45,45,45,40,24,62,61,74,76,66,66,58,58,62,62,43,43,26,18,32,3,3,66,55],"gold":18,"neow_bonus":"TRANSFORM_TWO_CARDS","is_daily":false,"chose_seed":false,"campfire_upgraded":6,"win_rate":0.0,"timestamp":1613434629,"path_taken":["M","M","M","M","M","R","E","R","T","E","?","?","?","M","R","BOSS","M","?","?","M","M","R","E","R","T","E","M","R","M","?","R","BOSS","M","?","?","M","?","E","R","?","T","M","E","$","M","?","R","BOSS"],"items_purchased_type":["Relic","Relic","Relic","Card","Potion","Potion","Card"],"build_version":"2020-12-22","purchased_purges":2,"victory":true,"max_hp_per_floor":[68,68,68,68,68,68,68,68,68,68,68,68,73,73,73,73,73,73,78,78,78,78,78,78,78,78,78,78,78,78,78,78,78,78,78,78,78,78,78,78,78,78,78,78,78,92,92,92,92,92],"card_choices":[{"not_picked":["RobotSpaceExplorer:SurgingStrike","RobotSpaceExplorer:StunGrenade"],"picked":"RobotSpaceExplorer:Probe","floor":1.0},{"not_picked":["RobotSpaceExplorer:MetalStrike","RobotSpaceExplorer:Reload"],"picked":"RobotSpaceExplorer:ScrapMissile","floor":2.0},{"not_picked":["RobotSpaceExplorer:SlimeMissile","RobotSpaceExplorer:MetalStrike"],"picked":"RobotSpaceExplorer:PlasmaMissile","floor":3.0},{"not_picked":["RobotSpaceExplorer:ShockKick","RobotSpaceExplorer:ExhaustFan","RobotSpaceExplorer:FreezingShield"],"picked":"SKIP","floor":4.0},{"not_picked":["RobotSpaceExplorer:SwiftStep","RobotSpaceExplorer:Discharger"],"picked":"RobotSpaceExplorer:PowerGlove","floor":5.0},{"not_picked":["RobotSpaceExplorer:LaserBurst","RobotSpaceExplorer:GlueShot"],"picked":"RobotSpaceExplorer:Fix","floor":7.0},{"not_picked":["RobotSpaceExplorer:GlueShot","RobotSpaceExplorer:SlimeMissile"],"picked":"RobotSpaceExplorer:StunGrenade","floor":10},{"not_picked":["RobotSpaceExplorer:MakeshiftVolley","RobotSpaceExplorer:FreezeRay"],"picked":"RobotSpaceExplorer:GlueShot","floor":14},{"not_picked":["RobotSpaceExplorer:Blaster","RobotSpaceExplorer:Arsenal"],"picked":"RobotSpaceExplorer:Accelerator","floor":16},{"not_picked":["RobotSpaceExplorer:SwiftStep","RobotSpaceExplorer:MetalStrike"],"picked":"RobotSpaceExplorer:SurgingStrike+1","floor":18},{"not_picked":["RobotSpaceExplorer:TurboDodge","RobotSpaceExplorer:SwiftStep"],"picked":"RobotSpaceExplorer:ScrapToss","floor":21},{"not_picked":["RobotSpaceExplorer:PlasmaMissile","RobotSpaceExplorer:Pulsar"],"picked":"RobotSpaceExplorer:StarDust+1","floor":22},{"not_picked":["RobotSpaceExplorer:Probe","RobotSpaceExplorer:ToxicBomb"],"picked":"RobotSpaceExplorer:ImprovisedAttack+1","floor":23},{"not_picked":["RobotSpaceExplorer:FrostMissile","RobotSpaceExplorer:PlasmaMissile"],"picked":"RobotSpaceExplorer:DroneSwarm","floor":24},{"not_picked":["RobotSpaceExplorer:Electroshield","RobotSpaceExplorer:DualCore+1"],"picked":"RobotSpaceExplorer:Blaster","floor":27},{"not_picked":["RobotSpaceExplorer:MakeshiftVolley","RobotSpaceExplorer:FrostMissile"],"picked":"RobotSpaceExplorer:ScrapMissile","floor":28},{"not_picked":["RobotSpaceExplorer:FrostMissile","RobotSpaceExplorer:SlimeMissile+1"],"picked":"RobotSpaceExplorer:DoubleBlock+1","floor":30},{"not_picked":["RobotSpaceExplorer:SurgingStrike","RobotSpaceExplorer:HighVoltage"],"picked":"RobotSpaceExplorer:ScrapShield+1","floor":32},{"not_picked":["RobotSpaceExplorer:TrailblazerForm+1","RobotSpaceExplorer:HighVoltage"],"picked":"RobotSpaceExplorer:Explosion","floor":33},{"not_picked":["RobotSpaceExplorer:SlimeMissile","RobotSpaceExplorer:MetalStrike+1"],"picked":"RobotSpaceExplorer:Ammunition+1","floor":35},{"not_picked":["RobotSpaceExplorer:FranticSearch","RobotSpaceExplorer:Ammunition+1"],"picked":"RobotSpaceExplorer:FreezeRay+1","floor":38},{"not_picked":["RobotSpaceExplorer:FrostMissile","RobotSpaceExplorer:ScrapShield"],"picked":"RobotSpaceExplorer:Explosion","floor":40},{"not_picked":["RobotSpaceExplorer:MetalStrike","RobotSpaceExplorer:SurgingStrike+1"],"picked":"RobotSpaceExplorer:MiniDrones+1","floor":42},{"not_picked":["RobotSpaceExplorer:BigMissile+1","RobotSpaceExplorer:ImprovisedAttack"],"picked":"RobotSpaceExplorer:ScrapMissile","floor":44},{"not_picked":["RobotSpaceExplorer:LuckyStrike","RobotSpaceExplorer:ImprovisedAttack"],"picked":"RobotSpaceExplorer:ScrapShield+1","floor":45},{"not_picked":["RobotSpaceExplorer:ShockKick","RobotSpaceExplorer:ImprovisedAttack"],"picked":"RobotSpaceExplorer:FranticSearch+1","floor":47},{"not_picked":["RobotSpaceExplorer:ShockKick+1","RobotSpaceExplorer:ShovelStrike+1"],"picked":"RobotSpaceExplorer:IronShell","floor":49}],"player_experience":1323374,"relics_obtained":[{"floor":7.0,"key":"RobotSpaceExplorer:PlasmaHourglass"},{"floor":9.0,"key":"Potion Belt"},{"floor":10,"key":"Dream Catcher"},{"floor":24,"key":"Letter Opener"},{"floor":26,"key":"Whetstone"},{"floor":27,"key":"Frozen Egg 2"},{"floor":31,"key":"Enchiridion"},{"floor":40,"key":"Matryoshka"},{"floor":43,"key":"Eternal Feather"},{"floor":43,"key":"PreservedInsect"},{"floor":45,"key":"White Beast Statue"}],"event_choices":[{"damage_healed":0,"gold_gain":0,"player_choice":"Upgraded","damage_taken":0,"max_hp_gain":0,"max_hp_loss":0,"event_name":"Upgrade Shrine","floor":11,"gold_loss":0,"cards_upgraded":["RobotSpaceExplorer:PlasmaMissile"]},{"damage_healed":0,"gold_gain":0,"player_choice":"Donut","damage_taken":0,"max_hp_gain":5,"max_hp_loss":0,"event_name":"Big Fish","floor":13,"gold_loss":0},{"damage_healed":0,"gold_gain":0,"player_choice":"Shed Blood","damage_taken":18,"max_hp_gain":5,"max_hp_loss":0,"event_name":"Forgotten Altar","floor":19,"gold_loss":0},{"damage_healed":0,"gold_gain":0,"player_choice":"Ignored","damage_taken":0,"max_hp_gain":0,"max_hp_loss":0,"event_name":"Ghosts","floor":20,"gold_loss":0},{"damage_healed":0,"gold_gain":0,"player_choice":"Obtained Book","damage_taken":16,"max_hp_gain":0,"max_hp_loss":0,"event_name":"Cursed Tome","floor":31,"gold_loss":0},{"damage_healed":0,"gold_gain":0,"player_choice":"Embrace Madness","damage_taken":10,"max_hp_gain":0,"max_hp_loss":0,"event_name":"Winding Halls","floor":36,"gold_loss":0,"cards_obtained":["Madness","Madness"]},{"cards_removed":["RobotSpaceExplorer:Scan"],"damage_healed":0,"gold_gain":0,"player_choice":"Removed Skill","damage_taken":0,"max_hp_gain":0,"max_hp_loss":0,"event_name":"Falling","floor":37,"gold_loss":0},{"cards_removed":["RobotSpaceExplorer:Defend"],"damage_healed":0,"gold_gain":0,"player_choice":"Purged","damage_taken":0,"max_hp_gain":0,"max_hp_loss":0,"event_name":"Purifier","floor":39,"gold_loss":0},{"damage_healed":0,"gold_gain":0,"player_choice":"Forge","damage_taken":0,"max_hp_gain":0,"max_hp_loss":0,"event_name":"Accursed Blacksmith","floor":48,"gold_loss":0,"cards_upgraded":["RobotSpaceExplorer:Explosion"]}],"is_beta":false,"boss_relics":[{"not_picked":["Pandora\u0027s Box","Runic Pyramid"],"picked":"Cursed Key"},{"not_picked":["RobotSpaceExplorer:Reprocessor","Busted Crown"],"picked":"RobotSpaceExplorer:SearchSpecs"}],"items_purged_floors":[12,46],"is_endless":false,"potions_floor_spawned":[3,5,7,10,21,22,24,27,28,35,40,44,47],"ascension_level":9}}