{"host":"u1dfzl6o6mfmauc3","time":1613456147,"event":{"mods":["2.2 Compatiblity","AchievementEnabler","BaseMod","Bestiary","Block Reminder","Challenge The Spire","Colored Map","Dark Map","Hermit","Highlight Path","Minty Spire (QoL Compilation)","Random Character Button","Rare Cards Sparkle","Relic Stats","Robot Space Explorer","StSLib","The Disciple"],"gold_per_floor":[112,128,147,147,147,181,181,212,212,228,228,228,13,30,30,30,127,127,146,18,117,171,184,210,237,17,41,41,41,61,61,103,120,120,120,120,120],"floor_reached":36,"language":"ENG","playtime":1455,"items_purged":[],"score":370,"play_id":"4dd537ad-ce05-4147-9bfb-31b3ee33dd2d","local_time":"20210216011547","is_ascension_mode":true,"campfire_choices":[{"floor":7,"key":"REST"},{"data":"1","floor":12,"key":"LIFT"},{"data":"2","floor":15,"key":"LIFT"},{"data":"3","floor":16,"key":"LIFT"},{"floor":29,"key":"REST"},{"data":"LikeWater","floor":31,"key":"SMITH"},{"floor":34,"key":"REST"},{"data":"Vault","floor":35,"key":"SMITH"}],"circlet_count":0,"master_deck":["Strike_P","Strike_P","Strike_P","Defend_P","Defend_P","Defend_P","Defend_P","Eruption","Vigilance","FearNoEvil+1","ThirdEye","TalkToTheHand+1","FlurryOfBlows","Evaluate","InnerPeace","SpiritShield","WheelKick","DeusExMachina","SashWhip","LikeWater+1","EmptyBody","CrushJoints+1","Adaptation","Consecrate","Tantrum","Vault+1"],"relics":["PureWater","NeowsBlessing","Meat on the Bone","Turnip","Girya","Bottled Flame","VioletLotus","HornCleat","Red Mask","Membership Card","Regal Pillow","CeramicFish","Matryoshka","Centennial Puzzle"],"acts_visited":["Exordium","TheCity"],"potions_floor_usage":[6,17,24,24,24,25],"damage_taken":[{"damage":0,"enemies":"Cultist","floor":1,"turns":1},{"damage":0,"enemies":"Small Slimes","floor":2,"turns":1},{"damage":0,"enemies":"Jaw Worm","floor":3,"turns":1},{"damage":36,"enemies":"3 Sentries","floor":6,"turns":11},{"damage":23,"enemies":"Lagavulin","floor":8,"turns":6},{"damage":0,"enemies":"Large Slime","floor":10,"turns":3},{"damage":2,"enemies":"Exordium Wildlife","floor":14,"turns":7},{"damage":18,"enemies":"The Guardian","floor":17,"turns":12},{"damage":0,"enemies":"Chosen","floor":19,"turns":3},{"damage":0,"enemies":"Shell Parasite","floor":23,"turns":6},{"damage":44,"enemies":"Book of Stabbing","floor":24,"turns":11},{"damage":31,"enemies":"Masked Bandits","floor":25,"turns":6},{"damage":0,"enemies":"Shelled Parasite and Fungi","floor":30,"turns":4},{"damage":8,"enemies":"Slavers","floor":32,"turns":4},{"damage":22,"enemies":"Cultist and Chosen","floor":33,"turns":7},{"damage":81,"enemies":"Collector","floor":36,"turns":6}],"seed_played":"1196708287239439691","potions_obtained":[{"floor":1,"key":"Swift Potion"},{"floor":8,"key":"SpeedPotion"},{"floor":10,"key":"BottledMiracle"},{"floor":23,"key":"Dexterity Potion"},{"floor":24,"key":"Dexterity Potion"},{"floor":30,"key":"Ancient Potion"}],"is_trial":false,"path_per_floor":["M","M","M","?","?","E","R","E","T","M","T","R","$","M","R","R","B",null,"M","$","?","T","M","E","?","$","T","T","R","M","R","E","M","R","R","B"],"character_chosen":"WATCHER","items_purchased":["SpiritShield","PowerPotion","LikeWater","EmptyBody","Membership Card","Regal Pillow"],"campfire_rested":3,"item_purchase_floors":[13,13,20,20,26,26],"current_hp_per_floor":[72,72,72,65,51,15,36,25,25,37,37,37,37,47,47,47,41,72,72,72,72,72,72,40,21,21,21,21,57,57,57,49,39,72,72,0,0],"gold":120,"neow_bonus":"THREE_ENEMY_KILL","is_daily":false,"chose_seed":false,"campfire_upgraded":2,"win_rate":0.0,"timestamp":1613456147,"path_taken":["M","?","M","?","?","E","R","E","T","M","?","R","$","M","R","R","BOSS","M","$","?","?","M","E","?","?","T","T","R","M","R","E","M","R","R","BOSS"],"items_purchased_type":["Card","Potion","Card","Card","Relic","Relic"],"build_version":"2020-12-22","purchased_purges":0,"victory":false,"max_hp_per_floor":[72,72,72,72,72,72,72,72,72,72,72,72,72,72,72,72,72,72,72,72,72,72,72,72,72,72,72,72,72,72,72,72,72,72,72,72,72],"relic_stats":{"Regal Pillow":27,"Centennial Puzzle":[7],"counters":[16,89],"CeramicFish":18,"Turnip":[13],"VioletLotus":[10],"obtain_stats":[{"Girya":9,"Regal Pillow":26,"NeowsBlessing":0,"CeramicFish":27,"Bottled Flame":11,"Centennial Puzzle":32,"HornCleat":24,"Matryoshka":28,"Turnip":8,"VioletLotus":18,"Red Mask":25,"Membership Card":26,"PureWater":0,"Meat on the Bone":6},{"Girya":5,"Regal Pillow":12,"NeowsBlessing":0,"CeramicFish":12,"Bottled Flame":6,"Centennial Puzzle":14,"HornCleat":11,"Matryoshka":12,"Turnip":5,"VioletLotus":8,"Red Mask":12,"Membership Card":12,"PureWater":0,"Meat on the Bone":4},{"Girya":20,"Regal Pillow":68,"NeowsBlessing":0,"CeramicFish":68,"Bottled Flame":23,"Centennial Puzzle":76,"HornCleat":62,"Matryoshka":68,"Turnip":20,"VioletLotus":42,"Red Mask":68,"Membership Card":68,"PureWater":0,"Meat on the Bone":14}],"Meat on the Bone":84},"card_choices":[{"not_picked":["BowlingBash","ThirdEye"],"picked":"FearNoEvil","floor":1},{"not_picked":["FollowUp","CarveReality"],"picked":"ThirdEye","floor":2},{"not_picked":["Study","Halt"],"picked":"TalkToTheHand","floor":3},{"not_picked":["Weave","Swivel"],"picked":"FlurryOfBlows","floor":6},{"not_picked":["WindmillStrike","PathToVictory"],"picked":"Evaluate","floor":8},{"not_picked":["ReachHeaven","BattleHymn"],"picked":"InnerPeace","floor":10},{"not_picked":["EmptyFist","JustLucky"],"picked":"WheelKick","floor":14},{"not_picked":["Devotion","ConjureBlade"],"picked":"DeusExMachina","floor":17},{"not_picked":["Evaluate+1","Wireheading"],"picked":"SashWhip","floor":19},{"not_picked":["WindmillStrike","BowlingBash+1"],"picked":"CrushJoints+1","floor":23},{"not_picked":["Swivel","Wireheading"],"picked":"Adaptation","floor":24},{"not_picked":["EmptyBody+1","Evaluate"],"picked":"Consecrate","floor":25},{"not_picked":["Weave","Protect"],"picked":"Tantrum","floor":30},{"not_picked":["FlyingSleeves+1","CarveReality+1"],"picked":"Vault","floor":32},{"not_picked":["Perseverance","EmptyFist","BowlingBash"],"picked":"SKIP","floor":33}],"player_experience":254804,"relics_obtained":[{"floor":6,"key":"Meat on the Bone"},{"floor":8,"key":"Turnip"},{"floor":9,"key":"Girya"},{"floor":11,"key":"Bottled Flame"},{"floor":24,"key":"HornCleat"},{"floor":25,"key":"Red Mask"},{"floor":27,"key":"CeramicFish"},{"floor":28,"key":"Matryoshka"},{"floor":32,"key":"Centennial Puzzle"}],"event_choices":[{"cards_removed":["Strike_P"],"damage_healed":0,"gold_gain":0,"player_choice":"Card Removal","damage_taken":7,"max_hp_gain":0,"max_hp_loss":0,"event_name":"Golden Wing","floor":4,"gold_loss":0},{"damage_healed":0,"gold_gain":0,"player_choice":"Entered Light","damage_taken":14,"max_hp_gain":0,"max_hp_loss":0,"event_name":"Shining Light","floor":5,"gold_loss":0,"cards_upgraded":["TalkToTheHand","FearNoEvil"]},{"damage_healed":0,"gold_gain":99,"player_choice":"Stole From Cult","damage_taken":0,"max_hp_gain":0,"max_hp_loss":0,"event_name":"Nest","floor":21,"gold_loss":0},{"damage_healed":0,"gold_gain":0,"player_choice":"Fought Bandits","damage_taken":0,"max_hp_gain":0,"max_hp_loss":0,"event_name":"Masked Bandits","floor":25,"gold_loss":0}],"is_beta":false,"boss_relics":[{"not_picked":["Cursed Key","SlaversCollar"],"picked":"VioletLotus"}],"items_purged_floors":[],"is_endless":false,"potions_floor_spawned":[1,8,10,14,23,24,30],"killed_by":"Collector","ascension_level":4}}