{"host":"hpn0uxah5qjr7pa6","time":1613448186,"event":{"mods":["2.2 Compatiblity","Act Like it!","Aspiration","BaseMod","Better Third Choice","BetterRewards","Challenge The Spire","Colored Powertips","Conspire","DeckTracker","Downfall","Energized Spire","Hallownest","Hermit","Highlight Path","Hubris","Infinite Spire","Minty Spire (QoL Compilation)","Permanent Neow","Quick Restart","Rare Cards Sparkle","Replay The Spire","Spicy Shops","StSLib"],"gold_per_floor":[117,135,135,210,221,221,236,236,236,246,262,209,209,235,235,338,338,348,364,375,335,350,380,380,380,380,397,397,407,407,407,423,452,452,452,452,452],"floor_reached":35,"language":"ENG","playtime":1437,"items_purged":[],"score":366,"play_id":"59b71269-b900-4a11-bc5f-0ff95cc14e62","local_time":"20210215200306","daily_mods":["SealedDeck"],"is_ascension_mode":false,"campfire_choices":[{"floor":6,"key":"REST"},{"data":"bronze:BronzeOrb","floor":8,"key":"SMITH"},{"floor":13,"key":"REST"},{"floor":24,"key":"REST"},{"floor":34,"key":"REST"}],"circlet_count":0,"master_deck":["bronze:DelayedGuard","bronze:Frontload","bronze:Frontload","bronze:Branch","bronze:Branch","bronze:DelayedSlice","bronze:Branch","bronze:OilSpill","bronze:OilSpill","bronze:BronzeOrb+1","bronze:DigitalCarnage","bronze:OilSpill","bronze:Branch","bronze:DigitalCarnage+1","bronze:OilSpill","bronze:BronzeOrb","bronze:Repair"],"relics":["bronze:BronzeCore","Chameleon Ring","hubris:TinFlute","hubris:CrackedHourglass","hubris:SlimyHat","infinitespire:ShieldingShard","InkBottle"],"acts_visited":["Exordium","TheCity"],"potions_floor_usage":[7,14,27,33,35],"damage_taken":[{"damage":0,"enemies":"Small Slimes","floor":1,"turns":1},{"damage":0,"enemies":"Jaw Worm","floor":2,"turns":2},{"damage":0,"enemies":"Cultist","floor":5,"turns":2},{"damage":4,"enemies":"Exordium Wildlife","floor":7,"turns":2},{"damage":10,"enemies":"Exordium Thugs","floor":10,"turns":3},{"damage":0,"enemies":"Large Slime","floor":11,"turns":2},{"damage":0,"enemies":"conspire:MimicChest","floor":14,"turns":4},{"damage":28,"enemies":"Hexaghost","floor":16,"turns":6},{"damage":0,"enemies":"3 Byrds","floor":18,"turns":3},{"damage":2,"enemies":"2 Thieves","floor":19,"turns":3},{"damage":2,"enemies":"Chosen and Byrds","floor":20,"turns":4},{"damage":1,"enemies":"conspire:HollyBat","floor":22,"turns":6},{"damage":46,"enemies":"Gremlin Leader","floor":23,"turns":4},{"damage":0,"enemies":"Snecko","floor":27,"turns":3},{"damage":9,"enemies":"Centurion and Healer","floor":29,"turns":4},{"damage":1,"enemies":"3 Cultists","floor":32,"turns":4},{"damage":0,"enemies":"Book of Stabbing","floor":33,"turns":4},{"damage":44,"enemies":"Pondfish","floor":35,"turns":9}],"seed_played":"-769207581162120511","potions_obtained":[{"floor":1,"key":"champ:CounterPotion"},{"floor":10,"key":"Languid Potion"},{"floor":15,"key":"FairyPotion"},{"floor":15,"key":"DuplicationPotion"},{"floor":18,"key":"SpeedPotion"},{"floor":32,"key":"AttackPotion"}],"is_trial":true,"path_per_floor":["M","M","$","?","M","R","M","R","T","M","M","$","R","?","R","B",null,"M","M","M","?","M","E","R","PTL","PTL","M","T","M","?","AVR","M","E","R","B"],"character_chosen":"THE_AUTOMATON","items_purchased":["bronze:OilSpill"],"campfire_rested":4,"item_purchase_floors":[12],"current_hp_per_floor":[70,70,70,59,59,70,66,66,66,56,56,56,70,70,70,42,70,70,68,66,66,65,19,40,40,40,40,40,31,31,31,37,44,65,0,0,0],"gold":452,"neow_bonus":"","is_daily":false,"chose_seed":false,"campfire_upgraded":1,"win_rate":0.0,"timestamp":1613448186,"path_taken":["M","M","$","?","M","R","M","R","T","M","M","$","R","?","R","BOSS","M","M","M","?","?","E","R","PTL","PTL","M","T","M","?","AVR","M","E","R","BOSS"],"items_purchased_type":["Card"],"build_version":"2020-12-22","purchased_purges":0,"victory":false,"max_hp_per_floor":[70,70,70,70,70,70,70,70,70,70,70,70,70,70,70,70,70,70,70,70,70,70,70,70,70,70,70,70,70,70,70,70,70,70,70,70,70],"card_choices":[{"not_picked":["bronze:ChildClass","bronze:ClassDefault","bronze:BuggyMess"],"picked":"SKIP","floor":1},{"not_picked":["bronze:NullPointer","bronze:Turbo","bronze:Constructor"],"picked":"SKIP","floor":2},{"not_picked":["bronze:Deprecate","bronze:Boost"],"picked":"bronze:DigitalCarnage","floor":5},{"not_picked":["bronze:MaxOutput","bronze:Overheat","bronze:CutThrough"],"picked":"SKIP","floor":7},{"not_picked":["bronze:FineTuning","bronze:HyperBeam","bronze:BugBarrage"],"picked":"SKIP","floor":10},{"not_picked":["bronze:DelayedSlice","bronze:Flail","bronze:Allocate"],"picked":"SKIP","floor":11},{"not_picked":["bronze:ChildClass","bronze:ForLoop"],"picked":"bronze:Branch","floor":14},{"not_picked":["bronze:BitShift","bronze:BuggyMess"],"picked":"bronze:DigitalCarnage","floor":18},{"not_picked":["bronze:BitShift+1","bronze:Repulsor"],"picked":"bronze:OilSpill","floor":19},{"not_picked":["bronze:Overheat","bronze:GetLatest","bronze:BugBarrage"],"picked":"SKIP","floor":20},{"not_picked":["bronze:Philosophize","bronze:DelayedSlice","bronze:Return"],"picked":"SKIP","floor":22},{"not_picked":["bronze:InfiniteBeams","bronze:Optimize"],"picked":"bronze:BronzeOrb","floor":23},{"not_picked":["bronze:Shield","bronze:Return+1","bronze:WhirlingStrike"],"picked":"SKIP","floor":27},{"not_picked":["bronze:GetLatest+1","bronze:WildBeam+1"],"picked":"bronze:Repair","floor":29},{"not_picked":["bronze:ForceShield","bronze:SpaghettiCode","bronze:BitShift+1"],"picked":"SKIP","floor":32},{"not_picked":["bronze:WhirlingStrike","bronze:Shield","bronze:BugBarrage"],"picked":"SKIP","floor":33}],"player_experience":252808,"relics_obtained":[{"floor":9,"key":"Chameleon Ring"},{"floor":14,"key":"hubris:TinFlute"},{"floor":23,"key":"hubris:SlimyHat"},{"floor":28,"key":"infinitespire:ShieldingShard"}],"event_choices":[{"damage_healed":0,"gold_gain":75,"player_choice":"Gold","damage_taken":11,"max_hp_gain":0,"max_hp_loss":0,"event_name":"betterThird:BetterGoop","floor":4,"gold_loss":0},{"damage_healed":0,"gold_gain":0,"player_choice":"Upgrade","damage_taken":0,"max_hp_gain":0,"max_hp_loss":0,"event_name":"Designer","floor":21,"gold_loss":40,"cards_upgraded":["bronze:DigitalCarnage"]},{"damage_healed":0,"gold_gain":0,"player_choice":"Ignored","damage_taken":0,"max_hp_gain":0,"max_hp_loss":0,"event_name":"N\u0027loth","floor":30,"gold_loss":0}],"is_beta":false,"boss_relics":[{"not_picked":["aspiration:RunicSpoon","Astrolabe"],"picked":"hubris:CrackedHourglass"}],"items_purged_floors":[],"is_endless":false,"potions_floor_spawned":[1,10,18,22,23,32],"killed_by":"Pondfish","ascension_level":0}}