{"host":"w4c9oc640fn2feul","time":1613476462,"event":{"mods":["AchievementEnabler","Act Like it!","Aspiration","BaseMod","BetterRewards","Conspire","Custom Start","Defuse TimeMaze Blight","Energized Spire","Gensokyo","GifTheSpireLib","Halation","Hubris","Infinite Spire","Marked Mod","Minty Spire (QoL Compilation)","Quarter Circle Forward PUNCH!","Reliquary","Replay The Spire","Shop Mod","StSLib","Stuff the Spire","The Animator","The Cursed","The Jungle"],"gold_per_floor":[119,136,136,149,165,192,192,207,256,99,111,111,125,145,145,248,248,263,263,281,103,117,117,128,128,128,76,89,89,108,108,108],"floor_reached":31,"language":"ENG","playtime":2780,"items_purged":["Strike_P","Eruption","Defend_P"],"score":243,"play_id":"f9e4bc64-b785-4f69-8f70-9bde5835019e","local_time":"20210216125422","is_ascension_mode":false,"campfire_choices":[{"floor":7,"key":"REST"},{"floor":12,"key":"RECALL"},{"data":"LikeWater","floor":15,"key":"SMITH"},{"floor":23,"key":"REST"},{"floor":25,"key":"REST"}],"circlet_count":0,"master_deck":["Strike_P","Strike_P","Strike_P","Defend_P","Defend_P","Defend_P","Vigilance","Worship","PathToVictory","Halt","PathToVictory","LikeWater+1","Devotion","MarkedMod:GentlePulse","hubris:Rewind","Collect+1","MarkedMod:GracefulMovements","Replay:AtTheReady","SignatureMove+1"],"relics":["PureWater"],"acts_visited":["Exordium","TheCity"],"potions_floor_usage":[16,18,20,22,30,30],"damage_taken":[{"damage":0,"enemies":"conspire:RoseBush","floor":1,"turns":2},{"damage":4,"enemies":"infinitespire:Voidling","floor":2,"turns":3},{"damage":0,"enemies":"Small Slimes","floor":4,"turns":2},{"damage":10,"enemies":"Exordium Wildlife","floor":5,"turns":5},{"damage":17,"enemies":"Replay:BlueRogue","floor":6,"turns":6},{"damage":4,"enemies":"conspire:2 RoseBushes","floor":8,"turns":4},{"damage":3,"enemies":"Lots of Slimes","floor":11,"turns":5},{"damage":7,"enemies":"Exordium Wildlife","floor":13,"turns":6},{"damage":0,"enemies":"Looter","floor":14,"turns":3},{"damage":1,"enemies":"Hexaghost","floor":16,"turns":9},{"damage":1,"enemies":"conspire:FuzzyDice","floor":18,"turns":8},{"damage":5,"enemies":"Shell Parasite","floor":20,"turns":5},{"damage":47,"enemies":"Cultist and Chosen","floor":22,"turns":9},{"damage":16,"enemies":"Shelled Parasite and Fungi","floor":24,"turns":6},{"damage":8,"enemies":"conspire:HollyBat","floor":28,"turns":7},{"damage":24,"enemies":"3 Cultists","floor":30,"turns":7},{"damage":6,"enemies":"Cultist and Chosen","floor":31,"turns":6}],"seed_played":"6003523343132937541","potions_obtained":[{"floor":4,"key":"DuplicationPotion"},{"floor":5,"key":"LiquidMemories"},{"floor":6,"key":"Languid Potion"},{"floor":8,"key":"BottledMiracle"},{"floor":18,"key":"EssenceOfSteel"},{"floor":22,"key":"Dexterity Potion"},{"floor":28,"key":"GamblersBrew"},{"floor":30,"key":"BottledMiracle"}],"is_trial":false,"path_per_floor":["M","M","?","M","M","E","R","M","T","$","M","R","M","M","R","B",null,"M","AVR","M","$","M","R","M","R","T","$","M","?","M","M"],"character_chosen":"WATCHER","items_purchased":["LikeWater","MarkedMod:GracefulMovements","SignatureMove+1"],"campfire_rested":3,"item_purchase_floors":[10,21,27],"current_hp_per_floor":[79,79,79,79,69,52,75,71,71,71,68,68,61,61,61,60,79,78,78,73,73,26,49,33,56,56,56,48,33,9,3,3],"gold":108,"neow_bonus":"TEN_PERCENT_HP_BONUS","is_daily":false,"chose_seed":false,"campfire_upgraded":1,"win_rate":0.0,"timestamp":1613476462,"path_taken":["M","M","?","M","M","E","R","M","T","$","M","R","?","M","R","BOSS","M","AVR","M","$","M","R","M","R","T","$","?","?","M","M"],"items_purchased_type":["Card","Card","Card"],"build_version":"2020-12-22","purchased_purges":3,"victory":false,"max_hp_per_floor":[79,79,79,79,79,79,79,79,79,79,79,79,79,79,79,79,79,79,79,79,79,79,79,79,79,79,79,79,84,84,84,84],"card_choices":[{"not_picked":["SashWhip","Replay:Cycle"],"picked":"Worship","floor":1},{"not_picked":["Sanctity","SashWhip"],"picked":"PathToVictory","floor":2},{"not_picked":["Wireheading","JustLucky"],"picked":"Halt","floor":4},{"not_picked":["Replay:ManipulateFuture","FollowUp"],"picked":"PathToVictory","floor":5},{"not_picked":["SpiritShield","SashWhip","JustLucky"],"picked":"SKIP","floor":6},{"not_picked":["Protect","Halt","FlyingSleeves"],"picked":"SKIP","floor":8},{"not_picked":["Replay:Vibes","Adaptation","FollowUp"],"picked":"SKIP","floor":11},{"not_picked":["Crescendo","Replay:BluntJabs","SandsOfTime"],"picked":"SKIP","floor":13},{"not_picked":["Wallop","ClearTheMind","Fasting2"],"picked":"SKIP","floor":14},{"not_picked":["Ragnarok","Omniscience"],"picked":"Devotion","floor":16},{"not_picked":["MarkedMod:FirstStrike+1","MarkedMod:Acupuncture"],"picked":"MarkedMod:GentlePulse","floor":18},{"not_picked":["FlurryOfBlows","Prostrate+1"],"picked":"Collect+1","floor":20},{"not_picked":["Evaluate","CutThroughFate","Prostrate"],"picked":"SKIP","floor":22},{"not_picked":["MarkedMod:Acupuncture","JustLucky"],"picked":"Replay:AtTheReady","floor":24},{"not_picked":["Vault","Tantrum","FlurryOfBlows"],"picked":"SKIP","floor":28},{"not_picked":["Consecrate","DeceiveReality","MentalFortress+1"],"picked":"SKIP","floor":30}],"player_experience":479415,"relics_obtained":[],"event_choices":[{"damage_healed":0,"gold_gain":0,"player_choice":"Ignored","damage_taken":0,"max_hp_gain":0,"max_hp_loss":0,"event_name":"WeMeetAgain","floor":3,"gold_loss":0},{"damage_healed":0,"gold_gain":0,"player_choice":"Shed Blood","damage_taken":20,"max_hp_gain":5,"max_hp_loss":0,"event_name":"Forgotten Altar","floor":29,"gold_loss":0}],"is_beta":false,"boss_relics":[{"not_picked":["Calling Bell","reliquary:RustamsPendant","aspiration:FutureDiary"]}],"items_purged_floors":[10,19,21],"is_endless":false,"potions_floor_spawned":[4,5,6,8,13,18,22,28,30],"killed_by":"Cultist and Chosen","ascension_level":0}}