{"host":"43wsnxh97mgjl5zw","time":1613506724,"event":{"mods":["Aspiration","BaseMod","Colored Map","Colored Powertips","Conspire","Downfall","Halation","Hubris","Minty Spire (QoL Compilation)","Quick Restart","Rare Cards Sparkle","Relic Sorter","Replay The Spire","StSLib"],"gold_per_floor":[118,118,118,130,130,160,160,191,238,238,266,285,285,313,313,387,387,397,407,407,418,8,35,35,70,70,70,70],"floor_reached":27,"language":"ENG","playtime":929,"items_purged":[],"score":654,"play_id":"590be6e0-e7e3-4b1f-8a69-2c8238e1c9cf","local_time":"20210216221844","is_ascension_mode":true,"campfire_choices":[{"data":"Perfected Strike","floor":7.0,"key":"SMITH"},{"data":"Inflame","floor":10.0,"key":"SMITH"},{"data":"Heavy Blade","floor":15.0,"key":"SMITH"}],"circlet_count":0,"master_deck":["AscendersBane","Strike_R","Strike_R","Strike_R","Strike_R","Strike_R","Defend_R","Defend_R","Defend_R","Defend_R","Bash","Perfected Strike+1","Headbutt","Cleave","Inflame+1","champ:IgnorePain+1","Inflame","Heavy Blade+1","Offering","Metallicize","ReplayTheSpireMod:Stacked","Warcry+1"],"relics":["Burning Blood","NeowsBlessing","White Beast Statue","Omamori","hubris:DisguiseKit","The Courier","aspiration:HiddenCompartment","Cursed Key","aspiration:Stabinomicon","Replay:Wax Seal","Lee\u0027s Waffle","Torii","Golden Egg","Blue Candle","conspire:DecoderRing","Tiny Chest"],"acts_visited":["Exordium","TheCity"],"potions_floor_usage":[27],"damage_taken":[{"damage":0.0,"enemies":"Jaw Worm","floor":1.0,"turns":1.0},{"damage":0.0,"enemies":"Small Slimes","floor":4.0,"turns":1.0},{"damage":0.0,"enemies":"Lagavulin","floor":6.0,"turns":1.0},{"damage":24.0,"enemies":"3 Sentries","floor":8.0,"turns":7.0},{"damage":0.0,"enemies":"Gremlin Nob","floor":11.0,"turns":2.0},{"damage":0.0,"enemies":"2 Louse","floor":12.0,"turns":2.0},{"damage":15.0,"enemies":"Lagavulin","floor":14.0,"turns":4.0},{"damage":53.0,"enemies":"Hexaghost","floor":16.0,"turns":9.0},{"damage":28.0,"enemies":"Spheric Guardian","floor":18.0,"turns":4.0},{"damage":17.0,"enemies":"2 Thieves","floor":19.0,"turns":4.0},{"damage":0.0,"enemies":"Snecko","floor":21.0,"turns":3.0},{"damage":38.0,"enemies":"conspire:SneckoGhost","floor":23.0,"turns":10.0},{"damage":30.0,"enemies":"Gremlin Leader","floor":25.0,"turns":5.0},{"damage":19,"enemies":"Replay:Snechameleon","floor":27,"turns":5}],"seed_played":"6826038110878563181","potions_obtained":[{"floor":4.0,"key":"Slimebound:ThreeZeroPotion"},{"floor":6.0,"key":"Strength Potion"},{"floor":8.0,"key":"sneckomod:MuddlingPotion"},{"floor":11.0,"key":"Dexterity Potion"},{"floor":12.0,"key":"DistilledChaos"},{"floor":14.0,"key":"AttackPotion"},{"floor":16.0,"key":"FearPotion"},{"floor":18.0,"key":"Milkshake"},{"floor":21.0,"key":"Flashbang"},{"floor":23.0,"key":"FearPotion"},{"floor":25.0,"key":"BlessingOfTheForge"}],"is_trial":false,"path_per_floor":["M","?","?","M","$","E","R","E","T","R","E","M","?","E","R","B",null,"M","M","?","M","$","E","?","E","T","E"],"character_chosen":"IRONCLAD","items_purchased":["Replay:Wax Seal","Lee\u0027s Waffle","Torii"],"campfire_rested":0,"item_purchase_floors":[22,22,22],"current_hp_per_floor":[74,74,69,75,75,75,75,57,57,57,63,69,69,60,60,13,60,38,27,6,12,82,50,45,21,21,2,2],"gold":70,"neow_bonus":"THREE_ENEMY_KILL","is_daily":false,"chose_seed":false,"campfire_upgraded":3,"win_rate":0.0,"timestamp":1613506724,"path_taken":["M","?","?","M","$","E","R","E","T","R","E","M","?","E","R","BOSS","M","M","?","M","$","E","?","E","T","E"],"items_purchased_type":["Relic","Relic","Relic"],"build_version":"2020-12-22","purchased_purges":0,"victory":false,"max_hp_per_floor":[75,75,75,75,75,75,75,75,75,75,75,75,75,75,75,75,75,75,75,75,75,82,82,82,82,82,82,82],"card_choices":[{"not_picked":["Twin Strike","Iron Wave"],"picked":"Perfected Strike","floor":1.0},{"not_picked":["Burning Pact","Replay:Undeath\u0027s Touch"],"picked":"Headbutt","floor":4.0},{"not_picked":["Replay:Undeath\u0027s Touch","Armaments"],"picked":"Cleave","floor":6.0},{"not_picked":["Heavy Blade","Run Through"],"picked":"Inflame","floor":8.0},{"not_picked":["ReplayTheSpireMod:Corrosion Curse","Havoc","Anger"],"picked":"champ:IgnorePain","floor":11.0},{"not_picked":["Twin Strike","Pommel Strike","champ:Circumvent"],"picked":"Inflame","floor":12.0},{"not_picked":["Clash","Abandon","champ:IronFortress"],"picked":"Heavy Blade","floor":14.0},{"not_picked":["Immolate","Corruption","champ:Devastate"],"picked":"Offering","floor":16.0},{"not_picked":["Cleave","Sentinel","Twin Strike","champ:FancyFootwork"],"picked":"SKIP","floor":18.0},{"not_picked":["Combust","Headbutt","champ:SkillfulDodge"],"picked":"Metallicize","floor":19.0},{"not_picked":["Cleave","Shockwave","champ:PerfectedStrike"],"picked":"ReplayTheSpireMod:Stacked","floor":21.0},{"not_picked":["Inflame","Power Through","Headbutt","champ:AdrenalArmor"],"picked":"SKIP","floor":23.0},{"not_picked":["Replay:Undeath\u0027s Touch","ReplayTheSpireMod:Corrosion Curse","champ:Parry"],"picked":"Warcry+1","floor":25.0}],"player_experience":1257990,"relics_obtained":[{"floor":6.0,"key":"Omamori"},{"floor":8.0,"key":"hubris:DisguiseKit"},{"floor":11.0,"key":"The Courier"},{"floor":14.0,"key":"aspiration:HiddenCompartment"},{"floor":20.0,"key":"aspiration:Stabinomicon"},{"floor":23.0,"key":"Golden Egg"},{"floor":25.0,"key":"conspire:DecoderRing"},{"floor":26.0,"key":"Tiny Chest"}],"event_choices":[{"damage_healed":0.0,"max_hp_gain":0.0,"max_hp_loss":0.0,"gold_gain":0.0,"event_name":"Liars Game","player_choice":"Ignored","floor":2.0,"gold_loss":0.0,"damage_taken":0.0},{"damage_healed":0.0,"max_hp_gain":0.0,"max_hp_loss":0.0,"gold_gain":0.0,"event_name":"Scrap Ooze","player_choice":"Success","floor":3.0,"gold_loss":0.0,"damage_taken":5.0,"relics_obtained":["White Beast Statue"]},{"damage_healed":0.0,"max_hp_gain":0.0,"max_hp_loss":0.0,"gold_gain":0.0,"event_name":"Cursed Tome","player_choice":"Obtained Book","floor":20.0,"gold_loss":0.0,"damage_taken":21.0}],"is_beta":false,"boss_relics":[{"not_picked":["halation:HeavySnake","halation:MonkeysPaw"],"picked":"Cursed Key"}],"items_purged_floors":[],"is_endless":false,"potions_floor_spawned":[4,6,8,11,12,14,16,18,19,21,23,25],"killed_by":"Replay:Snechameleon","ascension_level":20}}