{"host":"dcj2yvrgcvh5dl2s","time":1613439080,"event":{"mods":["BaseMod","Bestiary","Better Note","Block Reminder","Colored Powertips","Curses Come First","DeckTracker","Displayed Cursed Tome","Minty Spire (QoL Compilation)","Quick Restart","Rare Cards Sparkle","Relic Stats","StSLib"],"gold_per_floor":[111,111,111,129,0,0,27,42,88,88,88,114,130,149,149,245,245,258,258,275,288,288,288,320,333,386,386,416,429,457,474,474,571,571,586,605,43,60,20,49,49,61,61,78,78,4,4,19,19,19,19],"floor_reached":50,"language":"ENG","playtime":3069,"items_purged":["Strike_G"],"score":847,"play_id":"8c416123-171d-4e2e-9d48-aaa05ddf6413","local_time":"20210216113120","is_ascension_mode":true,"campfire_choices":[{"data":"Neutralize","floor":6,"key":"SMITH"},{"floor":10,"key":"REST"},{"floor":15,"key":"REST"},{"data":"Adrenaline","floor":23,"key":"SMITH"},{"floor":27,"key":"REST"},{"floor":32,"key":"REST"},{"floor":49,"key":"REST"}],"circlet_count":0,"master_deck":["Defend_G","Defend_G","Defend_G","Defend_G","Defend_G","Survivor+1","Neutralize+1","Blade Dance","Dagger Spray","Footwork","Cloak And Dagger","Accuracy","Footwork","Well Laid Plans","Wraith Form v2+1","Sucker Punch","Adrenaline+1","Deflect+1","Infinite Blades+1","Accuracy","Crippling Poison","Accuracy","Cloak And Dagger","Storm of Steel","Leg Sweep","After Image","Accuracy+1","Sadistic Nature","Blur+1","Footwork","Cloak And Dagger","Secret Technique","Panache","Panache","PiercingWail","Infinite Blades","Finisher+1","Cloak And Dagger+1"],"relics":["Ring of the Snake","Pen Nib","Paper Crane","Anchor","Mummified Hand","Sozu","MutagenicStrength","InkBottle","Centennial Puzzle","Meat on the Bone","Molten Egg 2","Empty Cage","Torii","Ornamental Fan","Bottled Lightning"],"acts_visited":["TheCity","TheBeyond"],"potions_floor_usage":[12,21,24],"damage_taken":[{"damage":0,"enemies":"Small Slimes","floor":1,"turns":3},{"damage":6,"enemies":"Cultist","floor":4,"turns":3},{"damage":20,"enemies":"3 Sentries","floor":7,"turns":10},{"damage":0,"enemies":"2 Louse","floor":8,"turns":3},{"damage":3,"enemies":"Lagavulin","floor":12,"turns":5},{"damage":5,"enemies":"Large Slime","floor":13,"turns":6},{"damage":5,"enemies":"Exordium Wildlife","floor":14,"turns":5},{"damage":29,"enemies":"The Guardian","floor":16,"turns":14},{"damage":0,"enemies":"3 Byrds","floor":18,"turns":5},{"damage":0,"enemies":"Spheric Guardian","floor":20,"turns":1},{"damage":1,"enemies":"Snecko","floor":21,"turns":6},{"damage":25,"enemies":"Slavers","floor":24,"turns":8},{"damage":0,"enemies":"Shelled Parasite and Fungi","floor":25,"turns":5},{"damage":5,"enemies":"Book of Stabbing","floor":28,"turns":5},{"damage":0,"enemies":"Centurion and Healer","floor":29,"turns":6},{"damage":0,"enemies":"Gremlin Leader","floor":30,"turns":6},{"damage":0,"enemies":"Snake Plant","floor":31,"turns":4},{"damage":11,"enemies":"Automaton","floor":33,"turns":8},{"damage":0,"enemies":"3 Darklings","floor":35,"turns":5},{"damage":0,"enemies":"3 Shapes","floor":36,"turns":2},{"damage":3,"enemies":"3 Darklings","floor":38,"turns":3},{"damage":0,"enemies":"Giant Head","floor":40,"turns":7},{"damage":0,"enemies":"Sphere and 2 Shapes","floor":42,"turns":4},{"damage":0,"enemies":"Writhing Mass","floor":44,"turns":4},{"damage":0,"enemies":"3 Darklings","floor":48,"turns":3},{"damage":85,"enemies":"Awakened One","floor":50,"turns":5}],"seed_played":"-6170713261214140342","potions_obtained":[{"floor":8,"key":"DistilledChaos"},{"floor":12,"key":"Swift Potion"},{"floor":16,"key":"SneckoOil"}],"is_trial":false,"path_per_floor":["M","?","?","M","$","R","E","M","T","R","?","E","M","M","R","B",null,"M","?","M","M","?","R","E","M","T","R","E","M","E","M","R","B",null,"M","M","$","M","$","E","?","M","T","M","?","$","?","M","R","B"],"character_chosen":"THE_SILENT","items_purchased":["Cloak And Dagger","Accuracy","Torii","Sadistic Nature","Footwork","Infinite Blades"],"campfire_rested":5,"item_purchase_floors":[5,5,37,37,39,46],"current_hp_per_floor":[63,49,49,43,43,43,23,23,23,44,44,41,36,31,52,23,58,58,58,58,57,57,57,32,32,32,53,48,48,48,48,69,58,67,67,67,67,64,64,64,54,54,54,54,54,54,54,54,70,0,0],"gold":19,"neow_bonus":"TRANSFORM_TWO_CARDS","is_daily":false,"chose_seed":false,"campfire_upgraded":2,"win_rate":0.0,"timestamp":1613439080,"path_taken":["M","?","?","?","$","R","E","M","T","R","?","E","M","M","R","BOSS","M","?","M","M","?","R","E","M","T","R","E","M","E","M","R","BOSS","M","M","?","M","$","E","?","M","T","?","?","$","?","M","R","BOSS"],"items_purchased_type":["Card","Card","Relic","Card","Card","Card"],"build_version":"2020-12-22","purchased_purges":1,"victory":false,"max_hp_per_floor":[70,70,70,70,70,70,70,70,70,70,70,70,70,70,70,70,70,70,70,70,70,70,70,70,70,70,70,70,70,70,70,70,70,70,70,70,70,70,70,70,70,70,70,70,70,70,70,70,70,70,70],"relic_stats":{"Sozu":7,"Centennial Puzzle":[12],"Torii":12,"counters":[26,136],"Mummified Hand":[156],"Ornamental Fan":[36],"Pen Nib":[38],"obtain_stats":[{"Torii":37,"Pen Nib":3,"Paper Crane":7,"Empty Cage":34,"Sozu":17,"Anchor":9,"Centennial Puzzle":26,"Mummified Hand":12,"Ornamental Fan":40,"MutagenicStrength":19,"Molten Egg 2":30,"Bottled Lightning":43,"InkBottle":24,"Ring of the Snake":0,"Meat on the Bone":28},{"Torii":20,"Pen Nib":1,"Paper Crane":3,"Empty Cage":18,"Sozu":8,"Anchor":4,"Centennial Puzzle":13,"Mummified Hand":5,"Ornamental Fan":22,"MutagenicStrength":9,"Molten Egg 2":16,"Bottled Lightning":23,"InkBottle":12,"Ring of the Snake":0,"Meat on the Bone":14},{"Torii":110,"Pen Nib":3,"Paper Crane":16,"Empty Cage":103,"Sozu":49,"Anchor":19,"Centennial Puzzle":74,"Mummified Hand":24,"Ornamental Fan":120,"MutagenicStrength":54,"Molten Egg 2":91,"Bottled Lightning":124,"InkBottle":69,"Ring of the Snake":0,"Meat on the Bone":79}],"InkBottle":[47],"Ring of the Snake":[52],"Meat on the Bone":0},"card_choices":[{"not_picked":["Predator","All Out Attack"],"picked":"Dagger Spray","floor":1},{"not_picked":["Outmaneuver","Poisoned Stab"],"picked":"Footwork","floor":4},{"not_picked":["Acrobatics","Flechettes"],"picked":"Footwork","floor":7},{"not_picked":["Flechettes","Dagger Throw"],"picked":"Well Laid Plans","floor":8},{"not_picked":["Outmaneuver","Tactician"],"picked":"Wraith Form v2","floor":12},{"not_picked":["Prepared","Quick Slash"],"picked":"Sucker Punch","floor":13},{"not_picked":["Eviscerate","Dodge and Roll","Prepared"],"picked":"SKIP","floor":14},{"not_picked":["Malaise","Doppelganger"],"picked":"Adrenaline","floor":16},{"not_picked":["Dodge and Roll+1","Concentrate","Poisoned Stab+1"],"picked":"SKIP","floor":18},{"not_picked":["Dagger Spray","Sucker Punch"],"picked":"Deflect+1","floor":20},{"not_picked":["Expertise","Dagger Spray"],"picked":"Infinite Blades+1","floor":21},{"not_picked":["Tools of the Trade","Backstab"],"picked":"Accuracy","floor":24},{"not_picked":["Masterful Stab+1","Quick Slash"],"picked":"Crippling Poison","floor":25},{"not_picked":["Prepared+1","Dagger Spray"],"picked":"Accuracy","floor":28},{"not_picked":["Bane","Dagger Throw"],"picked":"Cloak And Dagger","floor":29},{"not_picked":["Outmaneuver","Deflect"],"picked":"Storm of Steel","floor":30},{"not_picked":["Sucker Punch+1","Eviscerate+1"],"picked":"Leg Sweep","floor":31},{"not_picked":["A Thousand Cuts","Burst"],"picked":"After Image","floor":33},{"not_picked":["Eviscerate+1","Bane+1","Flying Knee+1"],"picked":"SKIP","floor":35},{"not_picked":["Underhanded Strike+1","Heel Hook+1"],"picked":"Accuracy+1","floor":36},{"not_picked":["Skewer+1","Dagger Spray+1"],"picked":"Blur+1","floor":38},{"not_picked":["Flechettes+1","Heel Hook+1"],"picked":"Cloak And Dagger","floor":40},{"not_picked":["Secret Weapon","Good Instincts"],"picked":"Secret Technique","floor":41},{"not_picked":["Madness","Mind Blast+1"],"picked":"Panache","floor":41},{"not_picked":["Finesse","Purity"],"picked":"Panache","floor":41},{"not_picked":["Tactician+1","Poisoned Stab+1"],"picked":"PiercingWail","floor":42},{"not_picked":["Outmaneuver","Slice+1"],"picked":"Distraction+1","floor":44},{"not_picked":["Deadly Poison","Slice+1"],"picked":"Cloak And Dagger+1","floor":48}],"player_experience":2418302,"relics_obtained":[{"floor":7,"key":"Paper Crane"},{"floor":9,"key":"Anchor"},{"floor":12,"key":"Mummified Hand"},{"floor":24,"key":"InkBottle"},{"floor":26,"key":"Centennial Puzzle"},{"floor":28,"key":"Meat on the Bone"},{"floor":30,"key":"Molten Egg 2"},{"floor":40,"key":"Ornamental Fan"},{"floor":43,"key":"Bottled Lightning"}],"event_choices":[{"damage_healed":0,"gold_gain":0,"player_choice":"Entered Light","damage_taken":14,"max_hp_gain":0,"max_hp_loss":0,"event_name":"Shining Light","floor":2,"gold_loss":0,"cards_upgraded":["Strike_G","Survivor"]},{"cards_removed":["Underhanded Strike"],"damage_healed":0,"gold_gain":0,"player_choice":"Gave Card","damage_taken":0,"relics_obtained":["Pen Nib"],"max_hp_gain":0,"max_hp_loss":0,"event_name":"WeMeetAgain","floor":3,"gold_loss":0},{"damage_healed":0,"gold_gain":0,"player_choice":"Ignored","damage_taken":0,"max_hp_gain":0,"max_hp_loss":0,"event_name":"Liars Game","floor":11,"gold_loss":0},{"damage_healed":0,"gold_gain":0,"player_choice":"Inject Mutagens","damage_taken":0,"relics_obtained":["MutagenicStrength"],"max_hp_gain":0,"max_hp_loss":0,"event_name":"Drug Dealer","floor":19,"gold_loss":0},{"damage_healed":0,"gold_gain":0,"player_choice":"Upgraded","damage_taken":0,"max_hp_gain":0,"max_hp_loss":0,"event_name":"Upgrade Shrine","floor":22,"gold_loss":0,"cards_upgraded":["Wraith Form v2"]},{"damage_healed":0,"gold_gain":0,"player_choice":"Memory 3","damage_taken":10,"max_hp_gain":0,"max_hp_loss":0,"event_name":"SensoryStone","floor":41,"gold_loss":0},{"cards_removed":["Distraction"],"damage_healed":0,"gold_gain":0,"player_choice":"Removed Skill","damage_taken":0,"max_hp_gain":0,"max_hp_loss":0,"event_name":"Falling","floor":45,"gold_loss":0},{"damage_healed":0,"gold_gain":0,"cards_transformed":["Strike_G"],"player_choice":"Transformed","damage_taken":0,"max_hp_gain":0,"max_hp_loss":0,"event_name":"Transmorgrifier","floor":47,"gold_loss":0,"cards_obtained":["Finisher"]}],"is_beta":false,"boss_relics":[{"not_picked":["Fusion Hammer","Runic Pyramid"],"picked":"Sozu"},{"not_picked":["Philosopher\u0027s Stone","SacredBark"],"picked":"Empty Cage"}],"items_purged_floors":[37],"is_endless":false,"potions_floor_spawned":[8,12,16,21,29,30,31,33,35,48],"killed_by":"Awakened One","ascension_level":6}}