{"host":"6wux4armhsntp4yb","time":1613516051,"event":{"mods":["BaseMod","Colored Map","DeckTracker","Minty Spire (QoL Compilation)","Relic Stats"],"gold_per_floor":[116,116,116,96,111,111,127,127,207,238,238,249,268,233,233,233,233],"floor_reached":16,"language":"JPN","playtime":454,"items_purged":[],"score":200,"play_id":"f4ddba3d-7922-4ac6-a8a3-ff7cbf36e29d","local_time":"20210217075411","is_ascension_mode":true,"campfire_choices":[{"data":"Neutralize","floor":6.0,"key":"SMITH"},{"data":"Noxious Fumes","floor":8.0,"key":"SMITH"},{"data":"Skewer","floor":11.0,"key":"SMITH"},{"data":"Backflip","floor":15.0,"key":"SMITH"}],"circlet_count":0,"master_deck":["AscendersBane","Strike_G+1","Strike_G","Strike_G+1","Strike_G","Strike_G","Defend_G+1","Defend_G","Defend_G+1","Defend_G+1","Defend_G","Survivor","Neutralize+1","Adrenaline+1","Masterful Stab","Backflip+1","Noxious Fumes+1","Skewer+1","Deadly Poison+1","Setup+1"],"relics":["Ring of the Snake","War Paint","Toxic Egg 2","Whetstone"],"acts_visited":["Exordium"],"potions_floor_usage":[],"damage_taken":[{"damage":0.0,"enemies":"2 Louse","floor":1.0,"turns":3.0},{"damage":1.0,"enemies":"Small Slimes","floor":5.0,"turns":3.0},{"damage":0.0,"enemies":"Cultist","floor":7.0,"turns":3.0},{"damage":30.0,"enemies":"Gremlin Nob","floor":10.0,"turns":5.0},{"damage":0.0,"enemies":"3 Louse","floor":12.0,"turns":3.0},{"damage":0.0,"enemies":"2 Fungi Beasts","floor":13.0,"turns":4.0},{"damage":20,"enemies":"The Guardian","floor":16,"turns":2}],"seed_played":"-2337484258094521216","potions_obtained":[{"floor":1.0,"key":"SpeedPotion"},{"floor":4.0,"key":"Explosive Potion"},{"floor":5.0,"key":"Swift Potion"}],"is_trial":false,"path_per_floor":["M","?","?","?","M","R","M","R","T","E","R","M","M","?","R","B"],"character_chosen":"THE_SILENT","items_purchased":[],"campfire_rested":0,"item_purchase_floors":[],"current_hp_per_floor":[59,39,34,34,33,33,33,33,33,3,3,3,3,19,19,0,0],"gold":233,"neow_bonus":"ONE_RANDOM_RARE_CARD","is_daily":false,"chose_seed":false,"campfire_upgraded":4,"win_rate":0.0,"timestamp":1613516051,"path_taken":["M","?","?","?","?","R","M","R","T","E","R","M","M","?","R","BOSS"],"items_purchased_type":[],"build_version":"2020-12-22","purchased_purges":0,"victory":false,"max_hp_per_floor":[66,66,66,66,66,66,66,66,66,66,66,66,66,66,66,66,66],"relic_stats":{"counters":[7,23],"Whetstone":["Strike_G","Strike_G"],"War Paint":["Defend_G","Defend_G"],"obtain_stats":[{"Whetstone":10,"War Paint":3,"Toxic Egg 2":9,"Ring of the Snake":0},{"Whetstone":4,"War Paint":1,"Toxic Egg 2":3,"Ring of the Snake":0},{"Whetstone":14,"War Paint":3,"Toxic Egg 2":9,"Ring of the Snake":0}],"Ring of the Snake":[14]},"card_choices":[{"not_picked":["Acrobatics","Expertise"],"picked":"Masterful Stab","floor":1.0},{"not_picked":["Poisoned Stab","Bane"],"picked":"Backflip","floor":5.0},{"not_picked":["Blade Dance","Outmaneuver"],"picked":"Noxious Fumes","floor":7.0},{"not_picked":["Dodge and Roll+1","Wraith Form v2"],"picked":"Skewer","floor":10.0},{"not_picked":["Underhanded Strike","Caltrops"],"picked":"Deadly Poison+1","floor":12.0},{"not_picked":["Caltrops","Flying Knee"],"picked":"Setup+1","floor":13.0}],"player_experience":5885603,"relics_obtained":[{"floor":9.0,"key":"Toxic Egg 2"},{"floor":10.0,"key":"Whetstone"}],"event_choices":[{"damage_healed":0.0,"max_hp_gain":0.0,"max_hp_loss":0.0,"gold_gain":0.0,"event_name":"Shining Light","player_choice":"Entered Light","floor":2.0,"gold_loss":0.0,"damage_taken":20.0,"cards_upgraded":["Defend_G","Adrenaline"]},{"damage_healed":0.0,"max_hp_gain":0.0,"max_hp_loss":0.0,"gold_gain":0.0,"event_name":"Scrap Ooze","player_choice":"Success","floor":3.0,"gold_loss":0.0,"damage_taken":5.0,"relics_obtained":["War Paint"]},{"damage_healed":0.0,"max_hp_gain":0.0,"max_hp_loss":0.0,"gold_gain":0.0,"event_name":"The Woman in Blue","player_choice":"Bought 1 Potion","floor":4.0,"gold_loss":0.0,"damage_taken":0.0},{"damage_healed":16.0,"max_hp_gain":0.0,"max_hp_loss":0.0,"gold_gain":0.0,"event_name":"The Cleric","player_choice":"Healed","floor":14.0,"gold_loss":35.0,"damage_taken":0.0}],"is_beta":false,"boss_relics":[],"items_purged_floors":[],"is_endless":false,"potions_floor_spawned":[1,5],"killed_by":"The Guardian","ascension_level":20}}