{"host":"2or4cw6bq4m5ul7o","time":1613511535,"event":{"mods":["BaseMod","Colored Powertips","DeckTracker","Friendly Minions","Highlight Path","Minty Spire (QoL Compilation)","StSLib","The Hierophant"],"gold_per_floor":[117,117,136,149,161,192,192,192,245,245,256,531,276,295,295,295,295],"floor_reached":16,"language":"ENG","playtime":1434,"items_purged":["Regret"],"score":102,"play_id":"6ba68327-3401-46d6-915b-b5b3605de946","local_time":"20210216143855","is_ascension_mode":false,"campfire_choices":[{"data":"hierophant:ChurchCoffers","floor":8,"key":"SMITH"},{"floor":15,"key":"REST"}],"circlet_count":0,"master_deck":["hierophant:Strike_Hierophant","hierophant:Strike_Hierophant","hierophant:Strike_Hierophant","hierophant:Strike_Hierophant","hierophant:Punish","hierophant:Defend_Hierophant","hierophant:Defend_Hierophant","hierophant:Defend_Hierophant","hierophant:Defend_Hierophant","hierophant:ChurchCoffers+1","hierophant:Zeal","hierophant:MorningPrayer","hierophant:FieryStrike","hierophant:RepressedViolence","hierophant:HolyVerse","hierophant:Sermon"],"relics":["hierophant:PropheticMaskRelic","HornCleat","Boot","Tiny Chest","Omamori"],"acts_visited":["Exordium"],"potions_floor_usage":[16,16],"damage_taken":[{"damage":4,"enemies":"2 Louse","floor":1,"turns":3},{"damage":10,"enemies":"Jaw Worm","floor":3,"turns":4},{"damage":5,"enemies":"Small Slimes","floor":4,"turns":3},{"damage":7,"enemies":"2 Fungi Beasts","floor":5,"turns":3},{"damage":17,"enemies":"3 Sentries","floor":6,"turns":10},{"damage":0,"enemies":"Gremlin Gang","floor":11,"turns":3},{"damage":0,"enemies":"3 Louse","floor":14,"turns":1},{"damage":47,"enemies":"Slime Boss","floor":16,"turns":7}],"seed_played":"4592885224193990530","potions_obtained":[{"floor":3,"key":"SkillPotion"},{"floor":6,"key":"EntropicBrew"},{"floor":11,"key":"BlessingOfTheForge"}],"is_trial":false,"path_per_floor":["M","?","M","M","M","E","?","R","T","?","M","?","$","M","R","B"],"character_chosen":"HIEROPHANT","items_purchased":["hierophant:HolyVerse","Omamori"],"campfire_rested":1,"item_purchase_floors":[13,13],"current_hp_per_floor":[78,53,43,38,31,14,19,19,19,19,19,19,19,19,45,0,0],"gold":295,"neow_bonus":"TEN_PERCENT_HP_BONUS","is_daily":false,"chose_seed":false,"campfire_upgraded":1,"win_rate":0.0,"timestamp":1613511535,"path_taken":["M","?","M","M","M","E","?","R","T","?","M","?","$","M","R","BOSS"],"items_purchased_type":["Card","Relic"],"build_version":"2020-12-22","purchased_purges":1,"victory":false,"max_hp_per_floor":[82,82,82,82,82,82,87,87,87,87,87,87,87,87,87,87,87],"card_choices":[{"not_picked":["hierophant:Purify","hierophant:Remorse"],"picked":"hierophant:Embezzle","floor":1},{"not_picked":["hierophant:DisplayOfPower","hierophant:Martyrdom"],"picked":"hierophant:Zeal","floor":3},{"not_picked":["hierophant:AuricBeam","hierophant:SolarFlare"],"picked":"hierophant:MorningPrayer","floor":4},{"not_picked":["hierophant:DisplayOfPower","hierophant:Embezzle"],"picked":"hierophant:FieryStrike","floor":5},{"not_picked":["hierophant:AuricBeam","hierophant:CursedGold","hierophant:Alms"],"picked":"SKIP","floor":6},{"not_picked":["hierophant:FlamingChariot","hierophant:DisplayOfPower"],"picked":"hierophant:RepressedViolence","floor":11},{"not_picked":["hierophant:MirrorShield","hierophant:Upheaval"],"picked":"hierophant:Sermon","floor":14}],"player_experience":371979,"relics_obtained":[{"floor":6,"key":"Boot"},{"floor":9,"key":"Tiny Chest"}],"event_choices":[{"damage_healed":0,"gold_gain":0,"player_choice":"Success","damage_taken":25,"relics_obtained":["HornCleat"],"max_hp_gain":0,"max_hp_loss":0,"event_name":"Scrap Ooze","floor":2,"gold_loss":0},{"damage_healed":0,"gold_gain":0,"player_choice":"Donut","damage_taken":0,"max_hp_gain":5,"max_hp_loss":0,"event_name":"Big Fish","floor":7,"gold_loss":0},{"cards_removed":["hierophant:Embezzle"],"damage_healed":0,"gold_gain":0,"player_choice":"Forget","damage_taken":0,"max_hp_gain":0,"max_hp_loss":0,"event_name":"Living Wall","floor":10,"gold_loss":0},{"damage_healed":0,"gold_gain":275,"player_choice":"Desecrate","damage_taken":0,"max_hp_gain":0,"max_hp_loss":0,"event_name":"Golden Shrine","floor":12,"gold_loss":0,"cards_obtained":["Regret"]}],"is_beta":false,"boss_relics":[],"items_purged_floors":[13],"is_endless":false,"potions_floor_spawned":[3,6,11],"killed_by":"Slime Boss","ascension_level":0}}