{"host":"wqdhni9hq4z6pe8c","time":1613496084,"event":{"mods":["BaseMod","Colored Map","Downfall","Highlight Path","Minty Spire (QoL Compilation)","StSLib"],"gold_per_floor":[116,116,45,65,78,78,108,108,132,148,148,168,196,213,213,312,312,327,128,146,157,171,171,8,8,34,34,34,34,66,85,85,189,189,199,216,6,24,42,42,62,62,130,130,180,180,0,27,27,27,27],"floor_reached":50,"language":"ENG","playtime":3681,"items_purged":["Strike_P","Defend_P"],"score":602,"play_id":"dcae8e9d-51fe-4ce7-878b-2dc123d1872e","local_time":"20210216112124","is_ascension_mode":false,"campfire_choices":[{"data":"CrushJoints","floor":6.0,"key":"SMITH"},{"data":"EmptyBody","floor":8.0,"key":"SMITH"},{"data":"MentalFortress","floor":15.0,"key":"SMITH"},{"floor":23.0,"key":"REST"},{"data":"Establishment","floor":25.0,"key":"SMITH"},{"floor":29.0,"key":"REST"},{"floor":32.0,"key":"REST"},{"floor":40,"key":"REST"},{"floor":42,"key":"REST"},{"floor":46,"key":"RECALL"},{"floor":49,"key":"REST"}],"circlet_count":0,"master_deck":["Strike_P","Strike_P","Defend_P","Defend_P","Defend_P","Eruption+1","Vigilance","Consecrate+1","SandsOfTime","CrushJoints+1","WheelKick","EmptyBody+1","JustLucky","DeusExMachina","FlurryOfBlows","MentalFortress+1","Halt","Establishment+1","ClearTheMind","CutThroughFate","Wallop+1","FlurryOfBlows+1","EmptyBody","CarveReality","Necronomicurse","ConjureBlade","WreathOfFlame+1","DevaForm","Writhe"],"relics":["PureWater","PreservedInsect","Strawberry","Pantograph","VioletLotus","Membership Card","Pear","Centennial Puzzle","Necronomicon","Bottled Flame","Smiling Mask","Busted Crown","Anchor","CaptainsWheel","Red Mask","InkBottle"],"acts_visited":["Exordium","TheCity","TheBeyond"],"potions_floor_usage":[36,38,38,48,48],"damage_taken":[{"damage":0.0,"enemies":"2 Louse","floor":1.0,"turns":2.0},{"damage":0.0,"enemies":"Cultist","floor":4.0,"turns":2.0},{"damage":0.0,"enemies":"Jaw Worm","floor":5.0,"turns":3.0},{"damage":13.0,"enemies":"Lagavulin","floor":7.0,"turns":4.0},{"damage":6.0,"enemies":"Lots of Slimes","floor":10.0,"turns":3.0},{"damage":0.0,"enemies":"Exordium Wildlife","floor":12.0,"turns":3.0},{"damage":0.0,"enemies":"Gremlin Nob","floor":13.0,"turns":2.0},{"damage":10.0,"enemies":"Exordium Thugs","floor":14.0,"turns":2.0},{"damage":0.0,"enemies":"Slime Boss","floor":16.0,"turns":5.0},{"damage":20.0,"enemies":"2 Thieves","floor":18.0,"turns":4.0},{"damage":24.0,"enemies":"Chosen","floor":20.0,"turns":6.0},{"damage":11.0,"enemies":"Centurion and Healer","floor":21.0,"turns":6.0},{"damage":24.0,"enemies":"Snake Plant","floor":22.0,"turns":2.0},{"damage":12.0,"enemies":"Gremlin Leader","floor":30.0,"turns":5.0},{"damage":0.0,"enemies":"Cultist and Chosen","floor":31.0,"turns":3.0},{"damage":69.0,"enemies":"Champ","floor":33.0,"turns":8.0},{"damage":11,"enemies":"Orb Walker","floor":35,"turns":3},{"damage":23,"enemies":"3 Darklings","floor":36,"turns":4},{"damage":36,"enemies":"Maw","floor":38,"turns":7},{"damage":27,"enemies":"Jaw Worm Horde","floor":39,"turns":5},{"damage":22,"enemies":"Spire Growth","floor":41,"turns":4},{"damage":32,"enemies":"Mind Bloom Boss Battle","floor":45,"turns":8},{"damage":65,"enemies":"Reptomancer","floor":48,"turns":5},{"damage":62,"enemies":"Time Eater","floor":50,"turns":4}],"seed_played":"7159154007633045532","potions_obtained":[{"floor":4.0,"key":"bronze:BurnAndBuffPotion"},{"floor":7.0,"key":"Fruit Juice"},{"floor":13.0,"key":"Energy Potion"},{"floor":16.0,"key":"Fire Potion"},{"floor":18.0,"key":"ColorlessPotion"},{"floor":21.0,"key":"Explosive Potion"},{"floor":22.0,"key":"StancePotion"},{"floor":31.0,"key":"champ:CounterPotion"},{"floor":33.0,"key":"ColorlessPotion"},{"floor":36,"key":"BottledMiracle"},{"floor":45,"key":"BottledMiracle"},{"floor":48,"key":"FearPotion"}],"is_trial":false,"path_per_floor":["M","?","$","M","M","R","E","R","T","M","?","M","E","M","R","B",null,"M","$","M","M","M","R","$","R","T","?","T","R","E","M","R","B",null,"M","M","$","M","M","R","M","R","T","?","?","R","?","E","R","B"],"character_chosen":"WATCHER","items_purchased":["SandsOfTime","Membership Card","CutThroughFate","Pear","CarveReality","Anchor","Fruit Juice","Regen Potion"],"campfire_rested":6,"item_purchase_floors":[3,19,19,24,24,37,37,37],"current_hp_per_floor":[72,72,72,72,72,72,59,59,66,65,65,65,65,55,55,80,84,64,64,40,29,5,30,40,40,40,24,24,52,40,40,68,24,94,83,60,60,44,17,46,24,53,53,78,67,67,67,2,31,0,0],"gold":27,"neow_bonus":"UPGRADE_CARD","is_daily":false,"chose_seed":false,"campfire_upgraded":4,"win_rate":0.0,"timestamp":1613496084,"path_taken":["M","?","?","M","M","R","E","R","T","M","?","?","E","M","R","BOSS","M","$","?","M","M","R","$","R","T","?","?","R","E","M","R","BOSS","M","M","$","M","M","R","M","R","T","?","?","R","?","E","R","BOSS"],"items_purchased_type":["Card","Relic","Card","Relic","Card","Relic","Potion","Potion"],"build_version":"2020-12-22","purchased_purges":2,"victory":false,"max_hp_per_floor":[72,72,72,72,72,72,72,72,79,84,84,84,84,84,84,84,84,84,84,84,84,84,84,94,94,94,94,94,94,94,94,94,94,94,94,94,94,99,99,99,99,99,99,99,99,99,99,99,99,99,99],"card_choices":[{"not_picked":["EmptyBody","Collect"],"picked":"Consecrate","floor":1.0},{"not_picked":["SignatureMove","FollowUp"],"picked":"CrushJoints","floor":4.0},{"not_picked":["FollowUp","FlyingSleeves"],"picked":"WheelKick","floor":5.0},{"not_picked":["SandsOfTime","Crescendo"],"picked":"EmptyBody","floor":7.0},{"not_picked":["SandsOfTime","Evaluate"],"picked":"JustLucky","floor":10.0},{"not_picked":["CarveReality","Prostrate"],"picked":"FlurryOfBlows","floor":12.0},{"not_picked":["EmptyBody","CarveReality"],"picked":"MentalFortress","floor":13.0},{"not_picked":["SashWhip","Prostrate"],"picked":"Halt","floor":14.0},{"not_picked":["Scrawl","MasterReality"],"picked":"Establishment","floor":16.0},{"not_picked":["ThirdEye+1","Consecrate+1"],"picked":"ClearTheMind","floor":18.0},{"not_picked":["Crescendo+1","ClearTheMind"],"picked":"Wallop+1","floor":20.0},{"not_picked":["Prostrate","Halt"],"picked":"FlurryOfBlows+1","floor":21.0},{"not_picked":["Prostrate","EmptyMind"],"picked":"EmptyBody","floor":22.0},{"not_picked":["Prostrate+1","Halt"],"picked":"ConjureBlade","floor":30.0},{"not_picked":["Consecrate+1","Crescendo"],"picked":"WreathOfFlame+1","floor":31.0},{"not_picked":["Judgement","Devotion"],"picked":"DevaForm","floor":33.0},{"not_picked":["ClearTheMind"],"picked":"SKIP","floor":35},{"not_picked":["Prostrate+1"],"picked":"SKIP","floor":36},{"not_picked":["FlyingSleeves"],"picked":"SKIP","floor":38},{"not_picked":["Swivel"],"picked":"SKIP","floor":39},{"not_picked":["FlyingSleeves+1"],"picked":"SKIP","floor":41},{"not_picked":["Prostrate+1"],"picked":"SKIP","floor":48}],"player_experience":178194,"relics_obtained":[{"floor":7.0,"key":"PreservedInsect"},{"floor":9.0,"key":"Strawberry"},{"floor":13.0,"key":"Pantograph"},{"floor":26.0,"key":"Centennial Puzzle"},{"floor":27.0,"key":"Necronomicon"},{"floor":28.0,"key":"Bottled Flame"},{"floor":30.0,"key":"Smiling Mask"},{"floor":45,"key":"CaptainsWheel"},{"floor":48,"key":"InkBottle"}],"event_choices":[{"damage_healed":0.0,"max_hp_gain":0.0,"max_hp_loss":0.0,"gold_gain":0.0,"event_name":"Upgrade Shrine","player_choice":"Upgraded","floor":2.0,"gold_loss":0.0,"damage_taken":0.0,"cards_upgraded":["Consecrate"]},{"damage_healed":0.0,"max_hp_gain":0.0,"max_hp_loss":0.0,"gold_gain":0.0,"cards_transformed":["Strike_P"],"event_name":"Transmorgrifier","player_choice":"Transformed","floor":11.0,"gold_loss":0.0,"damage_taken":0.0,"cards_obtained":["DeusExMachina"]},{"damage_healed":0.0,"max_hp_gain":0.0,"max_hp_loss":0.0,"gold_gain":0.0,"event_name":"Cursed Tome","player_choice":"Obtained Book","floor":27.0,"gold_loss":0.0,"damage_taken":16.0},{"damage_healed":25,"gold_gain":0,"player_choice":"Writhe","damage_taken":0,"max_hp_gain":0,"max_hp_loss":0,"event_name":"Winding Halls","floor":44,"gold_loss":0,"cards_obtained":["Writhe"]},{"damage_healed":0,"gold_gain":0,"player_choice":"Fight","damage_taken":0,"max_hp_gain":0,"max_hp_loss":0,"event_name":"MindBloom","floor":45,"gold_loss":0},{"damage_healed":0,"gold_gain":0,"player_choice":"Paid","damage_taken":0,"relics_obtained":["Red Mask"],"max_hp_gain":0,"max_hp_loss":0,"event_name":"Tomb of Lord Red Mask","floor":47,"gold_loss":180}],"is_beta":false,"boss_relics":[{"not_picked":["HolyWater","Ectoplasm"],"picked":"VioletLotus"},{"not_picked":["SlaversCollar","Coffee Dripper"],"picked":"Busted Crown"}],"items_purged_floors":[19,37],"is_endless":false,"potions_floor_spawned":[4,7,13,16,18,21,22,31,33,36,45,48],"killed_by":"Time Eater","ascension_level":0}}