{"host":"9rqxlbwknj581inl","time":1613443662,"event":{"mods":["BaseMod","Colored Map","Colored Powertips","Minty Spire (QoL Compilation)","Quick Restart","Random Character Mod"],"gold_per_floor":[113,123,142,161,175,175,195,229,229,257,257,357,371,385,385,482,482,492,506,516,531,531,531,531],"floor_reached":23,"language":"ENG","playtime":2878,"items_purged":[],"score":209,"play_id":"ce9439e3-3321-4f56-b3b9-610cdd583600","local_time":"20210215194742","is_ascension_mode":false,"campfire_choices":[{"data":"Armaments","floor":6,"key":"SMITH"},{"floor":15,"key":"REST"}],"circlet_count":0,"master_deck":["Strike_R","Strike_R","Defend_R","Defend_R","Defend_R","Defend_R","Bash","Battle Trance","Inflame","Flex","Armaments+1","Inflame","Reaper","Shockwave","Heavy Blade","True Grit","Demon Form","Heavy Blade+1","Sword Boomerang+1","Hemokinesis+1","Evolve+1","Cleave","Shrug It Off","Feel No Pain"],"relics":["Burning Blood","Question Card","FossilizedHelix","WingedGreaves","Astrolabe"],"acts_visited":["Exordium","TheCity"],"potions_floor_usage":[7,13,16,18,21],"damage_taken":[{"damage":6,"enemies":"Jaw Worm","floor":1,"turns":3},{"damage":5,"enemies":"2 Louse","floor":2,"turns":3},{"damage":6,"enemies":"Cultist","floor":3,"turns":3},{"damage":15,"enemies":"2 Fungi Beasts","floor":4,"turns":3},{"damage":31,"enemies":"Lots of Slimes","floor":5,"turns":5},{"damage":4,"enemies":"Gremlin Gang","floor":7,"turns":4},{"damage":31,"enemies":"Lagavulin","floor":8,"turns":7},{"damage":35,"enemies":"3 Sentries","floor":10,"turns":7},{"damage":0,"enemies":"Large Slime","floor":13,"turns":4},{"damage":12,"enemies":"Blue Slaver","floor":14,"turns":4},{"damage":27,"enemies":"Slime Boss","floor":16,"turns":10},{"damage":0,"enemies":"Shell Parasite","floor":18,"turns":3},{"damage":20,"enemies":"Spheric Guardian","floor":19,"turns":5},{"damage":43,"enemies":"Snake Plant","floor":20,"turns":6},{"damage":22,"enemies":"3 Cultists","floor":21,"turns":5},{"damage":50,"enemies":"Slavers","floor":23,"turns":4}],"seed_played":"-2964419724672370133","potions_obtained":[{"floor":1,"key":"LiquidBronze"},{"floor":5,"key":"ColorlessPotion"},{"floor":7,"key":"PowerPotion"},{"floor":8,"key":"LiquidMemories"},{"floor":14,"key":"Weak Potion"},{"floor":21,"key":"Swift Potion"}],"is_trial":false,"path_per_floor":["M","M","M","M","M","R","M","E","T","E","?","?","M","M","R","B",null,"M","M","M","M","?","E"],"character_chosen":"IRONCLAD","items_purchased":[],"campfire_rested":1,"item_purchase_floors":[],"current_hp_per_floor":[88,88,88,79,54,54,56,42,42,25,22,22,46,43,69,48,88,88,74,46,30,30,0,0],"gold":531,"neow_bonus":"TEN_PERCENT_HP_BONUS","is_daily":false,"chose_seed":false,"campfire_upgraded":1,"win_rate":0.0,"timestamp":1613443662,"path_taken":["M","M","M","M","M","R","M","E","T","E","?","?","M","?","R","BOSS","M","M","M","M","?","E"],"items_purchased_type":[],"build_version":"2020-12-22","purchased_purges":0,"victory":false,"max_hp_per_floor":[88,88,88,88,88,88,88,88,88,88,88,88,88,88,88,88,88,88,88,88,88,88,88,88],"card_choices":[{"not_picked":["Second Wind","Dual Wield"],"picked":"Battle Trance","floor":1},{"not_picked":["Rampage","Twin Strike"],"picked":"Inflame","floor":2},{"not_picked":["Clothesline","Reckless Charge"],"picked":"Flex","floor":3},{"not_picked":["Carnage","Clash"],"picked":"Armaments","floor":4},{"not_picked":["Power Through","Dual Wield"],"picked":"Inflame","floor":5},{"not_picked":["Burning Pact","Havoc"],"picked":"Reaper","floor":7},{"not_picked":["Body Slam","Sentinel"],"picked":"Shockwave","floor":8},{"not_picked":["Warcry","Headbutt","Clash"],"picked":"Heavy Blade","floor":10},{"not_picked":["Wild Strike","Inflame","Seeing Red"],"picked":"Combust","floor":13},{"not_picked":["Corruption","Hemokinesis","Cleave"],"picked":"True Grit","floor":14},{"not_picked":["Offering","Bludgeon","Fiend Fire"],"picked":"Demon Form","floor":16},{"not_picked":["Burning Pact","Battle Trance","Havoc+1","Fire Breathing"],"picked":"SKIP","floor":18},{"not_picked":["Feel No Pain","Twin Strike","Entrench"],"picked":"Evolve+1","floor":19},{"not_picked":["Sentinel","Havoc","Armaments"],"picked":"Cleave","floor":20},{"not_picked":["Flame Barrier","Clash","Bloodletting"],"picked":"Shrug It Off","floor":21}],"player_experience":279875,"relics_obtained":[{"floor":8,"key":"Question Card"},{"floor":9,"key":"FossilizedHelix"},{"floor":10,"key":"WingedGreaves"}],"event_choices":[{"damage_healed":0,"gold_gain":0,"player_choice":"Fled","damage_taken":3,"max_hp_gain":0,"max_hp_loss":0,"event_name":"Scrap Ooze","floor":11,"gold_loss":0},{"damage_healed":0,"gold_gain":100,"player_choice":"Pray","damage_taken":0,"max_hp_gain":0,"max_hp_loss":0,"event_name":"Golden Shrine","floor":12,"gold_loss":0},{"damage_healed":0,"gold_gain":0,"cards_transformed":["Strike_R"],"player_choice":"Transformed","damage_taken":0,"max_hp_gain":0,"max_hp_loss":0,"event_name":"Transmorgrifier","floor":22,"gold_loss":0,"cards_obtained":["Feel No Pain"]}],"is_beta":false,"boss_relics":[{"not_picked":["Fusion Hammer","Mark of Pain"],"picked":"Astrolabe"}],"items_purged_floors":[],"is_endless":false,"potions_floor_spawned":[1,5,7,8,14,19,21],"killed_by":"Slavers","ascension_level":0}}