{"host":"nlbr7nnijupf3yfg","time":1613450829,"event":{"mods":["AchievementEnabler","BaseMod","BetterRewards","Colored Powertips","DeckTracker","Downfall","Hermit","Hubris","Infinite Spire","Minty Spire (QoL Compilation)","Quick Restart","Replay The Spire","StSLib","SuperFastMode","The Servant 0.9.4"],"gold_per_floor":[110,110,128,139,139,174,193,193,218,246,256,256,283,24,24,129,129,139,153,153,163,163,190,190,389,389,389,405,405,430,450,450,450,450],"floor_reached":33,"language":"ENG","playtime":636,"items_purged":["Regret"],"score":528,"play_id":"bc7560ce-81a6-4e54-8e29-17d3bec718a2","local_time":"20210215234709","is_ascension_mode":true,"campfire_choices":[{"floor":8,"key":"REST"},{"floor":15,"key":"REST"},{"floor":27,"key":"REST"},{"floor":32,"key":"REST"}],"circlet_count":0,"master_deck":["AscendersBane","Strike_R","Strike_R","Strike_R","Strike_R","Strike_R","Defend_R","Defend_R+1","Defend_R","Defend_R","Bash","Twin Strike","Shrug It Off","Evolve","Wild Strike","Flex+1","Wild Strike","Shockwave+1","Perfected Strike","Juggernaut","infinitespire:OneForAll","Thunderclap","ReplayTheSpireMod:Strike From Hell","Dual Wield","Twin Strike","ReplayTheSpireMod:Splinters","ReplayTheSpireMod:Strike From Hell+1","Flame Barrier","hubris:DuctTapeCard","ReplayTheSpireMod:Chaos Vortex","Flame Barrier+1"],"relics":["Burning Blood","Bag of Preparation","Dream Catcher","Red Skull","Blue Doll","PreservedInsect","infinitespire:Eraser","War Paint","Lee\u0027s Waffle","Ooze Armor","hubris:CrystalStatue","Centennial Puzzle","hubris:DuctTape","Smiling Mask"],"acts_visited":["Exordium","TheCity"],"potions_floor_usage":[16,31,33],"damage_taken":[{"damage":6,"enemies":"Cultist","floor":1,"turns":3},{"damage":2,"enemies":"Jaw Worm","floor":3,"turns":3},{"damage":2,"enemies":"2 Louse","floor":4,"turns":3},{"damage":52,"enemies":"Lagavulin","floor":6,"turns":6},{"damage":4,"enemies":"2 Fungi Beasts","floor":7,"turns":3},{"damage":32,"enemies":"Gremlin Nob","floor":10,"turns":4},{"damage":0,"enemies":"Exordium Wildlife","floor":11,"turns":2},{"damage":13,"enemies":"3 Sentries","floor":13,"turns":4},{"damage":81,"enemies":"Fading Forest","floor":16,"turns":11},{"damage":0,"enemies":"Spheric Guardian","floor":18,"turns":2},{"damage":22,"enemies":"2 Thieves","floor":19,"turns":4},{"damage":13,"enemies":"Cultist and Chosen","floor":21,"turns":5},{"damage":0,"enemies":"Replay:Snechameleon","floor":23,"turns":2},{"damage":8,"enemies":"Centurion and Healer","floor":28,"turns":3},{"damage":41,"enemies":"Nightmare","floor":30,"turns":5},{"damage":6,"enemies":"Shelled Parasite and Fungi","floor":31,"turns":3},{"damage":109,"enemies":"Champ","floor":33,"turns":8}],"seed_played":"-4331676091743523654","potions_obtained":[{"floor":1,"key":"FairyPotion"},{"floor":2,"key":"Elixir"},{"floor":2,"key":"LiquidMemories"},{"floor":3,"key":"SkillPotion"},{"floor":19,"key":"LifebloodPotion"},{"floor":31,"key":"FearPotion"}],"is_trial":false,"path_per_floor":["M","?","M","M","?","E","M","R","T","E","M","?","E","$","R","B",null,"M","M","?","M","$","E","?","?","T","R","M","AVR","NM","M","R","B"],"character_chosen":"IRONCLAD","items_purchased":["Lee\u0027s Waffle","Shockwave+1"],"campfire_rested":4,"item_purchase_floors":[14,14],"current_hp_per_floor":[72,72,76,80,80,34,36,60,60,34,40,40,33,87,87,22,71,77,61,61,54,54,60,60,60,60,86,84,84,49,49,75,0,0],"gold":450,"neow_bonus":"RANDOM_COMMON_RELIC","is_daily":false,"chose_seed":false,"campfire_upgraded":0,"win_rate":0.0,"timestamp":1613450829,"path_taken":["M","?","?","M","?","E","M","R","T","E","M","?","E","$","R","BOSS","M","M","?","M","$","E","?","?","T","R","M","AVR","NM","?","R","BOSS"],"items_purchased_type":["Relic","Card"],"build_version":"2020-12-22","purchased_purges":1,"victory":false,"max_hp_per_floor":[80,80,80,80,80,80,80,80,80,80,80,80,80,87,87,87,87,87,87,87,87,87,87,87,87,87,87,87,87,87,87,87,87,87],"card_choices":[{"not_picked":["Sword Boomerang","Hemokinesis"],"picked":"Twin Strike","floor":1},{"not_picked":["Clash","Anger"],"picked":"Shrug It Off","floor":3},{"not_picked":["Warcry","Clash","Limit Break"],"picked":"SKIP","floor":4},{"not_picked":["Havoc","Rupture"],"picked":"Evolve","floor":6},{"not_picked":["Run Through","Havoc"],"picked":"Perfected Strike","floor":7},{"not_picked":["Rupture","Rage"],"picked":"Wild Strike","floor":8},{"not_picked":["Battle Trance","Clothesline"],"picked":"Flex","floor":10},{"not_picked":["Searing Blow","Run Through"],"picked":"Wild Strike","floor":11},{"not_picked":["hubris:StunningStrike","Run Through"],"picked":"Perfected Strike","floor":13},{"not_picked":["Thunderclap","Armaments"],"picked":"Perfected Strike","floor":15},{"not_picked":["Brutality","Berserk"],"picked":"Juggernaut","floor":16},{"not_picked":["Run Through","Cleave"],"picked":"infinitespire:OneForAll","floor":18},{"not_picked":["Sword Boomerang","Armaments"],"picked":"Thunderclap","floor":19},{"not_picked":["Thunderclap","Sword Boomerang"],"picked":"Dual Wield","floor":21},{"not_picked":["Inflame","Berserk"],"picked":"Twin Strike","floor":23},{"not_picked":["Pummel","Body Slam"],"picked":"ReplayTheSpireMod:Strike From Hell+1","floor":25},{"not_picked":["Spot Weakness","Replay:Undeath\u0027s Touch"],"picked":"Flame Barrier","floor":27},{"not_picked":["ReplayReversal+1","Blood for Blood","Life Link"],"picked":"SKIP","floor":28},{"not_picked":["ReplayTheSpireMod:Echoes of Time","infinitespire:Gouge"],"picked":"ReplayTheSpireMod:Chaos Vortex","floor":30},{"not_picked":["True Grit","Replay:Undeath\u0027s Touch"],"picked":"Flame Barrier+1","floor":30},{"not_picked":["Replay:Undeath\u0027s Touch","hubris:ReadiedAction","Headbutt"],"picked":"SKIP","floor":31}],"player_experience":84116,"relics_obtained":[{"floor":5,"key":"Dream Catcher"},{"floor":6,"key":"Red Skull"},{"floor":9,"key":"Blue Doll"},{"floor":10,"key":"PreservedInsect"},{"floor":13,"key":"War Paint"},{"floor":23,"key":"hubris:CrystalStatue"},{"floor":26,"key":"Centennial Puzzle"},{"floor":30,"key":"Smiling Mask"}],"event_choices":[{"damage_healed":0,"gold_gain":0,"player_choice":"Got Potions","damage_taken":0,"max_hp_gain":0,"max_hp_loss":0,"event_name":"Lab","floor":2,"gold_loss":0},{"damage_healed":0,"gold_gain":0,"player_choice":"Box","damage_taken":0,"relics_obtained":["infinitespire:Eraser"],"max_hp_gain":0,"max_hp_loss":0,"event_name":"Big Fish","floor":12,"gold_loss":0,"cards_obtained":["Regret"]},{"damage_healed":0,"gold_gain":0,"player_choice":"Ignored","damage_taken":0,"max_hp_gain":0,"max_hp_loss":0,"event_name":"Ghosts","floor":24,"gold_loss":0}],"is_beta":false,"boss_relics":[{"not_picked":["Runic Dome","Electric Blood"],"picked":"Ooze Armor"}],"items_purged_floors":[14],"is_endless":true,"potions_floor_spawned":[1,3,6,11,19,23,30,31],"killed_by":"Champ","ascension_level":12}}