{"host":"ueur771it0nnharr","time":1613442633,"event":{"mods":["AchievementEnabler","BaseMod","Colored Map","Colored Powertips","Highlight Path","Hubris","Minty Spire (QoL Compilation)","StSLib"],"gold_per_floor":[119,133,133,308,14,46,46,61,85,103,122,148,168,182,182,280,280,297,309,408,424,424,424,434,434,510,542,5,5,15,26,26,131,131,141,141,161,161,161,161],"floor_reached":39,"language":"ENG","playtime":3327,"items_purged":["Doubt"],"score":535,"play_id":"6a72c156-8e6d-47ac-8231-88cb9f980d93","local_time":"20210215213033","is_ascension_mode":true,"campfire_choices":[{"data":"Eruption","floor":7,"key":"SMITH"},{"data":"BattleHymn","floor":15,"key":"SMITH"},{"data":"DeceiveReality","floor":23,"key":"SMITH"},{"floor":25,"key":"REST"},{"floor":32,"key":"REST"}],"circlet_count":0,"master_deck":["Strike_P","Strike_P","Strike_P","Strike_P","Defend_P","Defend_P","Defend_P","Defend_P","Eruption+1","Vigilance","DeceiveReality+1","SandsOfTime","BattleHymn+1","FollowUp","Consecrate","FlurryOfBlows","Crescendo","FlurryOfBlows","Brilliance","FlyingSleeves","DeusExMachina","ClearTheMind+1","Evaluate+1","Pray+1","SpiritShield","Worship","Halt+1","LikeWater+1","DevaForm+1","CrushJoints+1"],"relics":["PureWater","NeowsBlessing","hubris:Icosahedron","Bronze Scales","Boot","Oddly Smooth Stone","Velvet Choker","Nilry\u0027s Codex","Frozen Egg 2","Unceasing Top","OrangePellets","Toy Ornithopter","War Paint"],"acts_visited":["Exordium","TheCity","TheBeyond"],"potions_floor_usage":[8,10,16,16,19,24,33,37,39],"damage_taken":[{"damage":0,"enemies":"2 Louse","floor":1,"turns":1},{"damage":0,"enemies":"Jaw Worm","floor":2,"turns":1},{"damage":0,"enemies":"3 Sentries","floor":6,"turns":2},{"damage":0,"enemies":"Cultist","floor":8,"turns":2},{"damage":0,"enemies":"Looter","floor":10,"turns":1},{"damage":0,"enemies":"Exordium Wildlife","floor":11,"turns":2},{"damage":0,"enemies":"Lagavulin","floor":12,"turns":4},{"damage":4,"enemies":"Blue Slaver","floor":13,"turns":3},{"damage":5,"enemies":"Looter","floor":14,"turns":3},{"damage":42,"enemies":"Hexaghost","floor":16,"turns":5},{"damage":0,"enemies":"Chosen","floor":18,"turns":3},{"damage":0,"enemies":"3 Byrds","floor":19,"turns":2},{"damage":11,"enemies":"Snake Plant","floor":21,"turns":4},{"damage":9,"enemies":"Cultist and Chosen","floor":24,"turns":4},{"damage":33,"enemies":"Book of Stabbing","floor":27,"turns":4},{"damage":12,"enemies":"Chosen and Byrds","floor":30,"turns":4},{"damage":0,"enemies":"3 Cultists","floor":31,"turns":4},{"damage":30,"enemies":"Collector","floor":33,"turns":12},{"damage":32,"enemies":"3 Shapes","floor":35,"turns":7},{"damage":26,"enemies":"3 Darklings","floor":37,"turns":6},{"damage":92,"enemies":"2 Orb Walkers","floor":39,"turns":4}],"seed_played":"-1557375824155562014","potions_obtained":[{"floor":1,"key":"LiquidBronze"},{"floor":8,"key":"FearPotion"},{"floor":14,"key":"Regen Potion"},{"floor":18,"key":"Weak Potion"},{"floor":19,"key":"Explosive Potion"},{"floor":30,"key":"Block Potion"},{"floor":33,"key":"PowerPotion"}],"is_trial":false,"path_per_floor":["M","M","?","?","$","E","R","M","T","M","M","E","M","M","R","B",null,"M","M","?","M","?","R","M","R","T","E","$","$","M","M","R","B",null,"M","?","M","?","?"],"character_chosen":"WATCHER","items_purchased":["Fruit Juice","BattleHymn","FollowUp","OrangePellets","Toy Ornithopter","War Paint","Worship"],"campfire_rested":2,"item_purchase_floors":[5,5,5,28,28,28,28],"current_hp_per_floor":[72,72,72,72,72,72,72,77,77,77,77,77,73,68,68,38,77,77,77,77,66,50,50,41,64,64,31,31,31,19,19,42,17,77,45,45,24,67,0,0],"gold":161,"neow_bonus":"THREE_ENEMY_KILL","is_daily":false,"chose_seed":false,"campfire_upgraded":3,"win_rate":0.0,"timestamp":1613442633,"path_taken":["M","M","?","?","?","E","R","M","T","?","M","E","M","M","R","BOSS","M","M","?","M","?","R","M","R","T","E","?","$","?","M","R","BOSS","M","?","M","?","?"],"items_purchased_type":["Potion","Card","Card","Relic","Relic","Relic","Card"],"build_version":"2020-12-22","purchased_purges":1,"victory":false,"max_hp_per_floor":[72,72,72,72,72,72,72,77,77,77,77,77,77,77,77,77,77,77,77,77,77,77,77,77,77,77,77,77,77,77,77,77,77,77,77,77,77,67,67,67],"card_choices":[{"not_picked":["Evaluate","SignatureMove"],"picked":"DeceiveReality","floor":1},{"not_picked":["Evaluate","BowlingBash"],"picked":"SandsOfTime","floor":2},{"not_picked":["WreathOfFlame","EmptyBody"],"picked":"Consecrate","floor":6},{"not_picked":["MentalFortress","Meditate"],"picked":"FlurryOfBlows","floor":8},{"not_picked":["EmptyMind","WaveOfTheHand"],"picked":"Crescendo","floor":10},{"not_picked":["MentalFortress","SignatureMove","BowlingBash"],"picked":"SKIP","floor":11},{"not_picked":["CrushJoints","Wireheading"],"picked":"FlurryOfBlows","floor":12},{"not_picked":["Protect","JustLucky"],"picked":"Brilliance","floor":13},{"not_picked":["WreathOfFlame","Crescendo"],"picked":"FlyingSleeves","floor":14},{"not_picked":["Scrawl","Judgement"],"picked":"DeusExMachina","floor":16},{"not_picked":["Consecrate","Wallop"],"picked":"ClearTheMind","floor":18},{"not_picked":["BowlingBash","SandsOfTime"],"picked":"Evaluate+1","floor":19},{"not_picked":["ThirdEye+1","PathToVictory+1"],"picked":"Pray","floor":21},{"not_picked":["InnerPeace+1","SandsOfTime","FlurryOfBlows"],"picked":"SKIP","floor":24},{"not_picked":["Fasting2+1","Study+1"],"picked":"SpiritShield","floor":27},{"not_picked":["FollowUp","SashWhip+1"],"picked":"Halt+1","floor":30},{"not_picked":["JustLucky","PathToVictory+1"],"picked":"LikeWater+1","floor":31},{"not_picked":["Ragnarok","DeusExMachina"],"picked":"DevaForm+1","floor":33},{"not_picked":["ThirdEye","Nirvana+1"],"picked":"CrushJoints+1","floor":35},{"not_picked":["SandsOfTime","EmptyFist+1","CrushJoints+1"],"picked":"SKIP","floor":37}],"player_experience":789684,"relics_obtained":[{"floor":6,"key":"Bronze Scales"},{"floor":9,"key":"Boot"},{"floor":12,"key":"Oddly Smooth Stone"},{"floor":22,"key":"Nilry\u0027s Codex"},{"floor":26,"key":"Frozen Egg 2"},{"floor":27,"key":"Unceasing Top"}],"event_choices":[{"damage_healed":0,"gold_gain":175,"player_choice":"AGREE","damage_taken":0,"max_hp_gain":0,"max_hp_loss":0,"event_name":"Liars Game","floor":4,"gold_loss":0,"cards_obtained":["Doubt"]},{"damage_healed":0,"gold_gain":99,"player_choice":"Stole From Cult","damage_taken":0,"max_hp_gain":0,"max_hp_loss":0,"event_name":"Nest","floor":20,"gold_loss":0},{"damage_healed":0,"gold_gain":0,"player_choice":"Obtained Book","damage_taken":16,"max_hp_gain":0,"max_hp_loss":0,"event_name":"Cursed Tome","floor":22,"gold_loss":0},{"damage_healed":0,"gold_gain":0,"player_choice":"Ignored","damage_taken":0,"max_hp_gain":0,"max_hp_loss":0,"event_name":"Tomb of Lord Red Mask","floor":36,"gold_loss":0},{"damage_healed":67,"gold_gain":0,"player_choice":"Heal","damage_taken":0,"max_hp_gain":0,"max_hp_loss":10,"event_name":"The Moai Head","floor":38,"gold_loss":0},{"damage_healed":0,"gold_gain":0,"player_choice":"Fight","damage_taken":0,"max_hp_gain":0,"max_hp_loss":0,"event_name":"Mysterious Sphere","floor":39,"gold_loss":0}],"is_beta":false,"boss_relics":[{"not_picked":["hubris:TerracottaHorce","Pandora\u0027s Box"],"picked":"Velvet Choker"},{"not_picked":["Runic Pyramid","hubris:BlackHole","hubris:VirtuousBlindfold"]}],"items_purged_floors":[5],"is_endless":false,"potions_floor_spawned":[1,8,14,18,19,30,33],"killed_by":"2 Orb Walkers","ascension_level":3}}