{"host":"5hsgormuu0lj4iiq","time":1613499324,"event":{"mods":["AchievementEnabler","BaseMod","Colored Map","Colored Powertips","Minty Spire (QoL Compilation)","Quick Restart","Relic Stats","SuperFastMode","everything is the same but u backflip on backflip","slay the spire mod where everything is the same but ironclad has a cowboy hat"],"gold_per_floor":[116,291,241,321,340,369,369,382,382,398,398,427,427,446,446,446,446],"floor_reached":16,"language":"ENG","playtime":394,"items_purged":[],"score":182,"play_id":"5dcf0109-a357-4fa2-a9f4-0104aa0cf762","local_time":"20210216131524","is_ascension_mode":true,"campfire_choices":[{"data":"Biased Cognition","floor":7,"key":"SMITH"},{"data":"Glacier","floor":13,"key":"SMITH"},{"data":"Coolheaded","floor":15,"key":"SMITH"}],"circlet_count":0,"master_deck":["AscendersBane","Strike_B","Strike_B","Strike_B","Strike_B","Defend_B","Defend_B","Defend_B","Defend_B","Zap","Dualcast","Biased Cognition+1","Doom and Gloom","Coolheaded+1","Glacier+1","Cold Snap","Leap"],"relics":["Cracked Core","Matryoshka","Anchor","Sundial","Blood Vial","Pear","Peace Pipe"],"acts_visited":["Exordium"],"potions_floor_usage":[6,6],"damage_taken":[{"damage":0,"enemies":"Small Slimes","floor":1,"turns":3},{"damage":2,"enemies":"Jaw Worm","floor":5,"turns":3},{"damage":29,"enemies":"Lagavulin","floor":6,"turns":4},{"damage":2,"enemies":"2 Louse","floor":8,"turns":4},{"damage":0,"enemies":"Exordium Wildlife","floor":10,"turns":3},{"damage":16,"enemies":"3 Sentries","floor":12,"turns":8},{"damage":1,"enemies":"Blue Slaver","floor":14,"turns":3},{"damage":20,"enemies":"Hexaghost","floor":16,"turns":10}],"seed_played":"-8908416483872990983","potions_obtained":[{"floor":1,"key":"LiquidMemories"},{"floor":5,"key":"FocusPotion"},{"floor":14,"key":"Ancient Potion"}],"is_trial":false,"path_per_floor":["M","?","?","?","M","E","R","M","T","M","T","E","R","M","R","B"],"character_chosen":"DEFECT","items_purchased":[],"campfire_rested":0,"item_purchase_floors":[],"current_hp_per_floor":[68,68,68,68,66,37,37,35,35,35,45,31,31,32,32,14,14],"gold":446,"neow_bonus":"THREE_RARE_CARDS","is_daily":false,"chose_seed":false,"campfire_upgraded":3,"win_rate":0.0,"timestamp":1613499324,"path_taken":["M","?","?","?","?","E","R","M","T","M","?","E","R","M","R","BOSS"],"items_purchased_type":[],"build_version":"2020-12-22","purchased_purges":0,"victory":false,"max_hp_per_floor":[68,68,68,68,68,68,68,68,68,68,78,78,78,78,78,78,78],"relic_stats":{"Blood Vial":6,"Peace Pipe":0,"counters":[8,38],"Sundial":[2],"obtain_stats":[{"Blood Vial":11,"Peace Pipe":12,"Anchor":9,"Matryoshka":6,"Pear":11,"Sundial":9,"Cracked Core":0},{"Blood Vial":5,"Peace Pipe":6,"Anchor":4,"Matryoshka":3,"Pear":5,"Sundial":4,"Cracked Core":0},{"Blood Vial":17,"Peace Pipe":25,"Anchor":14,"Matryoshka":10,"Pear":17,"Sundial":14,"Cracked Core":0}]},"card_choices":[{"not_picked":["Rainbow","Seek"],"picked":"Biased Cognition","floor":0},{"not_picked":["Coolheaded","Redo"],"picked":"Doom and Gloom","floor":1},{"not_picked":["Conserve Battery","Heatsinks"],"picked":"Coolheaded","floor":5},{"not_picked":["Redo","Sweeping Beam"],"picked":"Glacier","floor":6},{"not_picked":["Creative AI","Go for the Eyes","Storm"],"picked":"SKIP","floor":8},{"not_picked":["Self Repair","Redo"],"picked":"Cold Snap","floor":10},{"not_picked":["Heatsinks","Sunder","Go for the Eyes"],"picked":"SKIP","floor":12},{"not_picked":["Sunder","Rebound"],"picked":"Leap","floor":14}],"player_experience":740233,"relics_obtained":[{"floor":6,"key":"Matryoshka"},{"floor":9,"key":"Anchor"},{"floor":9,"key":"Sundial"},{"floor":11,"key":"Blood Vial"},{"floor":11,"key":"Pear"},{"floor":12,"key":"Peace Pipe"}],"event_choices":[{"damage_healed":0,"gold_gain":175,"player_choice":"AGREE","damage_taken":0,"max_hp_gain":0,"max_hp_loss":0,"event_name":"Liars Game","floor":2,"gold_loss":0,"cards_obtained":["Doubt"]},{"cards_removed":["Doubt"],"damage_healed":0,"gold_gain":0,"player_choice":"Card Removal","damage_taken":0,"max_hp_gain":0,"max_hp_loss":0,"event_name":"The Cleric","floor":3,"gold_loss":50},{"damage_healed":0,"gold_gain":80,"player_choice":"Gained Gold","damage_taken":0,"max_hp_gain":0,"max_hp_loss":0,"event_name":"Golden Wing","floor":4,"gold_loss":0}],"is_beta":false,"boss_relics":[],"items_purged_floors":[],"is_endless":false,"potions_floor_spawned":[1,5,14],"killed_by":"Hexaghost","ascension_level":13}}