{"host":"126yiuos2nq86se7","time":1613454063,"event":{"mods":["2.2 Compatiblity","AchievementEnabler","Act Like it!","BaseMod","Colored Map","Colored Powertips","Friendly Minions","Hermit","Highlight Path","KomeijiMod","Minty Spire (QoL Compilation)","StSLib","SuperFastMode"],"gold_per_floor":[110,11,11,25,25,25,57,67,367,385,385,403,416,428,428,527,527,547,3,3,14,14,14,14],"floor_reached":23,"language":"ENG","playtime":2655,"items_purged":["Zap","Redo"],"score":203,"play_id":"c2bfdaf3-3969-48bc-b6aa-bdc47ade0895","local_time":"20210216164103","is_ascension_mode":true,"campfire_choices":[{"data":"Apotheosis","floor":6,"key":"SMITH"},{"floor":11,"key":"REST"},{"floor":15,"key":"REST"}],"circlet_count":0,"master_deck":["Strike_B","Strike_B","Strike_B","Strike_B","Defend_B","Defend_B","Defend_B","Defend_B","Apotheosis+1","Reprogram","Conserve Battery","Recycle","Reinforced Body","Meteor Strike","Gash","Sweeping Beam","Sweeping Beam+1","Gash","Self Repair","Gash"],"relics":["Cracked Core","Girya","Old Coin","SacredBark","Mango","MutagenicStrength"],"acts_visited":["Exordium","TheCity"],"potions_floor_usage":[7,7,16,16,16],"damage_taken":[{"damage":0,"enemies":"Cultist","floor":1,"turns":2},{"damage":1,"enemies":"Jaw Worm","floor":4,"turns":6},{"damage":8,"enemies":"Lagavulin","floor":7,"turns":5},{"damage":0,"enemies":"2 Louse","floor":8,"turns":3},{"damage":24,"enemies":"Gremlin Gang","floor":10,"turns":7},{"damage":3,"enemies":"3 Louse","floor":12,"turns":4},{"damage":0,"enemies":"Looter","floor":13,"turns":4},{"damage":23,"enemies":"Gremlin Gang","floor":14,"turns":4},{"damage":30,"enemies":"The Guardian","floor":16,"turns":14},{"damage":18,"enemies":"Chosen","floor":18,"turns":8},{"damage":36,"enemies":"2 Thieves","floor":21,"turns":5},{"damage":30,"enemies":"Book of Stabbing","floor":23,"turns":5}],"seed_played":"388326917982616905","potions_obtained":[{"floor":1,"key":"Dexterity Potion"},{"floor":4,"key":"FearPotion"},{"floor":8,"key":"FocusPotion"},{"floor":10,"key":"SkillPotion"},{"floor":14,"key":"Explosive Potion"}],"is_trial":false,"path_per_floor":["M","$","?","M","$","R","E","M","T","M","R","M","M","M","R","B",null,"M","$","?","M","?","E"],"character_chosen":"DEFECT","items_purchased":["Conserve Battery","Gash","Mango","Self Repair"],"campfire_rested":2,"item_purchase_floors":[2,19,19,19],"current_hp_per_floor":[68,68,68,67,67,67,59,59,59,35,55,52,52,29,49,19,68,50,64,64,28,28,0,0],"gold":14,"neow_bonus":"RANDOM_COLORLESS_2","is_daily":false,"chose_seed":false,"campfire_upgraded":1,"win_rate":0.0,"timestamp":1613454063,"path_taken":["M","$","?","M","$","R","E","M","T","M","R","M","M","?","R","BOSS","M","$","?","M","?","E"],"items_purchased_type":["Card","Card","Relic","Card"],"build_version":"2020-12-22","purchased_purges":2,"victory":false,"max_hp_per_floor":[68,68,68,68,68,68,68,68,68,68,68,68,68,68,68,68,68,68,82,82,82,82,82,82],"card_choices":[{"not_picked":["Searching","Secret Technique"],"picked":"Apotheosis","floor":0},{"not_picked":["Stack","Lockon"],"picked":"Reprogram","floor":1},{"not_picked":["Streamline","Redo","Go for the Eyes"],"picked":"SKIP","floor":4},{"not_picked":["Leap","BootSequence"],"picked":"Reinforced Body","floor":7},{"not_picked":["Defragment","Compile Driver"],"picked":"Meteor Strike","floor":8},{"not_picked":["Storm","Aggregate","Streamline"],"picked":"SKIP","floor":10},{"not_picked":["Conserve Battery","Force Field"],"picked":"Gash","floor":12},{"not_picked":["Go for the Eyes","Heatsinks"],"picked":"Sweeping Beam","floor":13},{"not_picked":["Hyperbeam","Double Energy","Cold Snap"],"picked":"SKIP","floor":14},{"not_picked":["Blizzard","Streamline"],"picked":"Sweeping Beam+1","floor":18},{"not_picked":["Aggregate+1","Conserve Battery"],"picked":"Gash","floor":21}],"player_experience":1523691,"relics_obtained":[{"floor":7,"key":"Girya"},{"floor":9,"key":"Old Coin"}],"event_choices":[{"damage_healed":0,"gold_gain":0,"player_choice":"2 cards matched","damage_taken":0,"max_hp_gain":0,"max_hp_loss":0,"event_name":"Match and Keep!","floor":3,"gold_loss":0,"cards_obtained":["Recycle","Redo"]},{"damage_healed":0,"gold_gain":0,"player_choice":"Inject Mutagens","damage_taken":0,"relics_obtained":["MutagenicStrength"],"max_hp_gain":0,"max_hp_loss":0,"event_name":"Drug Dealer","floor":20,"gold_loss":0},{"cards_removed":["Dualcast"],"damage_healed":0,"gold_gain":0,"player_choice":"Purged","damage_taken":0,"max_hp_gain":0,"max_hp_loss":0,"event_name":"Purifier","floor":22,"gold_loss":0}],"is_beta":false,"boss_relics":[{"not_picked":["FrozenCore","Velvet Choker"],"picked":"SacredBark"}],"items_purged_floors":[2,19],"is_endless":false,"potions_floor_spawned":[1,4,8,10,14],"killed_by":"Book of Stabbing","ascension_level":1}}