{"host":"z8galgznf6llawpn","time":1613483337,"event":{"mods":["AchievementEnabler","Act Like it!","Aspiration","BaseMod","Colored Map","Conspire","Energized Spire","Friendly Minions","Lobotomy","Menagerie","Minty Spire (QoL Compilation)","Permanent Neow","Relic Sorter","Replay The Spire","StSLib","Unceasing Turn Reminder"],"gold_per_floor":[119,130,80,80,96,96,96],"floor_reached":6,"language":"ENG","playtime":377,"items_purged":[],"score":38,"play_id":"97f093d4-53ec-49e8-9574-338b97abd427","local_time":"20210216084857","is_ascension_mode":true,"campfire_choices":[],"circlet_count":0,"master_deck":["Strike_G","Strike_G","Strike_G","Strike_G","Strike_G","Defend_G","Defend_G","Defend_G","Defend_G","Defend_G","Survivor","Neutralize","Slice","Parasite","BlackArmy","Backstab","BigBird","Skewer"],"relics":["Ring of the Snake","CogitoBucket"],"acts_visited":["Exordium"],"potions_floor_usage":[],"damage_taken":[{"damage":0,"enemies":"2 Louse","floor":1,"turns":3},{"damage":3,"enemies":"Jaw Worm","floor":2,"turns":4},{"damage":0,"enemies":"Cultist","floor":5,"turns":4},{"damage":90,"enemies":"3 Sentries","floor":6,"turns":17}],"seed_played":"-6127606802616439332","potions_obtained":[{"floor":1,"key":"BlessingOfTheForge"},{"floor":5,"key":"SpeedPotion"}],"is_trial":false,"path_per_floor":["M","M","?","?","M","E"],"character_chosen":"THE_SILENT","items_purchased":[],"campfire_rested":0,"item_purchase_floors":[],"current_hp_per_floor":[70,67,67,67,70,0,0],"gold":96,"neow_bonus":"","is_daily":false,"chose_seed":false,"campfire_upgraded":0,"win_rate":0.0,"timestamp":1613483337,"path_taken":["M","M","?","?","?","E"],"items_purchased_type":[],"build_version":"2020-12-22","purchased_purges":0,"victory":false,"max_hp_per_floor":[70,70,70,70,70,70,70],"card_choices":[{"not_picked":["CherryBlossoms","FairyFestival"],"picked":"WhitesApple","floor":1},{"not_picked":["Prepared","Outmaneuver"],"picked":"Slice","floor":1},{"not_picked":["HappyTeddy","Alriune"],"picked":"BlackArmy","floor":2},{"not_picked":["Sucker Punch","Poisoned Stab"],"picked":"Backstab","floor":2},{"not_picked":["LittleHelper","SpiderBud"],"picked":"BigBird","floor":5},{"not_picked":["ReplayTheSpireMod:Exploit Weakness","Outmaneuver"],"picked":"Skewer","floor":5}],"player_experience":416355,"relics_obtained":[],"event_choices":[{"cards_removed":["WhitesApple"],"damage_healed":0,"gold_gain":0,"player_choice":"Card Removal","damage_taken":0,"max_hp_gain":0,"max_hp_loss":0,"event_name":"The Cleric","floor":3,"gold_loss":50},{"damage_healed":0,"gold_gain":0,"player_choice":"Leave","damage_taken":0,"max_hp_gain":0,"max_hp_loss":0,"event_name":"conspire:Investor","floor":4,"gold_loss":0}],"is_beta":false,"boss_relics":[],"items_purged_floors":[],"is_endless":false,"potions_floor_spawned":[1,5],"killed_by":"3 Sentries","ascension_level":1}}