{"host":"Hova","time":1613473342,"event":{"mods":["AchievementEnabler","Aspiration","BaseMod","Better Match","Better Note","Colored Map","Colored Powertips","DeckTracker","Downfall","Energized Spire","Hubris","Infinite Spire","Minty Spire (QoL Compilation)","Rare Cards Sparkle","Reliquary","Remilia??????","Replay The Spire","Shop Mod","StSLib","SuperFastMode","The Clintock","The Cursed","The Death Knight","The Necromancer","The Servant 0.9.4"],"gold_per_floor":[115,133,149,424,434,434,448,448,473,490,529,529,574,539,539,649,649,672,700,750,750,750,352,352,385,385,406,430,430,113,134,134,237,237,258,258,311,55,88,88,124,124,124,124,147,181,181,181,181,185],"floor_reached":51,"language":"ENG","playtime":7685,"items_purged":["Hallucinations","Strike_B","Regret","Defend_B"],"score":830,"play_id":"742e7c15-1974-484c-9ae8-d3a2a4d04fd5","local_time":"20210216140222","is_ascension_mode":false,"campfire_choices":[{"floor":6,"key":"REST"},{"floor":12,"key":"REST"},{"data":"Storm","floor":15,"key":"SMITH"},{"floor":24,"key":"REST"},{"floor":29,"key":"REST"},{"data":"Echo Form","floor":40,"key":"SMITH"},{"data":"hubris:DuctTapeCard","floor":42,"key":"SMITH"},{"floor":47,"key":"REST"},{"data":"infinitespire:Menacing","floor":49,"key":"SMITH"}],"circlet_count":0,"master_deck":["Strike_B","Strike_B","Strike_B","Defend_B","Defend_B","Defend_B","Zap","Dualcast","Force Field","Lockon","ReplayTheSpireMod:System Scan","Glacier","Ball Lightning+1","Redo","Redo","hubris:DuctTapeCard+2","Mirror Shield","Echo Form+1","Doom and Gloom","Doom and Gloom","Loop+1","Poisoned Strike","Rainbow","Steam Power","ReplayTheSpireMod:Splinters","Redo","ReplayRNGCard","infinitespire:Menacing+1","Redo+1"],"relics":["Cracked Core","m_HexaRing","Ring of Hypnosis","Ring of Misfortune","Replay:Bandana","Garlic","Happy Flower","aspiration:Stellarator","ReplayTheSpireMod:Shallot","Membership Card","aspiration:HiddenCompartment","reliquary:PorcupineQuills","hubris:DuctTape","Gremlin Horn","reliquary:BrokenClock","MerchantsRug","energizedSpire:OgreHead","hubris:Icosahedron","InkBottle","Snack Pack","Medical Kit","hubris:BottledRain","hubris:DisguiseKit","hubris:FunFungus","hubris:TerracottaHorce"],"acts_visited":["Exordium","TheCity","TheBeyond"],"potions_floor_usage":[11,11,13,18,25,33,33,41,41,45],"damage_taken":[{"damage":9,"enemies":"Small Slimes","floor":1,"turns":3},{"damage":6,"enemies":"Cultist","floor":2,"turns":3},{"damage":6,"enemies":"2 Louse","floor":3,"turns":2},{"damage":11,"enemies":"Blue Slaver","floor":5,"turns":3},{"damage":18,"enemies":"Exordium Wildlife","floor":7,"turns":4},{"damage":0,"enemies":"Looter","floor":10,"turns":4},{"damage":22,"enemies":"Lagavulin","floor":11,"turns":5},{"damage":14,"enemies":"3 Sentries","floor":13,"turns":10},{"damage":26,"enemies":"Hexaghost","floor":16,"turns":17},{"damage":17,"enemies":"3 Byrds","floor":18,"turns":6},{"damage":33,"enemies":"Shell Parasite","floor":19,"turns":6},{"damage":18,"enemies":"Replay:Snechameleon","floor":25,"turns":7},{"damage":1,"enemies":"Snecko","floor":27,"turns":5},{"damage":23,"enemies":"Snake Plant","floor":28,"turns":5},{"damage":10,"enemies":"Cultist and Chosen","floor":31,"turns":6},{"damage":16,"enemies":"hubris:MusketHawk","floor":33,"turns":5},{"damage":2,"enemies":"3 Shapes","floor":35,"turns":5},{"damage":18,"enemies":"3 Darklings","floor":39,"turns":5},{"damage":15,"enemies":"Giant Head","floor":41,"turns":6},{"damage":7,"enemies":"4 Shapes","floor":45,"turns":3},{"damage":13,"enemies":"Sphere and 2 Shapes","floor":46,"turns":4},{"damage":22,"enemies":"hubris:GrandSnecko","floor":50,"turns":13}],"seed_played":"-7363205758807356517","potions_obtained":[{"floor":1,"key":"PowerPotion"},{"floor":2,"key":"FearPotion"},{"floor":11,"key":"Weak Potion"},{"floor":16,"key":"Fire Potion"},{"floor":18,"key":"FocusPotion"},{"floor":28,"key":"EssenceOfSteel"},{"floor":33,"key":"Swift Potion"},{"floor":35,"key":"Strength Potion"},{"floor":37,"key":"Toxic Potion"},{"floor":39,"key":"ColorlessPotion"}],"is_trial":false,"path_per_floor":["M","M","M","?","M","R","M","?","T","M","E","R","E","?","R","B",null,"M","M","?","T","?","$","R","E","T","M","M","R","$","M","R_BF","B",null,"M","?","?","$","M","R","E","R","T","AVR","M","M","R","?","R","B",null],"character_chosen":"DEFECT","items_purchased":["Membership Card","aspiration:HiddenCompartment","Redo","reliquary:PorcupineQuills","LiquidMemories","Doom and Gloom","Loop","reliquary:BrokenClock","MerchantsRug","Poisoned Strike","Snack Pack","Medical Kit"],"campfire_rested":5,"item_purchase_floors":[23,23,23,23,23,30,30,30,30,30,38,38],"current_hp_per_floor":[66,60,54,54,43,65,47,47,47,47,25,47,33,51,51,25,75,58,25,25,25,25,25,47,29,29,28,5,27,27,17,39,23,75,73,73,73,73,59,59,50,50,50,50,43,34,56,56,56,51],"gold":185,"neow_bonus":"NOSTALGIA","is_daily":false,"chose_seed":false,"campfire_upgraded":4,"win_rate":0.0,"timestamp":1613473342,"path_taken":["M","M","M","?","M","R","?","?","T","M","E","R","E","?","R","BOSS","M","M","?","?","?","?","R","E","T","?","M","R","$","M","R_BF","BOSS","M","?","?","$","M","R","E","R","T","AVR","M","M","R","?","R","BOSS"],"items_purchased_type":["Relic","Relic","Card","Relic","Potion","Card","Card","Relic","Relic","Card","Relic","Relic"],"build_version":"2020-11-17","purchased_purges":4,"victory":true,"max_hp_per_floor":[75,75,75,75,75,75,75,75,75,75,75,75,75,75,75,75,75,75,75,75,75,75,75,75,75,75,75,75,75,75,75,75,75,75,75,75,75,75,75,75,75,75,75,75,75,75,75,75,75,75],"card_choices":[{"not_picked":["Rebound","hexamod:BurningTouch","Poisoned Stab"],"picked":"SKIP","floor":1},{"not_picked":["ReplayGash","Crippling Poison","Cold Snap"],"picked":"SKIP","floor":2},{"not_picked":["Go for the Eyes","Rip and Tear"],"picked":"Force Field","floor":3},{"not_picked":["Consume","Scrape"],"picked":"Lockon","floor":5},{"not_picked":["hexamod:Incineration","Leap"],"picked":"ReplayTheSpireMod:System Scan","floor":7},{"not_picked":["Steam","Static Discharge"],"picked":"Storm","floor":10},{"not_picked":["hubris:SpecializedCircuitry","Beam Cell","ReplayTheSpireMod:System Scan"],"picked":"SKIP","floor":11},{"not_picked":["Cold Snap","ReplayTheSpireMod:GoodbyeWorld"],"picked":"Glacier","floor":13},{"not_picked":["Burst","hexamod:VolcanoVisage"],"picked":"Echo Form","floor":16},{"not_picked":["Beam Cell+1","Sweeping Beam"],"picked":"Ball Lightning+1","floor":18},{"not_picked":["BasicCrystalCard","Sweeping Beam"],"picked":"Redo","floor":19},{"not_picked":["Skim","Coolheaded"],"picked":"Mirror Shield","floor":25},{"not_picked":["Gash","Scrape","Go for the Eyes"],"picked":"SKIP","floor":27},{"not_picked":["Reprogram","Panic Button"],"picked":"Echo Form","floor":28},{"not_picked":["Blizzard+1","Conserve Battery","Rebound+1"],"picked":"SKIP","floor":31},{"not_picked":["All For One","Reboot"],"picked":"Rainbow","floor":33},{"not_picked":["BasicCrystalCard+1","Steam+1"],"picked":"Steam Power","floor":35},{"not_picked":["Auto Shields+1","Compile Driver+1"],"picked":"Redo","floor":37},{"not_picked":["Beam Cell+1","Barrage","Cold Snap"],"picked":"SKIP","floor":39},{"not_picked":["Sweeping Beam+1","BootSequence"],"picked":"ReplayRNGCard","floor":41},{"not_picked":["Compile Driver+1","Coolheaded","ScarletDevil"],"picked":"Redo+1","floor":45},{"not_picked":["Steam+1","Rebound+1","Cold Snap+1","BombardNight"],"picked":"SKIP","floor":46}],"player_experience":22020,"relics_obtained":[{"floor":8,"key":"Ring of Hypnosis"},{"floor":8,"key":"Ring of Misfortune"},{"floor":9,"key":"Replay:Bandana"},{"floor":11,"key":"Garlic"},{"floor":13,"key":"Happy Flower"},{"floor":21,"key":"ReplayTheSpireMod:Shallot"},{"floor":25,"key":"hubris:DuctTape"},{"floor":26,"key":"Gremlin Horn"},{"floor":37,"key":"InkBottle"},{"floor":41,"key":"hubris:BottledRain"},{"floor":43,"key":"hubris:DisguiseKit"}],"event_choices":[{"damage_healed":0,"gold_gain":275,"player_choice":"Desecrate","damage_taken":0,"max_hp_gain":0,"max_hp_loss":0,"event_name":"Golden Shrine","floor":4,"gold_loss":0,"cards_obtained":["Regret"]},{"damage_healed":18,"gold_gain":0,"player_choice":"Healed","damage_taken":0,"max_hp_gain":0,"max_hp_loss":0,"event_name":"The Cleric","floor":14,"gold_loss":35},{"damage_healed":0,"gold_gain":100,"player_choice":"Bet on Murderer","damage_taken":0,"max_hp_gain":0,"max_hp_loss":0,"event_name":"The Joust","floor":20,"gold_loss":50}],"is_beta":true,"boss_relics":[{"not_picked":["hubris:CrackedHourglass","Sozu"],"picked":"aspiration:Stellarator"},{"not_picked":["reliquary:Craggleroot","reliquary:RedPaperclip"],"picked":"energizedSpire:OgreHead"}],"items_purged_floors":[23,30,38,44],"is_endless":false,"potions_floor_spawned":[1,2,11,16,18,28,33,35,39],"ascension_level":0}}