{"host":"9zznonz1olisd4fd","time":1613469456,"event":{"mods":["BaseMod","Keyboard Shortcuts","Minty Spire (QoL Compilation)","StSLib","SuperFastMode"],"gold_per_floor":[10,23,42,142,67,67,82,92,115,115,128,128,128,146,146,146,146],"floor_reached":16,"language":"KOR","playtime":727,"items_purged":["Strike_G"],"score":127,"play_id":"83450187-c531-4a47-9c14-2da98b5b1c76","local_time":"20210216185736","is_ascension_mode":true,"campfire_choices":[{"data":"Acrobatics","floor":6,"key":"SMITH"},{"data":"Neutralize","floor":10,"key":"SMITH"},{"data":"Backflip","floor":13,"key":"SMITH"},{"floor":15,"key":"REST"}],"circlet_count":0,"master_deck":["Strike_G","Strike_G","Strike_G","Defend_G","Defend_G","Defend_G","Defend_G","Defend_G","Survivor","Neutralize+1","Grand Finale","Acrobatics+1","Backflip+1"],"relics":["Ring of the Snake","Bronze Scales"],"acts_visited":["Exordium"],"potions_floor_usage":[14,16],"damage_taken":[{"damage":3,"enemies":"Cultist","floor":1,"turns":4},{"damage":6,"enemies":"Small Slimes","floor":2,"turns":5},{"damage":4,"enemies":"Jaw Worm","floor":3,"turns":4},{"damage":6,"enemies":"Red Slaver","floor":7,"turns":8},{"damage":0,"enemies":"3 Louse","floor":8,"turns":2},{"damage":0,"enemies":"Blue Slaver","floor":11,"turns":2},{"damage":0,"enemies":"Lots of Slimes","floor":14,"turns":1},{"damage":69,"enemies":"Hexaghost","floor":16,"turns":16}],"seed_played":"-1042683036557211926","potions_obtained":[{"floor":1,"key":"GamblersBrew"},{"floor":3,"key":"Block Potion"},{"floor":14,"key":"SneckoOil"}],"is_trial":false,"path_per_floor":["M","M","M","?","$","R","M","M","T","R","M","?","R","M","R","B"],"character_chosen":"THE_SILENT","items_purchased":[],"campfire_rested":1,"item_purchase_floors":[],"current_hp_per_floor":[60,54,50,50,50,50,44,44,44,44,44,44,44,44,65,0,0],"gold":146,"neow_bonus":"THREE_RARE_CARDS","is_daily":false,"chose_seed":false,"campfire_upgraded":3,"win_rate":0.0,"timestamp":1613469456,"path_taken":["M","?","M","?","$","R","M","?","T","R","M","?","R","M","R","BOSS"],"items_purchased_type":[],"build_version":"2020-12-22","purchased_purges":1,"victory":false,"max_hp_per_floor":[70,70,70,70,70,70,70,70,70,70,70,70,70,70,70,70,70],"card_choices":[{"not_picked":["Bullet Time","After Image"],"picked":"Grand Finale","floor":0},{"not_picked":["Tactician","Deadly Poison","Bane"],"picked":"SKIP","floor":1},{"not_picked":["Crippling Poison","Poisoned Stab"],"picked":"Acrobatics","floor":2},{"not_picked":["Deflect","Poisoned Stab","Slice"],"picked":"SKIP","floor":3},{"not_picked":["Riddle With Holes","Poisoned Stab"],"picked":"Backflip","floor":7},{"not_picked":["Outmaneuver","Sucker Punch","Choke"],"picked":"SKIP","floor":8},{"not_picked":["Underhanded Strike","Die Die Die","Reflex"],"picked":"SKIP","floor":11},{"not_picked":["Skewer","Underhanded Strike","Predator"],"picked":"SKIP","floor":14}],"player_experience":545320,"relics_obtained":[{"floor":9,"key":"Bronze Scales"}],"event_choices":[{"damage_healed":0,"gold_gain":100,"player_choice":"Gold","damage_taken":0,"max_hp_gain":0,"max_hp_loss":0,"event_name":"Wheel of Change","floor":4,"gold_loss":0},{"cards_removed":["Strike_G"],"damage_healed":0,"gold_gain":0,"player_choice":"Offered Basic","damage_taken":0,"max_hp_gain":0,"max_hp_loss":0,"event_name":"Bonfire Elementals","floor":12,"gold_loss":0}],"is_beta":false,"boss_relics":[],"items_purged_floors":[5],"is_endless":false,"potions_floor_spawned":[1,3,14],"killed_by":"Hexaghost","ascension_level":7}}