{"host":"t9zjxed0utvsfjwc","time":1613465658,"event":{"mods":["2.2 Compatiblity","Act Like it!","Aspiration","BaseMod","Better Altar","Better Match","Better Note","Better Sensory Stone","Better Skull","Better Third Choice","Block Reminder","Colored Map","Colored Powertips","Conspire","Defuse TimeMaze Blight","Energized Spire","GifTheSpireLib","Hermit","Highlight Path","Hubris","Infinite Spire","Marked Mod","Minty Spire (QoL Compilation)","Quick Restart","Rare Cards Sparkle","Relic Sorter","Relic Stats","Reliquary","Replay The Spire","Ruina","StSLib","Stuff the Spire","The Blue Laboratory","The Jungle","The Marked","Unceasing Turn Reminder","Wandering Minibosses","everything is the same but u backflip on backflip"],"gold_per_floor":[118,130,130,150,163,190,190,216,289,302,327,327,360,366,366,458,458,1211,552,563,582,582,582,608,636,705,737,737,750,764,154,154,258,258,275,290,320,77,77,109,109,109,109],"floor_reached":42,"language":"ENG","playtime":1878,"items_purged":["Strike_R","hubris:Envy","Strike_R"],"score":679,"play_id":"86a3059d-e9ab-47be-a679-8d5e0d1bbf6a","local_time":"20210216085418","is_ascension_mode":true,"campfire_choices":[{"data":"Apotheosis","floor":7,"key":"SMITH"},{"floor":15,"key":"REST"},{"floor":23,"key":"REST"},{"floor":32,"key":"REST"}],"circlet_count":0,"master_deck":["Defend_R","Defend_R","Bash","Clothesline","ReplayTheSpireMod:Limb From Limb","Apotheosis+1","Carnage","Shrug It Off","Rampage","Rampage","ReplayTheSpireMod:Muscle Training","Shrug It Off+1","Clumsy","ReplayTheSpireMod:Limb From Limb","Rupture+1"],"relics":["Painkiller Herb","King of Hearts","The Courier","hubris:BottledRain","reliquary:Crutches","Bronze Scales","wanderingMiniBosses:MasterThiefsPresence","aspiration:Nostalgia","StuffTheSpire:OccultApparatus","hubris:TenFootPole","Mango","reliquary:BrokenClock","Kintsugi","reliquary:Spinner","Red Mask","hubris:MysteriousPyramids","Ornamental Fan","TheAbacus","Incense Burner","reliquary:PartyBalloon","Snack Pack","hubris:Zylophone","Centennial Puzzle"],"acts_visited":["Exordium","TheCity","TheBeyond"],"potions_floor_usage":[6,6,12,13,14,16,16,16,18,20,27,33,33,35,42],"damage_taken":[{"damage":6,"enemies":"Jaw Worm","floor":1,"turns":3},{"damage":0,"enemies":"Cultist","floor":2,"turns":2},{"damage":0,"enemies":"2 Louse","floor":4,"turns":3},{"damage":7,"enemies":"Large Slime","floor":5,"turns":3},{"damage":2,"enemies":"Gremlin Nob","floor":6,"turns":4},{"damage":7,"enemies":"Lagavulin","floor":8,"turns":4},{"damage":0,"enemies":"2 Fungi Beasts","floor":10,"turns":2},{"damage":0,"enemies":"Gremlin Nob","floor":11,"turns":2},{"damage":2,"enemies":"Looter","floor":12,"turns":6},{"damage":0,"enemies":"Lagavulin","floor":13,"turns":4},{"damage":0,"enemies":"Large Slime","floor":14,"turns":1},{"damage":65,"enemies":"Fading Forest","floor":16,"turns":11},{"damage":20,"enemies":"conspire:FuzzyDice","floor":18,"turns":7},{"damage":1,"enemies":"Chosen","floor":20,"turns":2},{"damage":18,"enemies":"Sentry and Sphere","floor":21,"turns":4},{"damage":15,"enemies":"Nightmare","floor":24,"turns":4},{"damage":1,"enemies":"Masked Bandits","floor":25,"turns":2},{"damage":1,"enemies":"Book of Stabbing","floor":27,"turns":3},{"damage":0,"enemies":"3 Cultists","floor":29,"turns":2},{"damage":6,"enemies":"Shelled Parasite and Fungi","floor":30,"turns":4},{"damage":15,"enemies":"hubris:MusketHawk","floor":33,"turns":4},{"damage":0,"enemies":"3 Darklings","floor":35,"turns":3},{"damage":0,"enemies":"Orb Walker","floor":36,"turns":2},{"damage":16,"enemies":"conspire:MimicChest","floor":37,"turns":6},{"damage":19,"enemies":"R_Hoarder","floor":40,"turns":7},{"damage":73,"enemies":"Reptomancer","floor":42,"turns":4}],"seed_played":"2769279935093130922","potions_obtained":[{"floor":1,"key":"HeartOfIron"},{"floor":5,"key":"Weak Potion"},{"floor":8,"key":"Swift Potion"},{"floor":12,"key":"CultistPotion"},{"floor":13,"key":"ColorlessPotion"},{"floor":16,"key":"DuplicationPotion"},{"floor":18,"key":"ElixirPotion"},{"floor":20,"key":"SpeedPotion"},{"floor":24,"key":"FearPotion"},{"floor":25,"key":"LifebloodPotion"},{"floor":27,"key":"blueLaboratory:HeartbeatPotion"},{"floor":33,"key":"Block Potion"},{"floor":35,"key":"blueLaboratory:BottledHope"},{"floor":40,"key":"blueLaboratory:BubblePotion"}],"is_trial":false,"path_per_floor":["?","?","?","?","?","E","T","E","T","?","E","?","E","?","T","B",null,"?","T","?","?","AVR","T","NM","?","T","E","?","?","?","T","T","B",null,"?","?","?","T","?","E","?","E"],"character_chosen":"IRONCLAD","items_purchased":["aspiration:Nostalgia","Rampage","hubris:TenFootPole","Mango","blueLaboratory:EmptyBottle","TheAbacus","Incense Burner","reliquary:PartyBalloon","blueLaboratory:IronCompound","hubris:Zylophone"],"campfire_rested":3,"item_purchase_floors":[19,19,19,19,19,31,31,31,31,38],"current_hp_per_floor":[74,74,74,74,67,65,65,58,58,58,58,56,56,56,80,25,80,60,74,73,55,55,83,68,67,67,66,66,66,60,60,88,73,94,94,94,78,78,78,70,70,0,0],"gold":109,"neow_bonus":"BOSS_RELIC","is_daily":false,"chose_seed":false,"campfire_upgraded":1,"win_rate":0.0,"timestamp":1613465658,"path_taken":["?","?","?","?","?","E","T","E","T","?","E","?","E","?","T","BOSS","?","T","?","?","AVR","T","NM","?","T","E","?","?","?","T","T","BOSS","?","?","?","T","?","E","?","E"],"items_purchased_type":["Relic","Card","Relic","Relic","Potion","Relic","Relic","Relic","Potion","Relic"],"build_version":"2020-12-22","purchased_purges":3,"victory":false,"max_hp_per_floor":[80,80,80,80,80,80,80,80,80,80,80,80,80,80,80,80,80,80,94,94,94,94,94,94,94,94,94,94,94,94,94,94,94,94,94,94,94,94,94,94,94,94,94],"relic_stats":{"Centennial Puzzle":[3],"TheAbacus":[48],"counters":[26,99],"Ornamental Fan":[40],"Bronze Scales":[186],"obtain_stats":[{"reliquary:PartyBalloon":31,"Painkiller Herb":0,"Mango":19,"King of Hearts":6,"Incense Burner":31,"hubris:MysteriousPyramids":26,"Burning Blood":0,"StuffTheSpire:OccultApparatus":41,"Centennial Puzzle":40,"TheAbacus":31,"Red Mask":25,"aspiration:Nostalgia":19,"wanderingMiniBosses:MasterThiefsPresence":18,"The Courier":8,"reliquary:Spinner":24,"reliquary:Crutches":11,"hubris:Zylophone":38,"Ornamental Fan":27,"Bronze Scales":13,"hubris:TenFootPole":19,"reliquary:BrokenClock":22,"Snack Pack":37,"PureWater":19,"Kintsugi":22,"hubris:BottledRain":9},{"reliquary:PartyBalloon":20,"Painkiller Herb":0,"Mango":13,"King of Hearts":5,"Incense Burner":20,"hubris:MysteriousPyramids":17,"Burning Blood":0,"StuffTheSpire:OccultApparatus":25,"Centennial Puzzle":25,"TheAbacus":20,"Red Mask":17,"aspiration:Nostalgia":13,"wanderingMiniBosses:MasterThiefsPresence":13,"The Courier":6,"reliquary:Spinner":16,"reliquary:Crutches":8,"hubris:Zylophone":24,"Ornamental Fan":18,"Bronze Scales":10,"hubris:TenFootPole":13,"reliquary:BrokenClock":15,"Snack Pack":24,"PureWater":13,"Kintsugi":15,"hubris:BottledRain":6},{"reliquary:PartyBalloon":73,"Painkiller Herb":0,"Mango":52,"King of Hearts":15,"Incense Burner":73,"hubris:MysteriousPyramids":64,"Burning Blood":0,"StuffTheSpire:OccultApparatus":95,"Centennial Puzzle":95,"TheAbacus":73,"Red Mask":64,"aspiration:Nostalgia":52,"wanderingMiniBosses:MasterThiefsPresence":52,"The Courier":19,"reliquary:Spinner":62,"reliquary:Crutches":23,"hubris:Zylophone":88,"Ornamental Fan":67,"Bronze Scales":33,"hubris:TenFootPole":52,"reliquary:BrokenClock":58,"Snack Pack":88,"PureWater":52,"Kintsugi":58,"hubris:BottledRain":19}]},"card_choices":[{"not_picked":["Run Through","StuffTheSpire:Slingshot"],"picked":"Clothesline","floor":1},{"not_picked":["Hemogenesis","hubris:SharpeningStone"],"picked":"ReplayTheSpireMod:Limb From Limb","floor":2},{"not_picked":["Disarm","Inflame","Havoc"],"picked":"SKIP","floor":4},{"not_picked":["Warcry","Hemokinesis"],"picked":"Carnage","floor":5},{"not_picked":["Combust","Sword Boomerang","Twin Strike"],"picked":"SKIP","floor":6},{"not_picked":["Flex","hubris:StunningStrike","Thunderclap"],"picked":"SKIP","floor":8},{"not_picked":["StuffTheSpire:Slingshot","Cleave","Havoc"],"picked":"SKIP","floor":10},{"not_picked":["Twin Strike","True Grit","Havoc"],"picked":"SKIP","floor":11},{"not_picked":["Heavy Blade","Replay:Undeath\u0027s Touch"],"picked":"Shrug It Off","floor":12},{"not_picked":["Replay:Undeath\u0027s Touch","Sever Soul","Sword Boomerang"],"picked":"SKIP","floor":13},{"not_picked":["StuffTheSpire:TitanForm","Body Slam","hubris:ReadiedAction"],"picked":"SKIP","floor":14},{"not_picked":["StuffTheSpire:Slingshot+1","StuffTheSpire:Resist+1","Sword Boomerang"],"picked":"SKIP","floor":18},{"not_picked":["hubris:ReadiedAction","Replay:Undeath\u0027s Touch"],"picked":"ReplayTheSpireMod:Muscle Training","floor":20},{"not_picked":["Massacre","StuffTheSpire:Incineration"],"picked":"Shrug It Off+1","floor":21},{"not_picked":["Armaments","Reaper"],"picked":"ReplayTheSpireMod:Limb From Limb","floor":24},{"not_picked":["StuffTheSpire:Resist","Combust"],"picked":"Rupture","floor":25},{"not_picked":["Flex+1","Perfected Strike","hubris:ReadiedAction"],"picked":"SKIP","floor":27},{"not_picked":["Inflame","Sword Boomerang","Perfected Strike"],"picked":"SKIP","floor":29},{"not_picked":["Twin Strike","StuffTheSpire:Slingshot+1","Fire Breathing"],"picked":"SKIP","floor":30},{"not_picked":["Power Through+1","Run Through","Life Link"],"picked":"SKIP","floor":35},{"not_picked":["infinitespire:OneForAll+1","Clash","Headbutt+1"],"picked":"SKIP","floor":36},{"not_picked":["Reaper","hubris:ReadiedAction+1","StuffTheSpire:Slingshot"],"picked":"SKIP","floor":40}],"player_experience":474776,"relics_obtained":[{"floor":6,"key":"King of Hearts"},{"floor":8,"key":"The Courier"},{"floor":9,"key":"hubris:BottledRain"},{"floor":11,"key":"reliquary:Crutches"},{"floor":13,"key":"Bronze Scales"},{"floor":18,"key":"wanderingMiniBosses:MasterThiefsPresence"},{"floor":24,"key":"reliquary:Spinner"},{"floor":25,"key":"Red Mask"},{"floor":26,"key":"hubris:MysteriousPyramids"},{"floor":27,"key":"Ornamental Fan"},{"floor":37,"key":"Snack Pack"},{"floor":40,"key":"Centennial Puzzle"}],"event_choices":[{"cards_removed":["ReplayTheSpireMod:Limb From Limb"],"damage_healed":0,"gold_gain":0,"player_choice":"Take \u0026 Give","damage_taken":0,"max_hp_gain":0,"max_hp_loss":0,"event_name":"betterNote:BetterNote","floor":3,"gold_loss":0,"cards_obtained":["Apotheosis"]},{"damage_healed":0,"gold_gain":0,"player_choice":"Fought Bandits","damage_taken":0,"max_hp_gain":0,"max_hp_loss":0,"event_name":"Masked Bandits","floor":25,"gold_loss":0}],"is_beta":false,"boss_relics":[{"not_picked":["reliquary:Craggleroot","Electric Blood","hubris:GrandSneckoEye"]},{"not_picked":["hubris:CrackedHourglass","Honey Jar","hubris:Stopwatch"]}],"items_purged_floors":[19,22,31],"is_endless":true,"potions_floor_spawned":[1,5,8,12,13,16,18,20,24,25,27,33,35,40],"killed_by":"Reptomancer","ascension_level":1}}