{"host":"Cenci","time":1613477779,"event":{"mods":["BaseMod","Bestiary","Downfall","Highlight Path","Minty Spire (QoL Compilation)","StSLib"],"gold_per_floor":[99,109,121,121,139,167,167,67,81,81,98,30,30,56,71,71,71,71],"floor_reached":16,"language":"ENG","playtime":896,"items_purged":[],"score":140,"play_id":"33550a7f-f9e2-4b1d-bed7-eac80d179d58","local_time":"20210216131619","is_ascension_mode":true,"campfire_choices":[{"floor":1.0,"key":"RECALL"},{"data":"bronze:Goto","floor":8.0,"key":"SMITH"},{"data":"bronze:ForceShield","floor":13.0,"key":"SMITH"}],"circlet_count":0,"master_deck":["bronze:Strike","bronze:Strike","bronze:Strike","bronze:Defend","bronze:Defend","bronze:Defend","bronze:Defend","bronze:Replicate","bronze:Goto+1","bronze:Repair+1","bronze:ForceShield+1","bronze:Shield","bronze:DelayedGuard","bronze:Shield","bronze:FollowUp"],"relics":["bronze:BronzeCore","Du-Vu Doll","Gremlin Horn","downfall:HeartBlessingRed","Letter Opener"],"acts_visited":["Exordium"],"potions_floor_usage":[16,16],"damage_taken":[{"damage":4.0,"enemies":"2 Louse","floor":2.0,"turns":3.0},{"damage":1.0,"enemies":"Cultist","floor":3.0,"turns":4.0},{"damage":10.0,"enemies":"Small Slimes","floor":5.0,"turns":3.0},{"damage":36.0,"enemies":"3 Sentries","floor":6.0,"turns":10.0},{"damage":3.0,"enemies":"Blue Slaver","floor":9.0,"turns":6.0},{"damage":0.0,"enemies":"3 Louse","floor":11.0,"turns":4.0},{"damage":0.0,"enemies":"downfall:FleeingMerchant","floor":12.0,"turns":4.0},{"damage":14.0,"enemies":"Lagavulin","floor":14.0,"turns":11.0},{"damage":0,"enemies":"Blue Slaver","floor":15,"turns":5},{"damage":86,"enemies":"IC_STATUS_ARCHETYPE","floor":16,"turns":15}],"seed_played":"5839098304862899121","potions_obtained":[{"floor":2.0,"key":"champ:CounterPotion"},{"floor":5.0,"key":"DistilledChaos"},{"floor":6.0,"key":"Explosive Potion"},{"floor":11.0,"key":"hexamod:SoulburnPotion"}],"is_trial":false,"path_per_floor":["R","M","M","?","M","E","T","R","M","?","M","$","R","E","M","B"],"character_chosen":"THE_AUTOMATON","items_purchased":["bronze:Shield"],"campfire_rested":0,"item_purchase_floors":[12],"current_hp_per_floor":[63,59,65,65,65,39,39,39,46,46,56,66,66,62,72,0,0,0],"gold":71,"neow_bonus":"TWENTY_PERCENT_HP_BONUS","is_daily":false,"chose_seed":false,"campfire_upgraded":2,"win_rate":0.0,"timestamp":1613477779,"path_taken":["R","M","M","?","?","E","T","R","M","?","M","$","R","E","M","BOSS"],"items_purchased_type":["Card"],"build_version":"2020-11-17","purchased_purges":0,"victory":false,"max_hp_per_floor":[84,84,84,84,84,84,84,84,84,84,84,84,84,84,84,84,84,84],"card_choices":[{"not_picked":["bronze:Invalidate","bronze:DarkDash"],"picked":"bronze:Repair","floor":2.0},{"not_picked":["bronze:Philosophize","bronze:Invalidate","bronze:CutThrough"],"picked":"SKIP","floor":3.0},{"not_picked":["bronze:Refactor","bronze:Repulsor","bronze:Backtrace"],"picked":"SKIP","floor":5.0},{"not_picked":["bronze:DigitalCarnage","bronze:Iterate"],"picked":"bronze:ForceShield","floor":6.0},{"not_picked":["bronze:Iterate","bronze:WhirlingStrike"],"picked":"bronze:Shield","floor":9.0},{"not_picked":["bronze:TinkerersToolbox","bronze:ForLoop"],"picked":"bronze:DelayedGuard","floor":11.0},{"not_picked":["bronze:Backtrace","bronze:CutThrough","bronze:CloningBeam"],"picked":"SKIP","floor":12.0},{"not_picked":["bronze:OilSpill","bronze:FineTuning","bronze:ForLoop"],"picked":"SKIP","floor":14.0},{"not_picked":["bronze:DarkDash","bronze:Turbo"],"picked":"bronze:FollowUp","floor":15}],"player_experience":342040,"relics_obtained":[{"floor":6.0,"key":"Du-Vu Doll"},{"floor":7.0,"key":"Gremlin Horn"},{"floor":14.0,"key":"Letter Opener"}],"event_choices":[],"is_beta":true,"boss_relics":[],"items_purged_floors":[],"is_endless":false,"potions_floor_spawned":[2,5,6,11],"killed_by":"IC_STATUS_ARCHETYPE","ascension_level":5}}