{"host":"0k7350af1t8odskw","time":1613494605,"event":{"mods":["AchievementEnabler","BaseMod","Better Vampires","BetterRewards","Colored Map","Downfall","Highlight Path","Hubris","Jorbs\u0027s Wanderer Trilogy","Lobotomy","Marisa£®ÏF”Í°°ƒß¿Ì…≥£©","Minty Spire (QoL Compilation)","Quick Restart","Replay The Spire","Shop Mod","StSLib","The Administrix","The Cursed","The Death Knight","The Runesmith","Youmu£®ªÍ∆«—˝√Œ£©"],"gold_per_floor":[115,63,63,63,63,63,83,83,131,155,109,109,128,151,151,151,151],"floor_reached":16,"language":"ZHS","playtime":340,"items_purged":[],"score":104,"play_id":"008505b3-bc8b-4977-b055-0e507c70b731","local_time":"20210216085645","is_ascension_mode":true,"campfire_choices":[{"data":"Poisoned Stab","floor":6,"key":"SMITH"},{"data":"Bane","floor":8,"key":"SMITH"},{"data":"Poisoned Stab","floor":12,"key":"SMITH"},{"floor":15,"key":"REST"}],"circlet_count":0,"master_deck":["Strike_G","Strike_G+1","Strike_G","Strike_G","Strike_G","Defend_G","Defend_G","Defend_G","Defend_G","Defend_G","Survivor","Neutralize","CrumblingArmor","Bane+1","Poisoned Stab+1","HeroicMonk","Acrobatics","SingingMachine","Bane","Poisoned Stab+1","WallGazer","PiercingWail","Scorched","Storm of Steel"],"relics":["Ring of the Snake","CogitoBucket","Golden Idol","Centennial Puzzle","Replay:Baseball"],"acts_visited":["Exordium"],"potions_floor_usage":[],"damage_taken":[{"damage":12,"enemies":"Small Slimes","floor":1,"turns":5},{"damage":1,"enemies":"2 Louse","floor":7,"turns":3},{"damage":0,"enemies":"Jaw Worm","floor":10,"turns":3},{"damage":5,"enemies":"Exordium Thugs","floor":13,"turns":4},{"damage":18,"enemies":"Large Slime","floor":14,"turns":5},{"damage":32,"enemies":"Slime Boss","floor":16,"turns":3}],"seed_played":"-1151956259428444151","potions_obtained":[{"floor":10,"key":"Flashbang"},{"floor":13,"key":"Fire Potion"}],"is_trial":false,"path_per_floor":["M","$","?","?","?","R","M","R","T","M","$","R","M","M","R","B"],"character_chosen":"THE_SILENT","items_purchased":["Poisoned Stab","Poisoned Stab"],"campfire_rested":1,"item_purchase_floors":[2,11],"current_hp_per_floor":[58,58,58,41,34,34,33,33,33,33,33,33,28,10,31,0,0],"gold":151,"neow_bonus":"","is_daily":false,"chose_seed":false,"campfire_upgraded":3,"win_rate":0.0,"timestamp":1613494605,"path_taken":["M","$","?","?","?","R","M","R","T","M","?","R","M","M","R","BOSS"],"items_purchased_type":["Card","Card"],"build_version":"2020-12-22","purchased_purges":0,"victory":false,"max_hp_per_floor":[70,70,70,70,70,70,70,70,70,70,70,70,70,70,70,70,70],"card_choices":[{"not_picked":["OSAHOGD","WallGazer"],"picked":"CrumblingArmor","floor":1},{"not_picked":["Slice","hubris:SlightOfHand"],"picked":"Bane","floor":1},{"not_picked":["PunishingBird","SpiderBud"],"picked":"HeroicMonk","floor":7},{"not_picked":["Malaise","Deflect"],"picked":"Acrobatics","floor":7},{"not_picked":["OldLady","HappyTeddy"],"picked":"SingingMachine","floor":10},{"not_picked":["Prepared","hubris:SlightOfHand"],"picked":"Bane","floor":10},{"not_picked":["WhitesApple","CherryBlossoms"],"picked":"WallGazer","floor":13},{"not_picked":["Expertise","Backflip"],"picked":"PiercingWail","floor":13},{"not_picked":["MHz","GreedKing"],"picked":"Scorched","floor":14},{"not_picked":["Underhanded Strike","Cloak And Dagger"],"picked":"Storm of Steel","floor":14}],"player_experience":162011,"relics_obtained":[{"floor":9,"key":"Replay:Baseball"}],"event_choices":[{"damage_healed":0,"gold_gain":0,"player_choice":"Take Damage","damage_taken":17,"relics_obtained":["Golden Idol"],"max_hp_gain":0,"max_hp_loss":0,"event_name":"Golden Idol","floor":4,"gold_loss":0},{"damage_healed":0,"gold_gain":0,"player_choice":"Success","damage_taken":7,"relics_obtained":["Centennial Puzzle"],"max_hp_gain":0,"max_hp_loss":0,"event_name":"Scrap Ooze","floor":5,"gold_loss":0}],"is_beta":false,"boss_relics":[],"items_purged_floors":[],"is_endless":false,"potions_floor_spawned":[10,13],"killed_by":"Slime Boss","ascension_level":3}}