{"host":"sl5hpy1jvdbpn5jq","time":1613452796,"event":{"mods":["Act Like it!","Ascension Reborn","BaseMod","Better Skull","Dota2Spire","Downfall","Elementarium","Filter the Spire","GifTheSpireLib","Halation","Hubris","Minty Spire (QoL Compilation)","Permanent Neow","Replay The Spire","Shop Mod","Spicy Shops","StSLib","The Jungle"],"gold_per_floor":[99,156,210,210,264,264,264,264,345,393,495,495,168,80,131,434,434,434,476,527,527,527,560,560,641,761,884,986,686,686,1823,1869,2190,2190,2340,2374,2374,2374,2041,2146,2146,2196,2196,2239,1213,737,737,837,873,929,938,938,1015,258,258,266,273],"floor_reached":58,"language":"ENG","playtime":3301,"items_purged":[],"score":2048,"play_id":"f1e0bd80-7a43-4de6-ae73-b2fddfab84c7","local_time":"20210215231956","daily_mods":["Vintage","Heirloom","Time Dilation","Flight","downfall:Jewelcrafting","Elite Swarm","Midas"],"is_ascension_mode":true,"campfire_choices":[{"floor":18,"key":"RECALL"},{"data":"1","floor":47,"key":"LIFT"},{"data":"2","floor":55,"key":"LIFT"}],"circlet_count":0,"master_deck":["hexamod:Strike+1","hexamod:Strike+1","hexamod:Strike+1","hexamod:Strike+1","hexamod:Defend+1","hexamod:Defend+1","hexamod:Defend+1","hexamod:Defend+1","hexamod:Sear+1","hexamod:Float+1","Guardian:ExploitGems+1","Guardian:ExploitGems+1","hexamod:ForkedFlame+1","hexamod:Firestarter+1","hexamod:TimeOfNeed+1","hexamod:SixthSeal","hexamod:SearingWound+1","hexamod:FastForward+1","expansioncontent:YouAreMine+1"],"relics":["hexamod:SpiritBrand","Ring of Chaos","Guardian:PickAxe","Guardian:GemstoneGun","hubris:BottledRain","Smiling Mask","Ancient Tea Set","halation:RedSoulGem","Pondfish Scales","Du-Vu Doll","Strawberry","hexamod:BolsterEngine","Darkstone Periapt","downfall:BrokenWingStatue","TungstenRod","hubris:EmptyBottle","Dota2Spire:ShadowBlade","hubris:TenFootPole","Black Star","Pear","ReplayTheSpireMod:Ninjato","halation:Toothbrush","halation:KoshaPiece","Art of War","halation:BlackBeret","Dota2Spire:Mjollnir","Matryoshka","hubris:Zylophone","ReplayTheSpireMod:Shallot","hexamod:TheBrokenSeal","Dota2Spire:MagicBottle","halation:IllGainedPizza","downfall:HeartBlessingGreen","downfall:HeartBlessingBlue","downfall:HeartBlessingRed","Bottled Tornado","Busted Crown","Girya","halation:AfternoonTea","hubris:SlimyHat","hubris:DeckOfHolding","Ginger","Dota2Spire:MonkeyKingBar","Mummified Hand","Akabeko","Dream Catcher","Dota2Spire:BlackKingBar","TheAbacus","Sling","Bronze Scales","Bird Faced Urn","Replay:WaspNest","Dota2Spire:BladeMail","halation:LostSnail","Pantograph","Bag of Marbles","Vajra","Centennial Puzzle","Replay:Baseball","Dota2Spire:HeartOfTarrasque","StoneCalendar"],"acts_visited":["Exordium","TheCity","TheBeyond","TheEnding"],"potions_floor_usage":[13,14,14,45,45,57,57,57,57],"damage_taken":[{"damage":0,"enemies":"Jaw Worm","floor":2,"turns":1},{"damage":0,"enemies":"Cultist","floor":3,"turns":2},{"damage":0,"enemies":"Small Slimes","floor":5,"turns":1},{"damage":2,"enemies":"Gremlin Nob","floor":9,"turns":3},{"damage":0,"enemies":"3 Louse","floor":10,"turns":2},{"damage":40,"enemies":"3 Sentries","floor":11,"turns":7},{"damage":10,"enemies":"downfall:FleeingMerchant","floor":13,"turns":4},{"damage":2,"enemies":"downfall:FleeingMerchant","floor":14,"turns":4},{"damage":0,"enemies":"Red Slaver","floor":15,"turns":1},{"damage":0,"enemies":"WA_ARCHETYPE_RETAIN","floor":16,"turns":4},{"damage":0,"enemies":"3 Byrds","floor":19,"turns":4},{"damage":5,"enemies":"Spheric Guardian","floor":20,"turns":5},{"damage":0,"enemies":"Shelled Parasite and Fungi","floor":23,"turns":4},{"damage":7,"enemies":"Slavers","floor":25,"turns":5},{"damage":45,"enemies":"Gremlin Leader","floor":26,"turns":8},{"damage":32,"enemies":"Slavers","floor":27,"turns":7},{"damage":52,"enemies":"Book of Stabbing","floor":28,"turns":5},{"damage":0,"enemies":"Centurion and Healer","floor":32,"turns":2},{"damage":3,"enemies":"SI_MIRROR_ARCHETYPE","floor":33,"turns":6},{"damage":0,"enemies":"SI_MIRROR_ARCHETYPE","floor":35,"turns":2},{"damage":0,"enemies":"Orb Walker","floor":36,"turns":2},{"damage":20,"enemies":"R_Hoarder","floor":40,"turns":6},{"damage":0,"enemies":"3 Shapes","floor":42,"turns":1},{"damage":0,"enemies":"Transient","floor":44,"turns":5},{"damage":0,"enemies":"Spire Growth","floor":49,"turns":1},{"damage":0,"enemies":"3 Darklings","floor":50,"turns":2},{"damage":20,"enemies":"DF_ARCHETYPE_ORBS","floor":51,"turns":4},{"damage":3,"enemies":"downfall:CharBossMerchant","floor":53,"turns":4},{"damage":6,"enemies":"downfall:NeowBoss","floor":56,"turns":7},{"damage":63,"enemies":"downfall:NeowBossFinal","floor":57,"turns":6}],"seed_played":"-8483357516917336211","potions_obtained":[{"floor":2,"key":"GamblersBrew"},{"floor":4,"key":"Swift Potion"},{"floor":4,"key":"ColorlessPotion"},{"floor":9,"key":"PowerPotion"},{"floor":15,"key":"EssenceOfSteel"},{"floor":26,"key":"FairyPotion"},{"floor":28,"key":"hexamod:SoulburnPotion"}],"is_trial":true,"path_per_floor":["R","M","M","?","M","?","T","?","E","M","E","?","$","$","M","B",null,"R","M","M","?","?","M","T","E","E","E","E","R","R","?","M","B",null,"R","M","?","T","?","E","T","M","?","M","$","$","R","?","M","M","B",null,"E","$","R","B","B",null],"character_chosen":"THE_SPIRIT","items_purchased":["TungstenRod","hubris:EmptyBottle","Dota2Spire:ShadowBlade","Block Potion","AttackPotion","Dota2Spire:BlackKingBar","TheAbacus","Sling","Bronze Scales","Bird Faced Urn","Fruit Juice","SkillPotion","Replay:WaspNest","Dota2Spire:BladeMail","halation:LostSnail","Replay:Baseball","Dota2Spire:HeartOfTarrasque","StoneCalendar"],"campfire_rested":0,"item_purchase_floors":[13,14,14,14,14,45,45,45,45,45,45,45,46,46,46,54,54,54],"current_hp_per_floor":[70,70,70,70,70,70,70,70,75,75,35,35,25,23,23,23,77,77,87,82,82,85,94,94,96,60,37,119,129,132,101,110,116,176,194,203,203,203,228,217,217,226,226,235,245,245,245,245,260,271,280,292,298,306,306,316,267],"gold":273,"neow_bonus":"","is_daily":false,"chose_seed":false,"campfire_upgraded":0,"win_rate":0.0,"timestamp":1613452796,"path_taken":["R","M","M","?","?","?","T","?","E","?","E","?","?","$","M","BOSS","R","M","M","?","?","?","T","E","E","E","E","R","R","?","M","BOSS","R","M","?","?","?","E","T","M","?","?","$","$","R","?","?","M","BOSS","E","$","R","BOSS","BOSS"],"items_purchased_type":["Relic","Relic","Relic","Potion","Potion","Relic","Relic","Relic","Relic","Relic","Potion","Potion","Relic","Relic","Relic","Relic","Relic","Relic"],"build_version":"2020-12-22","purchased_purges":0,"victory":true,"max_hp_per_floor":[70,70,70,70,70,70,70,70,77,77,77,77,77,77,77,77,77,77,87,87,87,90,99,99,108,117,126,145,155,158,158,167,176,176,194,203,203,203,228,237,237,246,246,255,265,265,265,265,274,283,292,292,301,309,309,318,327],"card_choices":[{"not_picked":["hexamod:GhostflameInferno","hexamod:TimeWarp","hexamod:ParanormalForm"],"picked":"SKIP","floor":9},{"not_picked":["hexamod:WildfireWeapon","hexamod:SearingWound"],"picked":"hexamod:ForkedFlame","floor":11},{"not_picked":["hexamod:ExtraCrispy","hexamod:HauntingEcho"],"picked":"hexamod:Rewind","floor":13},{"not_picked":["hexamod:FastForward","hexamod:EmpoweredFlame"],"picked":"hexamod:Firestarter","floor":14},{"not_picked":["hexamod:SearingWound","hexamod:HexaLevel"],"picked":"hexamod:FifthSeal","floor":16},{"not_picked":["hexamod:SecondSeal","hexamod:FirstSeal"],"picked":"hexamod:ThirdSeal","floor":19},{"not_picked":["hexamod:ThirdSeal","hexamod:FirstSeal"],"picked":"hexamod:FourthSeal","floor":20},{"not_picked":["hexamod:FourthSeal","hexamod:ThirdSeal"],"picked":"hexamod:SixthSeal","floor":23},{"not_picked":["hexamod:FourthSeal","hexamod:ThirdSeal"],"picked":"hexamod:SecondSeal","floor":25},{"not_picked":["hexamod:TurnItUp","hexamod:UnleashSpirits","hexamod:TimeWarp"],"picked":"SKIP","floor":25},{"not_picked":["hexamod:GhostOfSpirePresent","hexamod:FifthSeal","hexamod:GhostflameInferno"],"picked":"SKIP","floor":25},{"not_picked":["hexamod:TurnItUp","hexamod:UnleashSpirits"],"picked":"hexamod:TimeOfNeed","floor":26},{"not_picked":["hexamod:ParanormalForm","hexamod:VolcanoVisage","hexamod:TurnItUp"],"picked":"SKIP","floor":26},{"not_picked":["hexamod:FourthSeal","hexamod:SixthSeal"],"picked":"hexamod:FirstSeal","floor":27},{"not_picked":["hexamod:VolcanoVisage","hexamod:TurnItUp","hexamod:UnlimitedPower"],"picked":"SKIP","floor":27},{"not_picked":["hexamod:FourthSeal","hexamod:FirstSeal"],"picked":"hexamod:SixthSeal","floor":28},{"not_picked":["hexamod:GhostOfSpirePresent","hexamod:HexaLevel"],"picked":"hexamod:SearingWound","floor":28},{"not_picked":[],"picked":"hexamod:FastForward+1","floor":35},{"not_picked":["Replay:SS_hec_1","expansioncontent:HyperBeam"],"picked":"expansioncontent:YouAreMine","floor":37},{"not_picked":["hexamod:SixthSeal"],"picked":"SKIP","floor":40},{"not_picked":["hexamod:TurnItUp"],"picked":"SKIP","floor":53}],"player_experience":234686,"relics_obtained":[{"floor":2,"key":"hubris:BottledRain"},{"floor":3,"key":"Smiling Mask"},{"floor":5,"key":"Ancient Tea Set"},{"floor":7,"key":"Pondfish Scales"},{"floor":8,"key":"Du-Vu Doll"},{"floor":9,"key":"Strawberry"},{"floor":10,"key":"hexamod:BolsterEngine"},{"floor":11,"key":"Darkstone Periapt"},{"floor":15,"key":"hubris:TenFootPole"},{"floor":19,"key":"Pear"},{"floor":20,"key":"ReplayTheSpireMod:Ninjato"},{"floor":23,"key":"halation:KoshaPiece"},{"floor":25,"key":"Art of War"},{"floor":25,"key":"halation:BlackBeret"},{"floor":26,"key":"Dota2Spire:Mjollnir"},{"floor":26,"key":"Matryoshka"},{"floor":27,"key":"hubris:Zylophone"},{"floor":27,"key":"ReplayTheSpireMod:Shallot"},{"floor":28,"key":"Dota2Spire:MagicBottle"},{"floor":28,"key":"halation:IllGainedPizza"},{"floor":32,"key":"Bottled Tornado"},{"floor":35,"key":"Girya"},{"floor":36,"key":"halation:AfternoonTea"},{"floor":38,"key":"hubris:SlimyHat"},{"floor":38,"key":"hubris:DeckOfHolding"},{"floor":40,"key":"Ginger"},{"floor":40,"key":"Dota2Spire:MonkeyKingBar"},{"floor":41,"key":"Mummified Hand"},{"floor":42,"key":"Akabeko"},{"floor":44,"key":"Dream Catcher"},{"floor":49,"key":"Pantograph"},{"floor":50,"key":"Bag of Marbles"},{"floor":53,"key":"Vajra"},{"floor":53,"key":"Centennial Puzzle"}],"event_choices":[{"damage_healed":0,"gold_gain":0,"player_choice":"Got Potions","damage_taken":0,"max_hp_gain":0,"max_hp_loss":0,"event_name":"Lab","floor":4,"gold_loss":0},{"damage_healed":0,"gold_gain":0,"player_choice":"Relic","damage_taken":0,"max_hp_gain":0,"max_hp_loss":0,"event_name":"Wheel of Change","floor":8,"gold_loss":0},{"damage_healed":0,"gold_gain":0,"player_choice":"Ignored","damage_taken":0,"max_hp_gain":0,"max_hp_loss":0,"event_name":"NoteForYourself","floor":43,"gold_loss":0}],"is_beta":false,"boss_relics":[{"not_picked":["Cursed Key","SlaversCollar"],"picked":"Black Star"},{"not_picked":["halation:PinkAlligatorPlush","Replay:Fungal Core"],"picked":"Busted Crown"}],"items_purged_floors":[],"is_endless":false,"potions_floor_spawned":[2,9,15,23,25,27,28,35,44,53],"ascension_level":0}}