{"host":"uceopoba4zvqsgiy","time":1613468831,"event":{"mods":["2.2 Compatiblity","Act Like it!","BaseMod","Better Skull","Better Third Choice","Elementarium","Evolution","GifTheSpireLib","Hermit","Humility","Infinite Spire","Jorbs\u0027s Wanderer Trilogy","Marked Mod","Minty Spire (QoL Compilation)","Potionbrewer","Reliquary","Replay The Spire","Robot Space Explorer","Shade Mod","Spicy Shops","StS++","StSLib","Stuff the Spire","The Blue Laboratory","The Caster","The Cursed","The Dragon Tamer","The Dragonkin","The Hierophant","The Judge","The Jungle","TheSurvivalist","Wandering Minibosses"],"gold_per_floor":[110,110,110,38,38,38,213,244,244,255,255,265,265,301,331,346,346,441,441,441,441],"floor_reached":20,"language":"ENG","playtime":4628,"items_purged":[],"score":214,"play_id":"8b745504-37ed-4d4c-b3c9-2569e1c582f2","local_time":"20210216201711","is_ascension_mode":true,"campfire_choices":[{"floor":9,"key":"REST"},{"data":"Rupture","floor":13,"key":"SMITH"},{"floor":17,"key":"REST"}],"circlet_count":0,"master_deck":["Cleave","Cleave","Cleave","Cleave","Cleave","Armaments","Armaments","Defend_R","Defend_R","Bash","StuffTheSpire:BloodClot","infinitespire:FinalStrike","Feel No Pain","Whirlwind","Rupture+1","Exhume","Dark Embrace","Sever Soul","Fiend Fire"],"relics":["Burning Blood","EVO:Axolotl","Blood Vial","Ring of Searing","ReplayTheSpireMod:Ring of Addiction","SacredBark","White Beast Statue","TheAbacus","Mummified Hand","infinitespire:Lychee Nut","Dream Catcher","Empty Cage"],"acts_visited":["Exordium","TheCity"],"potions_floor_usage":[8,8,10,14,15,18,18],"damage_taken":[{"damage":0,"enemies":"2 Louse","floor":1,"turns":1},{"damage":23,"enemies":"Gremlin Nob","floor":8,"turns":3},{"damage":20,"enemies":"Jaw Worm","floor":10,"turns":4},{"damage":11,"enemies":"Cultist","floor":12,"turns":3},{"damage":11,"enemies":"3 Louse","floor":14,"turns":2},{"damage":19,"enemies":"Replay:BlueRogue","floor":15,"turns":5},{"damage":15,"enemies":"Exordium Wildlife","floor":16,"turns":3},{"damage":25,"enemies":"Fading Forest","floor":18,"turns":11},{"damage":67,"enemies":"Shell Parasite","floor":20,"turns":7}],"seed_played":"1240925544102538769","potions_obtained":[{"floor":3,"key":"Explosive Potion"},{"floor":3,"key":"BloodPotion"},{"floor":3,"key":"Explosive Potion"},{"floor":8,"key":"blueLaboratory:AbyssPotion"},{"floor":10,"key":"potionbrewer:MidasPotion"},{"floor":12,"key":"ColorlessPotion"},{"floor":14,"key":"potionbrewer:ToxicPotion"},{"floor":15,"key":"blueLaboratory:FrostheartPotion"},{"floor":16,"key":"FearPotion"},{"floor":18,"key":"blueLaboratory:BubblePotion"}],"is_trial":false,"path_per_floor":["M","?","?","$","PTL","PTL","?","E","R","M","T","M","R","M","E","M","R","B",null,"M"],"character_chosen":"IRONCLAD","items_purchased":["TheAbacus"],"campfire_rested":2,"item_purchase_floors":[4],"current_hp_per_floor":[80,59,59,59,59,59,59,44,67,70,58,55,55,51,46,44,56,40,56,0,0],"gold":441,"neow_bonus":"RANDOM_COMMON_RELIC","is_daily":false,"chose_seed":false,"campfire_upgraded":1,"win_rate":0.0,"timestamp":1613468831,"path_taken":["M","?","?","$","PTL","PTL","?","?","E","R","M","T","M","R","M","E","M","R","BOSS","M"],"items_purchased_type":["Relic"],"build_version":"2020-12-22","purchased_purges":0,"victory":false,"max_hp_per_floor":[80,80,80,80,80,80,78,78,78,78,58,58,58,56,56,56,56,56,56,56,56],"card_choices":[{"not_picked":["StSpp:TheBiggerTheyAre","Havoc"],"picked":"StuffTheSpire:BloodClot","floor":1},{"not_picked":["infinitespire:SealOfDarkness+","ReplayTheSpireMod:Haul"],"picked":"infinitespire:FinalStrike","floor":2},{"not_picked":["Perfected Strike","Replay:Undeath\u0027s Touch"],"picked":"Feel No Pain","floor":8},{"not_picked":["Replay:Undeath\u0027s Touch","StuffTheSpire:Slingshot"],"picked":"Whirlwind","floor":10},{"not_picked":["Sentinel","Clothesline"],"picked":"Rupture","floor":12},{"not_picked":["Twin Strike","Replay:Undeath\u0027s Touch"],"picked":"Exhume","floor":14},{"not_picked":["Perfected Strike","Replay:Undeath\u0027s Touch"],"picked":"Dark Embrace","floor":15},{"not_picked":["StSpp:CounterStrike","Anger","Armaments"],"picked":"SKIP","floor":16},{"not_picked":["Sword Boomerang","Disarm"],"picked":"Sever Soul","floor":17},{"not_picked":["Replay:Many Hands","StSpp:BladeOfBlood"],"picked":"Fiend Fire","floor":18}],"player_experience":1830002,"relics_obtained":[{"floor":3,"key":"Ring of Searing"},{"floor":3,"key":"ReplayTheSpireMod:Ring of Addiction"},{"floor":3,"key":"SacredBark"},{"floor":3,"key":"White Beast Statue"},{"floor":8,"key":"Mummified Hand"},{"floor":11,"key":"infinitespire:Lychee Nut"},{"floor":15,"key":"Dream Catcher"}],"event_choices":[{"damage_healed":0,"gold_gain":175,"player_choice":"AGREE","damage_taken":38,"max_hp_gain":0,"max_hp_loss":0,"event_name":"betterThird:BetterSerpent","floor":7,"gold_loss":0}],"is_beta":false,"boss_relics":[{"not_picked":["Snecko Eye","Replay:Fungal Core"],"picked":"Empty Cage"}],"items_purged_floors":[],"is_endless":false,"potions_floor_spawned":[8,10,12,14,15,16,18],"killed_by":"Shell Parasite","ascension_level":1,"is_humility":true}}