{"host":"g6i219x90aanznrc","time":1613495041,"event":{"mods":["BaseMod","Hermit","Minty Spire (QoL Compilation)","Replay The Spire","StSLib"],"gold_per_floor":[117,130,149,149,149,177,177,189,189,189,139,64,64,64,64,188,188,204,217,231,251,267,267,267,267,267,303,303,342,357,381,381,396,396,396,396],"floor_reached":35,"language":"ENG","playtime":3168,"items_purged":["Strike_G"],"score":314,"play_id":"15e9f70f-5eaa-4cb7-9d27-cb6e67fd7f9f","local_time":"20210216180401","is_ascension_mode":true,"campfire_choices":[{"floor":10,"key":"REST"},{"floor":13,"key":"REST"},{"floor":23,"key":"REST"},{"data":"Catalyst","floor":26,"key":"SMITH"}],"circlet_count":0,"master_deck":["Strike_G","Strike_G","Strike_G","Defend_G","Defend_G","Defend_G","Defend_G","Defend_G","Survivor","Neutralize","Leg Sweep","Dagger Throw","Toxin Wave","Poisoned Stab","Deadly Poison","Catalyst","Injury","Tools of the Trade","Backflip+1","Prepared+1","Deadly Poison","Catalyst+1","PiercingWail","Tactician","Distraction+1","Noxious Fumes","Deadly Poison+1"],"relics":["Ring of the Snake","Ring of Peace","Unceasing Top","Kunai","Mercury Hourglass","Golden Idol","Black Star","Gambling Chip","Prayer Wheel","Du-Vu Doll","Nunchaku","Molten Egg 2"],"acts_visited":["Exordium","TheCity"],"potions_floor_usage":[16,16,31,33,35],"damage_taken":[{"damage":4,"enemies":"Jaw Worm","floor":1,"turns":8},{"damage":0,"enemies":"2 Louse","floor":2,"turns":3},{"damage":0,"enemies":"Small Slimes","floor":3,"turns":3},{"damage":35,"enemies":"Gremlin Nob","floor":6,"turns":7},{"damage":3,"enemies":"Exordium Wildlife","floor":8,"turns":5},{"damage":20,"enemies":"The Guardian","floor":16,"turns":9},{"damage":12,"enemies":"Chosen","floor":18,"turns":5},{"damage":0,"enemies":"3 Byrds","floor":19,"turns":5},{"damage":9,"enemies":"Snake Plant","floor":20,"turns":6},{"damage":1,"enemies":"Chosen and Byrds","floor":21,"turns":6},{"damage":0,"enemies":"Centurion and Healer","floor":22,"turns":7},{"damage":10,"enemies":"Replay:Snechameleon","floor":27,"turns":4},{"damage":32,"enemies":"Slavers","floor":29,"turns":6},{"damage":0,"enemies":"3 Cultists","floor":30,"turns":6},{"damage":22,"enemies":"Cultist and Chosen","floor":31,"turns":8},{"damage":0,"enemies":"Snake Plant","floor":33,"turns":3},{"damage":35,"enemies":"Automaton","floor":35,"turns":6}],"seed_played":"-8405097649054695098","potions_obtained":[{"floor":2,"key":"CultistPotion"},{"floor":3,"key":"Ancient Potion"},{"floor":19,"key":"Languid Potion"},{"floor":21,"key":"Venom Potion"},{"floor":27,"key":"Poison Potion"}],"is_trial":false,"path_per_floor":["M","M","M","?","?","E","?","M","T","R","?","$","R","$","R","B",null,"M","M","M","M","M","R","PTL","PTL","R","E","T","E","M","M","?","M","R","B"],"character_chosen":"THE_SILENT","items_purchased":[],"campfire_rested":3,"item_purchase_floors":[],"current_hp_per_floor":[66,66,66,66,63,28,28,25,25,46,46,46,67,67,67,47,70,58,58,49,48,48,69,69,69,69,59,59,27,27,5,5,5,26,0,0],"gold":396,"neow_bonus":"TRANSFORM_CARD","is_daily":false,"chose_seed":false,"campfire_upgraded":1,"win_rate":0.0,"timestamp":1613495041,"path_taken":["M","M","M","?","?","E","?","?","T","R","?","$","R","$","R","BOSS","M","M","M","M","?","R","PTL","PTL","R","E","T","E","M","M","?","M","R","BOSS"],"items_purchased_type":[],"build_version":"2020-12-22","purchased_purges":1,"victory":false,"max_hp_per_floor":[70,70,70,70,70,70,70,70,70,70,70,70,70,70,70,70,70,70,70,70,70,70,70,70,70,70,70,70,70,70,70,70,70,70,70,70],"card_choices":[{"not_picked":["Hidden Blade","Acrobatics"],"picked":"Dagger Throw","floor":1},{"not_picked":["Crippling Poison","Acrobatics"],"picked":"Toxin Wave","floor":2},{"not_picked":["Backflip","Caltrops"],"picked":"Poisoned Stab","floor":3},{"not_picked":["Backflip","Prepared"],"picked":"Deadly Poison","floor":6},{"not_picked":["Flying Knee","Quick Slash"],"picked":"Catalyst","floor":8},{"not_picked":["Atom Bomb","Phantasmal Killer"],"picked":"Tools of the Trade","floor":16},{"not_picked":["Slice","Finisher"],"picked":"Backflip+1","floor":18},{"not_picked":["Choke","Underhanded Strike"],"picked":"Prepared+1","floor":19},{"not_picked":["Deflect","ReplayTheSpireMod:Exploit Weakness"],"picked":"Deadly Poison","floor":20},{"not_picked":["Sucker Punch+1","Hidden Blade","Terror"],"picked":"SKIP","floor":21},{"not_picked":["Dagger Throw","ReplayTheSpireMod:Tripwire"],"picked":"Catalyst","floor":22},{"not_picked":["Infinite Blades","Hidden Blade"],"picked":"PiercingWail","floor":27},{"not_picked":["Dagger Spray+1","ReplayTheSpireMod:Necrosis"],"picked":"Tactician","floor":29},{"not_picked":["Sucker Punch+1","Slice+1"],"picked":"Distraction+1","floor":30},{"not_picked":["Backflip","All Out Attack+1","Hidden Blade+1"],"picked":"SKIP","floor":30},{"not_picked":["Heel Hook+1","Distraction"],"picked":"Noxious Fumes","floor":31},{"not_picked":["Deflect","Heel Hook+1"],"picked":"Deadly Poison","floor":31},{"not_picked":["Storm of Steel","Caltrops","ReplayTheSpireMod:Shiv Toss+1"],"picked":"SKIP","floor":33},{"not_picked":["Sucker Punch+1","Blade Dance+1","Predator+1"],"picked":"SKIP","floor":33}],"player_experience":100389,"relics_obtained":[{"floor":4,"key":"Ring of Peace"},{"floor":6,"key":"Kunai"},{"floor":9,"key":"Mercury Hourglass"},{"floor":27,"key":"Gambling Chip"},{"floor":27,"key":"Prayer Wheel"},{"floor":28,"key":"Du-Vu Doll"},{"floor":29,"key":"Nunchaku"},{"floor":29,"key":"Molten Egg 2"}],"event_choices":[{"damage_healed":0,"gold_gain":0,"player_choice":"Success","damage_taken":3,"relics_obtained":["Unceasing Top"],"max_hp_gain":0,"max_hp_loss":0,"event_name":"Scrap Ooze","floor":5,"gold_loss":0},{"cards_removed":["Looming Evil"],"damage_healed":0,"gold_gain":0,"player_choice":"Forget","damage_taken":0,"max_hp_gain":0,"max_hp_loss":0,"event_name":"Living Wall","floor":7,"gold_loss":0},{"damage_healed":0,"gold_gain":0,"player_choice":"Left Gold","damage_taken":0,"max_hp_gain":0,"max_hp_loss":0,"event_name":"World of Goop","floor":11,"gold_loss":50},{"damage_healed":0,"gold_gain":0,"player_choice":"Take Wound","damage_taken":0,"relics_obtained":["Golden Idol"],"max_hp_gain":0,"max_hp_loss":0,"event_name":"Golden Idol","floor":15,"gold_loss":0,"cards_obtained":["Injury"]},{"damage_healed":0,"gold_gain":0,"player_choice":"Ignored","damage_taken":0,"max_hp_gain":0,"max_hp_loss":0,"event_name":"Ghosts","floor":32,"gold_loss":0}],"is_beta":false,"boss_relics":[{"not_picked":["Ring of Chaos","Velvet Choker"],"picked":"Black Star"}],"items_purged_floors":[12],"is_endless":false,"potions_floor_spawned":[2,3,19,21,27],"killed_by":"Automaton","ascension_level":1}}