{"host":"a5lz0e76zb3fcwkm","time":1613491239,"event":{"mods":["AchievementEnabler","BaseMod","Colored Map","Colored Powertips","Minty Spire (QoL Compilation)","StSLib","SuperFastMode"],"gold_per_floor":[118,133,151,162,162,162,188,223,223,238,271,271,271,271,271],"floor_reached":14,"language":"KOR","playtime":359,"items_purged":[],"score":200,"play_id":"44f89076-fd8e-49a4-aab5-36364b7f1548","local_time":"20210217010039","is_ascension_mode":true,"campfire_choices":[{"data":"Bullet Time","floor":6,"key":"SMITH"},{"floor":13,"key":"REST"}],"circlet_count":0,"master_deck":["AscendersBane","Strike_G","Strike_G","Strike_G","Defend_G","Defend_G","Defend_G","Defend_G","Defend_G","Survivor","Neutralize","Bullet Time+1","Adrenaline","Masterful Stab","Dash","Deadly Poison","Backflip","PiercingWail"],"relics":["Ring of the Snake","Odd Mushroom","Nunchaku","Potion Belt","HornCleat","Golden Idol"],"acts_visited":["Exordium"],"potions_floor_usage":[3,7,8],"damage_taken":[{"damage":4,"enemies":"Small Slimes","floor":1,"turns":5},{"damage":0,"enemies":"2 Louse","floor":2,"turns":4},{"damage":0,"enemies":"Jaw Worm","floor":3,"turns":3},{"damage":0,"enemies":"2 Fungi Beasts","floor":4,"turns":3},{"damage":0,"enemies":"The Mushroom Lair","floor":7,"turns":4},{"damage":17,"enemies":"Lagavulin","floor":8,"turns":7},{"damage":2,"enemies":"Gremlin Gang","floor":10,"turns":7},{"damage":19,"enemies":"Gremlin Nob","floor":11,"turns":4},{"damage":34,"enemies":"Lagavulin","floor":14,"turns":8}],"seed_played":"3320677454912761995","potions_obtained":[{"floor":1,"key":"Strength Potion"},{"floor":3,"key":"Strength Potion"},{"floor":7,"key":"Weak Potion"}],"is_trial":false,"path_per_floor":["M","M","M","M","?","R","?","E","T","M","E","?","R","E"],"character_chosen":"THE_SILENT","items_purchased":[],"campfire_rested":1,"item_purchase_floors":[],"current_hp_per_floor":[55,55,55,55,55,55,55,38,38,36,17,17,33,0,0],"gold":271,"neow_bonus":"TRANSFORM_TWO_CARDS","is_daily":false,"chose_seed":false,"campfire_upgraded":1,"win_rate":0.0,"timestamp":1613491239,"path_taken":["M","M","M","M","?","R","?","E","T","M","E","?","R","E"],"items_purchased_type":[],"build_version":"2020-12-22","purchased_purges":0,"victory":false,"max_hp_per_floor":[60,60,60,60,60,60,60,60,60,60,60,54,54,54,54],"card_choices":[{"not_picked":["Cloak And Dagger","Well Laid Plans"],"picked":"Masterful Stab","floor":1},{"not_picked":["Prepared","Poisoned Stab"],"picked":"Dash","floor":2},{"not_picked":["Escape Plan","Deflect"],"picked":"Deadly Poison","floor":3},{"not_picked":["Dodge and Roll","Underhanded Strike"],"picked":"Backflip","floor":4},{"not_picked":["Deflect","Dash"],"picked":"PiercingWail","floor":7},{"not_picked":["Envenom","Dodge and Roll","Endless Agony"],"picked":"SKIP","floor":8},{"not_picked":["Underhanded Strike","Concentrate","Quick Slash"],"picked":"SKIP","floor":10},{"not_picked":["Flying Knee","Dodge and Roll","Quick Slash"],"picked":"SKIP","floor":11}],"player_experience":1903874,"relics_obtained":[{"floor":7,"key":"Odd Mushroom"},{"floor":8,"key":"Nunchaku"},{"floor":9,"key":"Potion Belt"},{"floor":11,"key":"HornCleat"}],"event_choices":[{"damage_healed":0,"gold_gain":0,"player_choice":"Ignored","damage_taken":0,"max_hp_gain":0,"max_hp_loss":0,"event_name":"Liars Game","floor":5,"gold_loss":0},{"damage_healed":0,"gold_gain":0,"player_choice":"Fought Mushrooms","damage_taken":0,"max_hp_gain":0,"max_hp_loss":0,"event_name":"Mushrooms","floor":7,"gold_loss":0},{"damage_healed":0,"gold_gain":0,"player_choice":"Lose Max HP","damage_taken":0,"relics_obtained":["Golden Idol"],"max_hp_gain":0,"max_hp_loss":6,"event_name":"Golden Idol","floor":12,"gold_loss":0}],"is_beta":false,"boss_relics":[],"items_purged_floors":[],"is_endless":false,"potions_floor_spawned":[1,3,7],"killed_by":"Lagavulin","ascension_level":20}}