{"host":"ssceekdvsvld625r","time":1613516955,"event":{"mods":["AchievementEnabler","BaseMod","Better Third Choice","Block Reminder","Colored Map","Colored Powertips","Highlight Path","Minty Spire (QoL Compilation)","Permanent Neow","Quick Restart","Rare Cards Sparkle","Relic Stats","Shop Mod","StSLib"],"gold_per_floor":[114,64,0,0,10,44,44,44,44,75,94,128,148,2,2,131,131,149,4,4,14,14,14,14],"floor_reached":23,"language":"ENG","playtime":971,"items_purged":[],"score":244,"play_id":"a3745f1c-0a45-4c44-ac5a-68dbd0de8001","local_time":"20210216160915","is_ascension_mode":true,"campfire_choices":[{"data":"Thunderclap","floor":7,"key":"SMITH"},{"floor":15,"key":"REST"}],"circlet_count":0,"master_deck":["Strike_R","Strike_R","Strike_R","Strike_R","Strike_R","Defend_R","Defend_R","Defend_R+1","Bash","Thunderclap+1","Enlightenment+1","Twin Strike","Feel No Pain","Burning Pact+1","Perfected Strike","Inflame","Burning Pact","Fiend Fire","Spot Weakness","Combust"],"relics":["Burning Blood","NeowsBlessing","Paper Frog","Bloody Idol","Odd Mushroom","War Paint","HandDrill","SlaversCollar","Strange Spoon","MealTicket"],"acts_visited":["Exordium","TheCity"],"potions_floor_usage":[16,18,23,23],"damage_taken":[{"damage":0,"enemies":"Jaw Worm","floor":1,"turns":1},{"damage":0,"enemies":"Small Slimes","floor":5,"turns":1},{"damage":0,"enemies":"3 Sentries","floor":6,"turns":2},{"damage":26,"enemies":"The Mushroom Lair","floor":10,"turns":4},{"damage":0,"enemies":"2 Louse","floor":11,"turns":2},{"damage":28,"enemies":"Gremlin Nob","floor":12,"turns":4},{"damage":9,"enemies":"Looter","floor":13,"turns":3},{"damage":55,"enemies":"The Guardian","floor":16,"turns":8},{"damage":31,"enemies":"3 Byrds","floor":18,"turns":4},{"damage":24,"enemies":"Spheric Guardian","floor":21,"turns":4},{"damage":43,"enemies":"Slavers","floor":23,"turns":3}],"seed_played":"2844814101825567903","potions_obtained":[{"floor":1,"key":"Swift Potion"},{"floor":6,"key":"ColorlessPotion"},{"floor":10,"key":"AttackPotion"},{"floor":12,"key":"DistilledChaos"},{"floor":16,"key":"DuplicationPotion"}],"is_trial":false,"path_per_floor":["M","?","?","?","M","E","R","?","T","?","M","E","M","$","R","B",null,"M","$","?","M","?","E"],"character_chosen":"IRONCLAD","items_purchased":["HandDrill","Strange Spoon"],"campfire_rested":1,"item_purchase_floors":[14,19],"current_hp_per_floor":[80,80,86,86,86,86,86,80,80,60,66,44,41,41,65,16,80,55,55,55,42,42,0,0],"gold":14,"neow_bonus":"THREE_ENEMY_KILL","is_daily":false,"chose_seed":false,"campfire_upgraded":1,"win_rate":0.0,"timestamp":1613516955,"path_taken":["M","?","?","?","M","E","R","?","T","?","?","E","M","$","R","BOSS","M","$","?","M","?","E"],"items_purchased_type":["Relic","Relic"],"build_version":"2020-12-22","purchased_purges":0,"victory":false,"max_hp_per_floor":[80,80,86,86,86,86,86,80,80,80,80,80,80,80,80,80,80,80,80,80,80,80,80,80],"relic_stats":{"Strange Spoon":[0],"counters":[11,36],"Bloody Idol":5,"MealTicket":0,"HandDrill":[4],"War Paint":["Burning Pact","Defend_R"],"obtain_stats":[{"SlaversCollar":17,"Strange Spoon":19,"NeowsBlessing":0,"Golden Idol":8,"Bloody Idol":20,"MealTicket":22,"HandDrill":14,"Odd Mushroom":10,"War Paint":12,"Burning Blood":0,"Paper Frog":6},{"SlaversCollar":8,"Strange Spoon":9,"NeowsBlessing":0,"Golden Idol":3,"Bloody Idol":9,"MealTicket":10,"HandDrill":7,"Odd Mushroom":4,"War Paint":6,"Burning Blood":0,"Paper Frog":3},{"SlaversCollar":25,"Strange Spoon":29,"NeowsBlessing":0,"Golden Idol":4,"Bloody Idol":29,"MealTicket":33,"HandDrill":17,"Odd Mushroom":8,"War Paint":14,"Burning Blood":0,"Paper Frog":4}],"Burning Blood":42},"card_choices":[{"not_picked":["Bloodletting","Seeing Red"],"picked":"Thunderclap","floor":1},{"not_picked":["Intimidate","Second Wind"],"picked":"Twin Strike","floor":5},{"not_picked":["Dropkick","Double Tap"],"picked":"Feel No Pain","floor":6},{"not_picked":["True Grit","Iron Wave"],"picked":"Burning Pact","floor":10},{"not_picked":["Shrug It Off","Wild Strike"],"picked":"Perfected Strike","floor":11},{"not_picked":["Pommel Strike","Intimidate"],"picked":"Inflame","floor":12},{"not_picked":["Flex","Wild Strike"],"picked":"Burning Pact","floor":13},{"not_picked":["Juggernaut","Brutality"],"picked":"Fiend Fire","floor":16},{"not_picked":["Body Slam","Headbutt"],"picked":"Spot Weakness","floor":18},{"not_picked":["Sword Boomerang","Thunderclap+1"],"picked":"Combust","floor":21}],"player_experience":48303,"relics_obtained":[{"floor":6,"key":"Paper Frog"},{"floor":10,"key":"Odd Mushroom"},{"floor":12,"key":"War Paint"}],"event_choices":[{"cards_removed":["Defend_R"],"damage_healed":0,"gold_gain":0,"player_choice":"Card Removal","damage_taken":0,"max_hp_gain":0,"max_hp_loss":0,"event_name":"The Cleric","floor":2,"gold_loss":50},{"damage_healed":0,"gold_gain":0,"player_choice":"RENOUNCE","damage_taken":64,"max_hp_gain":0,"max_hp_loss":0,"event_name":"betterThird:BetterSerpent","floor":3,"gold_loss":64,"cards_obtained":["Enlightenment"]},{"damage_healed":0,"gold_gain":0,"player_choice":"Grow","damage_taken":0,"max_hp_gain":0,"max_hp_loss":0,"event_name":"Living Wall","floor":4,"gold_loss":0,"cards_upgraded":["Enlightenment"]},{"damage_healed":0,"gold_gain":0,"player_choice":"Lose Max HP","damage_taken":0,"relics_obtained":["Golden Idol"],"max_hp_gain":0,"max_hp_loss":6,"event_name":"Golden Idol","floor":8,"gold_loss":0},{"damage_healed":0,"gold_gain":0,"player_choice":"Fought Mushrooms","damage_taken":0,"max_hp_gain":0,"max_hp_loss":0,"event_name":"Mushrooms","floor":10,"gold_loss":0},{"damage_healed":0,"gold_gain":0,"player_choice":"Gave Idol","damage_taken":0,"relics_obtained":["Bloody Idol"],"max_hp_gain":0,"max_hp_loss":0,"event_name":"Forgotten Altar","floor":20,"relics_lost":["Golden Idol"],"gold_loss":0},{"damage_healed":0,"gold_gain":0,"player_choice":"Opened","damage_taken":0,"relics_obtained":["MealTicket"],"max_hp_gain":0,"max_hp_loss":0,"event_name":"The Mausoleum","floor":22,"gold_loss":0}],"is_beta":false,"boss_relics":[{"not_picked":["Empty Cage","SacredBark"],"picked":"SlaversCollar"}],"items_purged_floors":[],"is_endless":false,"potions_floor_spawned":[1,6,10,12,16],"killed_by":"Slavers","ascension_level":2}}