{"host":"9rqxlbwknj581inl","time":1613457620,"event":{"mods":["BaseMod","Colored Map","Colored Powertips","Minty Spire (QoL Compilation)","Quick Restart","Random Character Mod"],"gold_per_floor":[111,111,40,55,70,70,103,120,170,187,203,221,234,246,246,351,351,337,247,67,85,85,85,116,116,167,242,242,252,265,293,293,293,293],"floor_reached":33,"language":"ENG","playtime":4151,"items_purged":[],"score":271,"play_id":"41dd03c9-aaaa-4f27-9774-5ec55ab491dc","local_time":"20210215234020","is_ascension_mode":false,"campfire_choices":[{"data":"Body Slam","floor":6,"key":"SMITH"},{"data":"True Grit","floor":15,"key":"SMITH"},{"data":"Body Slam","floor":23,"key":"SMITH"},{"data":"Exhume","floor":25,"key":"SMITH"},{"data":"Shockwave","floor":28,"key":"SMITH"},{"data":"Clothesline","floor":32,"key":"SMITH"}],"circlet_count":0,"master_deck":["Strike_R","Strike_R","Defend_R","Defend_R","Defend_R","Defend_R","Bash","Body Slam+1","Shrug It Off","Iron Wave","Clothesline+1","Pummel","Headbutt","True Grit+1","Shockwave+1","Metallicize+1","Warcry","Pommel Strike+1","Exhume+1","Flex","Body Slam+1","Shrug It Off","Writhe","Intimidate","Spot Weakness+1","Evolve+1"],"relics":["Burning Blood","Frozen Egg 2","Boot","Empty Cage","Vajra","PreservedInsect","Red Mask","Anchor","Bottled Tornado","Nunchaku"],"acts_visited":["Exordium","TheCity"],"potions_floor_usage":[7,16,16,24,24],"damage_taken":[{"damage":12,"enemies":"Small Slimes","floor":1,"turns":4},{"damage":3,"enemies":"Cultist","floor":4,"turns":5},{"damage":8,"enemies":"Jaw Worm","floor":5,"turns":4},{"damage":39,"enemies":"Lagavulin","floor":7,"turns":9},{"damage":5,"enemies":"Red Slaver","floor":8,"turns":4},{"damage":3,"enemies":"Large Slime","floor":10,"turns":7},{"damage":14,"enemies":"3 Louse","floor":11,"turns":4},{"damage":7,"enemies":"Looter","floor":12,"turns":3},{"damage":14,"enemies":"Lots of Slimes","floor":13,"turns":5},{"damage":7,"enemies":"3 Louse","floor":14,"turns":3},{"damage":38,"enemies":"Slime Boss","floor":16,"turns":11},{"damage":40,"enemies":"2 Thieves","floor":18,"turns":4},{"damage":15,"enemies":"3 Byrds","floor":21,"turns":6},{"damage":6,"enemies":"Masked Bandits","floor":24,"turns":5},{"damage":5,"enemies":"Shelled Parasite and Fungi","floor":29,"turns":9},{"damage":8,"enemies":"Centurion and Healer","floor":30,"turns":6},{"damage":19,"enemies":"Slavers","floor":31,"turns":7},{"damage":57,"enemies":"Champ","floor":33,"turns":14}],"seed_played":"8475133357808356244","potions_obtained":[{"floor":4,"key":"SpeedPotion"},{"floor":5,"key":"Fruit Juice"},{"floor":10,"key":"Regen Potion"},{"floor":11,"key":"PowerPotion"},{"floor":21,"key":"Explosive Potion"},{"floor":31,"key":"SkillPotion"}],"is_trial":false,"path_per_floor":["M","?","$","M","M","R","E","M","T","M","M","M","M","M","R","B",null,"M","?","$","M","?","R","?","R","T","T","R","M","M","E","R","B"],"character_chosen":"IRONCLAD","items_purchased":["Shrug It Off","Iron Wave","Vajra","Body Slam"],"campfire_rested":0,"item_purchase_floors":[3,3,20,20],"current_hp_per_floor":[82,82,82,85,83,83,55,56,56,59,51,50,42,41,41,21,93,59,59,59,50,50,50,50,50,50,50,50,51,49,36,36,0,0],"gold":293,"neow_bonus":"TEN_PERCENT_HP_BONUS","is_daily":false,"chose_seed":false,"campfire_upgraded":6,"win_rate":0.0,"timestamp":1613457620,"path_taken":["M","?","?","M","M","R","E","M","T","M","M","M","?","M","R","BOSS","M","?","$","?","?","R","?","R","T","?","R","M","?","E","R","BOSS"],"items_purchased_type":["Card","Card","Relic","Card"],"build_version":"2020-12-22","purchased_purges":0,"victory":false,"max_hp_per_floor":[88,88,88,88,88,88,93,93,93,93,93,93,93,93,93,93,93,93,93,93,93,93,93,93,93,93,93,93,93,93,93,93,93,93],"card_choices":[{"not_picked":["Cleave","Searing Blow"],"picked":"Body Slam","floor":1},{"not_picked":["Rampage","Searing Blow"],"picked":"Clothesline","floor":4},{"not_picked":["Anger","Warcry"],"picked":"Pummel","floor":5},{"not_picked":["Warcry","Cleave"],"picked":"Headbutt","floor":7},{"not_picked":["Impervious","Feel No Pain+1"],"picked":"True Grit","floor":8},{"not_picked":["Infernal Blade","Thunderclap"],"picked":"Shockwave","floor":10},{"not_picked":["Twin Strike","Intimidate"],"picked":"Metallicize+1","floor":11},{"not_picked":["Wild Strike","Twin Strike","Havoc"],"picked":"SKIP","floor":12},{"not_picked":["Carnage","Shockwave"],"picked":"Warcry","floor":13},{"not_picked":["Headbutt","True Grit"],"picked":"Pommel Strike","floor":14},{"not_picked":["Impervious","Reaper"],"picked":"Exhume","floor":16},{"not_picked":["Headbutt","Anger+1"],"picked":"Flex","floor":18},{"not_picked":["Combust+1","Iron Wave+1"],"picked":"Shrug It Off","floor":21},{"not_picked":["Ghostly Armor","Clash"],"picked":"Intimidate","floor":24},{"not_picked":["Feed","Anger"],"picked":"Spot Weakness+1","floor":29},{"not_picked":["Body Slam","Headbutt"],"picked":"Evolve+1","floor":30},{"not_picked":["Dark Embrace+1","Headbutt","Armaments"],"picked":"SKIP","floor":31}],"player_experience":279875,"relics_obtained":[{"floor":7,"key":"Frozen Egg 2"},{"floor":9,"key":"Boot"},{"floor":24,"key":"Red Mask"},{"floor":26,"key":"Anchor"},{"floor":27,"key":"Bottled Tornado"},{"floor":31,"key":"Nunchaku"}],"event_choices":[{"cards_removed":["Inflame"],"damage_healed":0,"gold_gain":0,"player_choice":"Took Card","damage_taken":0,"max_hp_gain":0,"max_hp_loss":0,"event_name":"NoteForYourself","floor":2,"gold_loss":0,"cards_obtained":["Inflame"]},{"cards_removed":["Strike_R"],"damage_healed":0,"gold_gain":0,"player_choice":"Upgrade and Remove","damage_taken":0,"max_hp_gain":0,"max_hp_loss":0,"event_name":"Designer","floor":19,"gold_loss":90,"cards_upgraded":["Pommel Strike"]},{"damage_healed":0,"gold_gain":0,"player_choice":"Opened","damage_taken":0,"relics_obtained":["PreservedInsect"],"max_hp_gain":0,"max_hp_loss":0,"event_name":"The Mausoleum","floor":22,"gold_loss":0,"cards_obtained":["Writhe"]},{"damage_healed":0,"gold_gain":0,"player_choice":"Fought Bandits","damage_taken":0,"max_hp_gain":0,"max_hp_loss":0,"event_name":"Masked Bandits","floor":24,"gold_loss":0}],"is_beta":false,"boss_relics":[{"not_picked":["Runic Dome","Pandora\u0027s Box"],"picked":"Empty Cage"}],"items_purged_floors":[],"is_endless":false,"potions_floor_spawned":[4,5,10,11,12,14,21,31],"killed_by":"Champ","ascension_level":0}}