{"host":"vyiqbz5w606ur92t","time":1613499275,"event":{"mods":["BaseMod","Downfall","Minty Spire (QoL Compilation)","Relic Stats","StSLib"],"gold_per_floor":[99,118,129,129,129,155,208,219,241,241,141,169,187,97,111,209,209,209,226,240,240,250,277,277,227,244,144,173,185,185,213,227,325,325,325,341,351,351,144,144,193,238,258,158,193,193,39,51,64,64,64,93,19,19,19,19],"floor_reached":57,"language":"ENG","playtime":6361,"items_purged":["Pain"],"score":1795,"play_id":"80666fb4-93bd-4684-99f6-e4169c47a2e9","local_time":"20210216181435","is_ascension_mode":true,"campfire_choices":[{"floor":1.0,"key":"RECALL"},{"floor":11.0,"key":"REST"},{"floor":18.0,"key":"DIG"},{"floor":27,"key":"DIG"},{"floor":30,"key":"DIG"},{"floor":35,"key":"DIG"},{"floor":44,"key":"DIG"},{"floor":46,"key":"DIG"},{"floor":54,"key":"DIG"}],"circlet_count":0,"master_deck":["sneckomod:Defend","sneckomod:Defend","sneckomod:Defend","sneckomod:TailWhip","sneckomod:SnekBite","sneckomod:Unknown","sneckomod:Unknown","sneckomod:UnknownUncommonSkill","sneckomod:QuickBite","sneckomod:WideSting","sneckomod:UnknownClassRED","sneckomod:QuickMove","sneckomod:Rotation","sneckomod:Nope","sneckomod:DiceCrush","sneckomod:UnknownUncommonPower","sneckomod:SnakeSap","sneckomod:SoulExchange","sneckomod:ImprovisedGuard+1","sneckomod:SerpentMind+1","sneckomod:SoulExchange+1","sneckomod:SlitherStrike+1","sneckomod:SoulRoll","sneckomod:UnendingSupply","sneckomod:UnendingSupply+1","sneckomod:Unknown2Cost","sneckomod:PureSnecko","sneckomod:UnknownClassRED+1","sneckomod:SoulDraw","sneckomod:UnknownStrength+1","sneckomod:UnknownRareAttack","sneckomod:SoulRoll","sneckomod:DiceCrush+1","sneckomod:UnknownExhaust+1","sneckomod:UnknownUncommonPower","sneckomod:Unknown3Cost","sneckomod:UnknownUncommonPower","sneckomod:UnknownDraw+1","sneckomod:SerpentIdol+1","sneckomod:UnknownRareAttack+1","sneckomod:UnknownRareSkill","sneckomod:UnknownRarePower","sneckomod:UnknownBoss","sneckomod:QuickBite+1","bronze:FunctionCard","sneckomod:UnknownWeak+1","sneckomod:CheapStock"],"relics":["Fusion Hammer","Mercury Hourglass","sneckomod:SneckoCommon","Odd Mushroom","WarpedTongs","downfall:HeartBlessingRed","Shovel","Astrolabe","Bag of Marbles","Juzu Bracelet","Ice Cream","downfall:HeartBlessingGreen","Vajra","sneckomod:LoadedDie","sneckomod:ConfusingCodex","StrikeDummy","Snecko Eye","CaptainsWheel","bronze:BronzeIdol","sneckomod:SuperSneckoEye","downfall:HeartBlessingBlue","Molten Egg 2","Pocketwatch","Shuriken","sneckomod:RareBoosterPack","Happy Flower","Ornamental Fan"],"acts_visited":["Exordium","TheCity","TheBeyond","TheEnding"],"potions_floor_usage":[23,28,32,32,50,55,56,56],"damage_taken":[{"damage":4.0,"enemies":"Jaw Worm","floor":2.0,"turns":2.0},{"damage":7.0,"enemies":"2 Louse","floor":3.0,"turns":3.0},{"damage":33.0,"enemies":"Gremlin Nob","floor":6.0,"turns":6.0},{"damage":0.0,"enemies":"Small Slimes","floor":8.0,"turns":2.0},{"damage":1.0,"enemies":"The Mushroom Lair","floor":9.0,"turns":3.0},{"damage":3.0,"enemies":"Lagavulin","floor":12.0,"turns":4.0},{"damage":11.0,"enemies":"Red Slaver","floor":13.0,"turns":3.0},{"damage":1.0,"enemies":"downfall:FleeingMerchant","floor":14.0,"turns":4.0},{"damage":0.0,"enemies":"3 Louse","floor":15.0,"turns":2.0},{"damage":29.0,"enemies":"IC_STATUS_ARCHETYPE","floor":16.0,"turns":6.0},{"damage":22.0,"enemies":"Chosen","floor":19.0,"turns":5.0},{"damage":0.0,"enemies":"downfall:LooterAlt2","floor":20.0,"turns":4.0},{"damage":5,"enemies":"Centurion and Healer","floor":22,"turns":4},{"damage":0,"enemies":"Gremlin Leader","floor":23,"turns":4},{"damage":22,"enemies":"Snake Plant","floor":26,"turns":4},{"damage":10,"enemies":"Slavers","floor":28,"turns":4},{"damage":0,"enemies":"Snecko","floor":29,"turns":1},{"damage":2,"enemies":"Gremlin Leader","floor":31,"turns":4},{"damage":15,"enemies":"Shelled Parasite and Fungi","floor":32,"turns":2},{"damage":12,"enemies":"SI_MIRROR_ARCHETYPE","floor":33,"turns":4},{"damage":2,"enemies":"3 Darklings","floor":36,"turns":4},{"damage":0,"enemies":"3 Shapes","floor":37,"turns":1},{"damage":7,"enemies":"downfall:FleeingMerchant","floor":39,"turns":4},{"damage":0,"enemies":"downfall:FleeingMerchant","floor":42,"turns":1},{"damage":12,"enemies":"Transient","floor":43,"turns":5},{"damage":14,"enemies":"Reptomancer","floor":45,"turns":3},{"damage":0,"enemies":"Writhing Mass","floor":48,"turns":3},{"damage":0,"enemies":"3 Darklings","floor":49,"turns":3},{"damage":0,"enemies":"WA_ARCHETYPE_DIVINITY","floor":50,"turns":6},{"damage":10,"enemies":"downfall:CharBossMerchant","floor":52,"turns":4},{"damage":6,"enemies":"downfall:NeowBoss","floor":55,"turns":7},{"damage":21,"enemies":"downfall:NeowBossFinal","floor":56,"turns":6}],"seed_played":"-4728418491906506881","potions_obtained":[{"floor":8.0,"key":"champ:CounterPotion"},{"floor":9.0,"key":"sneckomod:DiceRollPotion"},{"floor":12.0,"key":"Weak Potion"},{"floor":15.0,"key":"Ancient Potion"},{"floor":16.0,"key":"Swift Potion"},{"floor":19.0,"key":"AttackPotion"},{"floor":20.0,"key":"Energy Potion"},{"floor":23,"key":"Strength Potion"},{"floor":28,"key":"Strength Potion"},{"floor":29,"key":"GamblersBrew"},{"floor":45,"key":"Swift Potion"},{"floor":48,"key":"ColorlessPotion"},{"floor":52,"key":"AttackPotion"}],"is_trial":false,"path_per_floor":["R","M","M","?","?","E","T","M","?","?","R","E","M","$","M","B",null,"R","M","M","?","M","E","T","?","M","R","E","M","R","E","M","B",null,"R","M","M","?","$","?","T","$","M","R","E","R","$","M","M","B",null,"E","$","R","B","B",null],"character_chosen":"THE_SNECKO","items_purchased":["bronze:BronzeIdol","sneckomod:UnknownUncommonPower","sneckomod:SuperSneckoEye","sneckomod:UnknownUncommonPower","sneckomod:RareBoosterPack","sneckomod:CheapStock"],"campfire_rested":1,"item_purchase_floors":[39,39,42,42,47,53],"current_hp_per_floor":[81,77,70,75,75,42,42,42,41,41,69,66,55,54,54,25,78,78,56,56,56,51,51,51,85,63,63,78,78,78,76,61,49,84,84,82,82,82,81,81,81,81,69,79,65,65,65,65,65,84,100,90,90,90,84,63],"gold":19,"neow_bonus":"BOSS_RELIC","is_daily":false,"chose_seed":false,"campfire_upgraded":0,"win_rate":0.0,"timestamp":1613499275,"path_taken":["R","M","M","?","?","E","T","M","?","?","R","E","?","$","M","BOSS","R","M","M","?","M","E","T","?","M","R","E","M","R","E","M","BOSS","R","M","M","?","$","?","T","$","M","R","E","R","?","M","M","BOSS","E","$","R","BOSS","BOSS"],"items_purchased_type":["Relic","Card","Relic","Card","Relic","Card"],"build_version":"2020-12-22","purchased_purges":1,"victory":true,"max_hp_per_floor":[90,90,90,95,95,95,95,95,95,95,95,95,95,95,95,95,95,95,95,95,95,95,95,95,95,95,95,95,95,95,95,95,95,95,95,95,95,95,95,95,95,95,95,105,105,105,105,105,105,105,105,105,105,105,105,105],"relic_stats":{"Shovel":7,"Happy Flower":[4],"counters":[32,118],"Shuriken":[24],"Ornamental Fan":[44],"Astrolabe":["sneckomod:ImprovisedGuard","sneckomod:SerpentMind","sneckomod:SoulExchange"],"Snecko Eye":[118,134,144,130],"Juzu Bracelet":1,"obtain_stats":[{"Ice Cream":24,"sneckomod:SneckoCommon":7,"sneckomod:LoadedDie":28,"Vajra":27,"downfall:HeartBlessingGreen":27,"Juzu Bracelet":23,"sneckomod:SneckoSoul":0,"Shovel":12,"sneckomod:ConfusingCodex":30,"downfall:HeartBlessingBlue":44,"Fusion Hammer":0,"sneckomod:RareBoosterPack":47,"downfall:HeartBlessingRed":11,"Happy Flower":52,"Astrolabe":17,"sneckomod:SuperSneckoEye":42,"Odd Mushroom":9,"Mercury Hourglass":6,"WarpedTongs":10,"bronze:BronzeIdol":39,"CaptainsWheel":35,"Shuriken":46,"Ornamental Fan":54,"Snecko Eye":34,"Molten Egg 2":44,"Bag of Marbles":18,"StrikeDummy":31,"Pocketwatch":45},{"Ice Cream":14,"sneckomod:SneckoCommon":3,"sneckomod:LoadedDie":16,"Vajra":15,"downfall:HeartBlessingGreen":15,"Juzu Bracelet":14,"sneckomod:SneckoSoul":0,"Shovel":6,"sneckomod:ConfusingCodex":17,"downfall:HeartBlessingBlue":25,"Fusion Hammer":0,"sneckomod:RareBoosterPack":26,"downfall:HeartBlessingRed":5,"Happy Flower":30,"Astrolabe":10,"sneckomod:SuperSneckoEye":24,"Odd Mushroom":5,"Mercury Hourglass":3,"WarpedTongs":5,"bronze:BronzeIdol":23,"CaptainsWheel":20,"Shuriken":26,"Ornamental Fan":30,"Snecko Eye":20,"Molten Egg 2":25,"Bag of Marbles":10,"StrikeDummy":18,"Pocketwatch":26},{"Ice Cream":52,"sneckomod:SneckoCommon":11,"sneckomod:LoadedDie":60,"Vajra":56,"downfall:HeartBlessingGreen":56,"Juzu Bracelet":52,"sneckomod:SneckoSoul":0,"Shovel":20,"sneckomod:ConfusingCodex":61,"downfall:HeartBlessingBlue":86,"Fusion Hammer":0,"sneckomod:RareBoosterPack":89,"downfall:HeartBlessingRed":16,"Happy Flower":105,"Astrolabe":35,"sneckomod:SuperSneckoEye":81,"Odd Mushroom":16,"Mercury Hourglass":11,"WarpedTongs":16,"bronze:BronzeIdol":80,"CaptainsWheel":71,"Shuriken":89,"Ornamental Fan":105,"Snecko Eye":71,"Molten Egg 2":86,"Bag of Marbles":35,"StrikeDummy":65,"Pocketwatch":89}],"Mercury Hourglass":[346],"WarpedTongs":[102],"Pocketwatch":[0]},"card_choices":[{"not_picked":["sneckomod:IronFang","sneckomod:UnknownCommonSkill"],"picked":"sneckomod:UnknownUncommonSkill","floor":2.0},{"not_picked":["sneckomod:Unknown1Cost","sneckomod:DiceBlock"],"picked":"sneckomod:QuickBite","floor":3.0},{"not_picked":["sneckomod:DiceBlock","sneckomod:UnknownCommonAttack"],"picked":"sneckomod:WideSting","floor":6.0},{"not_picked":["sneckomod:UnknownStrike","sneckomod:UnknownCommonAttack"],"picked":"sneckomod:QuickMove","floor":8.0},{"not_picked":["sneckomod:UnknownX","sneckomod:QuickMove"],"picked":"sneckomod:Rotation","floor":9.0},{"not_picked":["sneckomod:DefensiveFlair","sneckomod:Unknown1Cost"],"picked":"sneckomod:Nope","floor":12.0},{"not_picked":["sneckomod:QuickMove","sneckomod:DefensiveFlair"],"picked":"sneckomod:DiceCrush","floor":13.0},{"not_picked":["sneckomod:Unknown1Cost","sneckomod:DangerNoodle"],"picked":"sneckomod:UnknownUncommonPower","floor":14.0},{"not_picked":["sneckomod:DiceCrush","sneckomod:SerpentIdol"],"picked":"sneckomod:SnakeSap","floor":15.0},{"not_picked":["sneckomod:Restock","sneckomod:DangerNoodle"],"picked":"sneckomod:SoulExchange","floor":16.0},{"not_picked":["sneckomod:SoulRoll","sneckomod:UnknownClassRED"],"picked":"sneckomod:SlitherStrike+1","floor":19.0},{"not_picked":["sneckomod:IronFang","sneckomod:UnknownUncommonAttack"],"picked":"sneckomod:SoulRoll","floor":20.0},{"not_picked":["sneckomod:UnknownClassTHE_BRONZE_AUTOMATON","sneckomod:SlitherStrike"],"picked":"sneckomod:UnendingSupply+1","floor":22},{"not_picked":["sneckomod:Nope","sneckomod:Memorize+1","sneckomod:ImprovisedGuard"],"picked":"SKIP","floor":23},{"not_picked":["sneckomod:UnknownClassTHE_BRONZE_AUTOMATON","sneckomod:Nope+1"],"picked":"sneckomod:Unknown2Cost","floor":26},{"not_picked":["sneckomod:Rotation","sneckomod:UnknownCommonSkill+1"],"picked":"sneckomod:PureSnecko","floor":28},{"not_picked":["sneckomod:UnknownX","sneckomod:MixItUp"],"picked":"sneckomod:UnknownClassRED+1","floor":29},{"not_picked":["sneckomod:UnknownCommonSkill+1","sneckomod:UnknownClassTHE_BRONZE_AUTOMATON"],"picked":"sneckomod:SoulDraw","floor":31},{"not_picked":["sneckomod:PureSnecko","sneckomod:IronFang"],"picked":"sneckomod:UnknownStrength+1","floor":32},{"not_picked":["sneckomod:SerpentMind","sneckomod:GlitteringGambit"],"picked":"sneckomod:UnknownRareAttack","floor":33},{"not_picked":["sneckomod:IronFang","sneckomod:UnknownClassTHE_BRONZE_AUTOMATON+1"],"picked":"sneckomod:SoulRoll","floor":36},{"not_picked":["sneckomod:Nope+1","sneckomod:QuickBite"],"picked":"sneckomod:DiceCrush+1","floor":37},{"not_picked":["sneckomod:Unknown1Cost+1","sneckomod:RainOfDice+1"],"picked":"sneckomod:UnknownExhaust+1","floor":39},{"not_picked":["sneckomod:PureSnecko","sneckomod:UnknownBoss"],"picked":"sneckomod:Unknown3Cost","floor":42},{"not_picked":["sneckomod:IronFang","sneckomod:WideSting+1"],"picked":"sneckomod:UnknownDraw+1","floor":43},{"not_picked":["sneckomod:UnknownExhaust+1","sneckomod:UnknownStrike+1"],"picked":"sneckomod:SerpentIdol+1","floor":45},{"not_picked":["sneckomod:RainOfDice+1","sneckomod:IronFang+1"],"picked":"sneckomod:UnknownBoss","floor":48},{"not_picked":["sneckomod:Unknown1Cost+1","sneckomod:MasterEye"],"picked":"sneckomod:QuickBite+1","floor":49},{"not_picked":["sneckomod:Unknown1Cost","sneckomod:QuickBite+1"],"picked":"sneckomod:UnknownWeak+1","floor":52}],"player_experience":1804588,"relics_obtained":[{"floor":6.0,"key":"Mercury Hourglass"},{"floor":7.0,"key":"sneckomod:SneckoCommon"},{"floor":9.0,"key":"Odd Mushroom"},{"floor":12.0,"key":"Shovel"},{"floor":18.0,"key":"Bag of Marbles"},{"floor":23,"key":"Juzu Bracelet"},{"floor":24,"key":"Ice Cream"},{"floor":27,"key":"Vajra"},{"floor":28,"key":"sneckomod:LoadedDie"},{"floor":30,"key":"sneckomod:ConfusingCodex"},{"floor":31,"key":"StrikeDummy"},{"floor":35,"key":"CaptainsWheel"},{"floor":44,"key":"Molten Egg 2"},{"floor":45,"key":"Pocketwatch"},{"floor":46,"key":"Shuriken"},{"floor":52,"key":"Happy Flower"},{"floor":54,"key":"Ornamental Fan"}],"event_choices":[{"damage_healed":0.0,"max_hp_gain":5.0,"max_hp_loss":0.0,"gold_gain":0.0,"event_name":"Big Fish","player_choice":"Donut","floor":4.0,"gold_loss":0.0,"damage_taken":0.0},{"damage_healed":0.0,"max_hp_gain":0.0,"max_hp_loss":0.0,"gold_gain":0.0,"event_name":"Mushrooms","player_choice":"Fought Mushrooms","floor":9.0,"gold_loss":0.0,"damage_taken":0.0},{"damage_healed":0.0,"max_hp_gain":0.0,"max_hp_loss":0.0,"gold_gain":0.0,"event_name":"Accursed Blacksmith","player_choice":"Rummage","floor":10.0,"gold_loss":0.0,"damage_taken":0.0,"relics_obtained":["WarpedTongs"],"cards_obtained":["Pain"]},{"damage_healed":0.0,"max_hp_gain":0.0,"max_hp_loss":0.0,"gold_gain":0.0,"event_name":"The Library","player_choice":"Read","floor":21.0,"gold_loss":0.0,"damage_taken":0.0,"cards_obtained":["sneckomod:UnendingSupply"]}],"is_beta":false,"boss_relics":[{"not_picked":["Calling Bell","Velvet Choker"],"picked":"Astrolabe"},{"not_picked":["Empty Cage","Runic Dome"],"picked":"Snecko Eye"}],"items_purged_floors":[14],"is_endless":false,"potions_floor_spawned":[8,9,12,15,16,19,20,23,28,29,45,48,52],"ascension_level":7}}