{"host":"6ulps5ednfgqn0to","time":1613477595,"event":{"mods":["AchievementEnabler","BaseMod","Colored Map","Highlight Path","Minty Spire (QoL Compilation)","Relic Sorter","Relic Stats","StSLib"],"gold_per_floor":[115,131,148,162,174,174,174,202,202,227,246,246,196,240,240,240,240],"floor_reached":16,"language":"ENG","playtime":747,"items_purged":[],"score":154,"play_id":"a286f178-2290-4125-b010-a8cc909e36bb","local_time":"20210216141315","is_ascension_mode":true,"campfire_choices":[{"data":"Eruption","floor":6,"key":"SMITH"},{"floor":15,"key":"REST"}],"circlet_count":0,"master_deck":["Strike_P","Strike_P","Strike_P","Strike_P","Defend_P","Defend_P","Defend_P","Eruption+1","Vigilance","Sanctity","PathToVictory+1","Tantrum","FlurryOfBlows","TalkToTheHand","ClearTheMind","JustLucky","Wallop"],"relics":["Busted Crown","Pear","Orichalcum","Juzu Bracelet","Golden Idol","Frozen Egg 2"],"acts_visited":["Exordium"],"potions_floor_usage":[8,16,16],"damage_taken":[{"damage":4,"enemies":"2 Louse","floor":1,"turns":3},{"damage":0,"enemies":"Small Slimes","floor":2,"turns":3},{"damage":1,"enemies":"Jaw Worm","floor":3,"turns":4},{"damage":0,"enemies":"Looter","floor":4,"turns":4},{"damage":19,"enemies":"Gremlin Gang","floor":5,"turns":4},{"damage":0,"enemies":"Gremlin Nob","floor":8,"turns":3},{"damage":8,"enemies":"Lagavulin","floor":10,"turns":4},{"damage":0,"enemies":"Large Slime","floor":11,"turns":3},{"damage":38,"enemies":"3 Sentries","floor":14,"turns":7},{"damage":48,"enemies":"The Guardian","floor":16,"turns":8}],"seed_played":"-4216211032311483728","potions_obtained":[{"floor":1,"key":"Dexterity Potion"},{"floor":4,"key":"FearPotion"},{"floor":5,"key":"SteroidPotion"},{"floor":8,"key":"SpeedPotion"}],"is_trial":false,"path_per_floor":["M","M","M","M","M","R","?","E","T","E","M","?","?","E","R","B"],"character_chosen":"WATCHER","items_purchased":[],"campfire_rested":1,"item_purchase_floors":[],"current_hp_per_floor":[68,68,67,67,48,48,48,58,58,50,50,50,50,12,34,0,0],"gold":240,"neow_bonus":"BOSS_RELIC","is_daily":false,"chose_seed":false,"campfire_upgraded":1,"win_rate":0.0,"timestamp":1613477595,"path_taken":["M","M","M","M","M","R","?","E","T","E","M","?","?","E","R","BOSS"],"items_purchased_type":[],"build_version":"2020-12-22","purchased_purges":0,"victory":false,"max_hp_per_floor":[72,72,72,72,72,72,72,82,82,82,82,76,76,76,76,76,76],"relic_stats":{"Busted Crown":18,"counters":[10,43],"Golden Idol":9,"Juzu Bracelet":0,"Orichalcum":[6],"obtain_stats":[{"Busted Crown":0,"Pear":8,"Golden Idol":12,"Juzu Bracelet":10,"PureWater":0,"Orichalcum":9,"Frozen Egg 2":14},{"Busted Crown":0,"Pear":6,"Golden Idol":8,"Juzu Bracelet":7,"PureWater":0,"Orichalcum":6,"Frozen Egg 2":9},{"Busted Crown":0,"Pear":21,"Golden Idol":28,"Juzu Bracelet":25,"PureWater":0,"Orichalcum":21,"Frozen Egg 2":35}]},"card_choices":[{"not_picked":[],"picked":"Sanctity","floor":1},{"not_picked":[],"picked":"PathToVictory","floor":2},{"not_picked":["FlyingSleeves"],"picked":"SKIP","floor":3},{"not_picked":[],"picked":"Tantrum","floor":4},{"not_picked":[],"picked":"FlurryOfBlows","floor":5},{"not_picked":[],"picked":"TalkToTheHand","floor":8},{"not_picked":[],"picked":"ClearTheMind","floor":10},{"not_picked":[],"picked":"JustLucky","floor":11},{"not_picked":[],"picked":"Wallop","floor":14}],"player_experience":34686,"relics_obtained":[{"floor":8,"key":"Pear"},{"floor":9,"key":"Orichalcum"},{"floor":10,"key":"Juzu Bracelet"},{"floor":14,"key":"Frozen Egg 2"}],"event_choices":[{"damage_healed":0,"gold_gain":0,"player_choice":"Grow","damage_taken":0,"max_hp_gain":0,"max_hp_loss":0,"event_name":"Living Wall","floor":7,"gold_loss":0,"cards_upgraded":["PathToVictory"]},{"damage_healed":0,"gold_gain":0,"player_choice":"Lose Max HP","damage_taken":0,"relics_obtained":["Golden Idol"],"max_hp_gain":0,"max_hp_loss":6,"event_name":"Golden Idol","floor":12,"gold_loss":0},{"cards_removed":["Defend_P"],"damage_healed":0,"gold_gain":0,"player_choice":"Card Removal","damage_taken":0,"max_hp_gain":0,"max_hp_loss":0,"event_name":"The Cleric","floor":13,"gold_loss":50}],"is_beta":false,"boss_relics":[],"items_purged_floors":[],"is_endless":false,"potions_floor_spawned":[1,4,5,8],"killed_by":"The Guardian","ascension_level":1}}