{"host":"t1puqh5lxz8sp6fn","time":1613449155,"event":{"mods":["AchievementEnabler","BaseMod","Colored Powertips","Minty Spire (QoL Compilation)","Rare Cards Sparkle","Relic Stats","StSLib"],"gold_per_floor":[116,131,149,149,165,165,185,185,185,217,67,81,98,115,115,187,187,199,199,121,135,54,85,85,111,111,161,181,181,181,196,196,196,196],"floor_reached":33,"playtime":1188,"items_purged":[],"score":681,"play_id":"a8137a0e-d6c3-4a0a-b39a-9e33f5e1ebfe","local_time":"20210216011915","is_ascension_mode":true,"campfire_choices":[{"data":"Lockon","floor":6.0,"key":"SMITH"},{"data":"Beam Cell","floor":8.0,"key":"SMITH"},{"data":"Doom and Gloom","floor":15.0,"key":"SMITH"},{"floor":24.0,"key":"REST"},{"data":"Fission","floor":30.0,"key":"SMITH"},{"data":"Defragment","floor":32.0,"key":"SMITH"}],"circlet_count":0,"master_deck":["AscendersBane","Strike_B","Strike_B","Strike_B","Defend_B","Defend_B","Defend_B","Defend_B","Zap","Dualcast","Beam Cell+1","Streamline","Lockon+1","Glacier","Coolheaded","Double Energy","BootSequence","Doom and Gloom+1","Self Repair","Go for the Eyes","Machine Learning","Core Surge","Ball Lightning+1","Defragment+1","Fission+1","Undo+1","Sweeping Beam+1","Stack"],"relics":["Cracked Core","Ancient Tea Set","FaceOfCleric","Regal Pillow","Black Star","Mercury Hourglass","Thread and Needle","Pantograph","Tiny Chest","Letter Opener"],"acts_visited":["Exordium","TheCity"],"potions_floor_usage":[],"damage_taken":[{"damage":0.0,"enemies":"Cultist","floor":1.0,"turns":3.0},{"damage":4.0,"enemies":"2 Louse","floor":2.0,"turns":2.0},{"damage":0.0,"enemies":"Small Slimes","floor":3.0,"turns":3.0},{"damage":28.0,"enemies":"Exordium Thugs","floor":5.0,"turns":5.0},{"damage":2.0,"enemies":"3 Louse","floor":7.0,"turns":3.0},{"damage":15.0,"enemies":"3 Sentries","floor":10.0,"turns":11.0},{"damage":1.0,"enemies":"Looter","floor":12.0,"turns":2.0},{"damage":0.0,"enemies":"Large Slime","floor":13.0,"turns":6.0},{"damage":0.0,"enemies":"3 Louse","floor":14.0,"turns":2.0},{"damage":14.0,"enemies":"Slime Boss","floor":16.0,"turns":8.0},{"damage":0.0,"enemies":"Chosen","floor":18.0,"turns":4.0},{"damage":10.0,"enemies":"2 Thieves","floor":21.0,"turns":3.0},{"damage":58.0,"enemies":"Book of Stabbing","floor":23.0,"turns":6.0},{"damage":23.0,"enemies":"Slavers","floor":25.0,"turns":7.0},{"damage":7.0,"enemies":"Centurion and Healer","floor":28.0,"turns":5.0},{"damage":0.0,"enemies":"Snecko","floor":31.0,"turns":4.0},{"damage":73,"enemies":"Collector","floor":33,"turns":5}],"seed_played":"7481564550987990790","potions_obtained":[{"floor":2.0,"key":"SpeedPotion"},{"floor":3.0,"key":"Block Potion"},{"floor":10.0,"key":"SkillPotion"},{"floor":13.0,"key":"AttackPotion"},{"floor":18.0,"key":"SneckoOil"},{"floor":21.0,"key":"Swift Potion"}],"is_trial":false,"path_per_floor":["M","M","M","?","M","R","M","R","T","E","$","M","M","M","R","B",null,"M","?","$","M","$","E","R","E","T","?","M","?","R","M","R","B"],"character_chosen":"DEFECT","items_purchased":["BootSequence","Doom and Gloom","Strength Potion","Core Surge","Defragment"],"campfire_rested":1,"item_purchase_floors":[11,11,11,20,22],"current_hp_per_floor":[64,60,60,60,33,33,32,32,32,18,18,18,26,34,34,28,66,74,74,74,65,65,15,54,39,39,39,40,40,40,48,48,0,0],"gold":196,"neow_bonus":"RANDOM_COMMON_RELIC","is_daily":false,"chose_seed":false,"campfire_upgraded":5,"win_rate":0.0,"timestamp":1613449155,"path_taken":["M","M","?","?","M","R","?","R","T","E","$","M","M","M","R","BOSS","M","?","?","M","$","E","R","E","T","?","M","?","R","M","R","BOSS"],"items_purchased_type":["Card","Card","Potion","Card","Card"],"build_version":"2020-12-13","purchased_purges":0,"victory":false,"max_hp_per_floor":[71,71,71,71,72,72,73,73,73,74,74,75,76,77,77,78,78,79,79,79,80,80,81,81,82,82,82,83,83,83,84,84,84,84],"relic_stats":{"Regal Pillow":15,"FaceOfCleric":13,"counters":[17,79],"Pantograph":25,"Tiny Chest":0,"Black Star":2,"Letter Opener":[38],"obtain_stats":[{"Regal Pillow":10,"FaceOfCleric":4,"Pantograph":25,"Thread and Needle":23,"Tiny Chest":25,"Black Star":17,"Letter Opener":26,"Cracked Core":0,"Ancient Tea Set":0,"Mercury Hourglass":23},{"Regal Pillow":6,"FaceOfCleric":3,"Pantograph":14,"Thread and Needle":13,"Tiny Chest":14,"Black Star":10,"Letter Opener":14,"Cracked Core":0,"Ancient Tea Set":0,"Mercury Hourglass":13},{"Regal Pillow":27,"FaceOfCleric":8,"Pantograph":65,"Thread and Needle":58,"Tiny Chest":65,"Black Star":45,"Letter Opener":65,"Cracked Core":0,"Ancient Tea Set":0,"Mercury Hourglass":58}],"Mercury Hourglass":[109]},"card_choices":[{"not_picked":["Hologram","Darkness"],"picked":"Beam Cell","floor":1.0},{"not_picked":["Heatsinks","Double Energy"],"picked":"Streamline","floor":2.0},{"not_picked":["Streamline","Compile Driver"],"picked":"Lockon","floor":3.0},{"not_picked":["Beam Cell","White Noise"],"picked":"Glacier","floor":5.0},{"not_picked":["Cold Snap","Hologram"],"picked":"Coolheaded","floor":7.0},{"not_picked":["Reprogram","Hyperbeam"],"picked":"Double Energy","floor":10.0},{"not_picked":["Beam Cell","Rebound"],"picked":"Self Repair","floor":12.0},{"not_picked":["Turbo","Ball Lightning","Blizzard"],"picked":"SKIP","floor":13.0},{"not_picked":["Turbo","Ball Lightning","Blizzard"],"picked":"SKIP","floor":13.0},{"not_picked":["Conserve Battery","Coolheaded"],"picked":"Go for the Eyes","floor":14.0},{"not_picked":["Seek","Thunder Strike"],"picked":"Machine Learning","floor":16.0},{"not_picked":["Compile Driver","Cold Snap","Go for the Eyes"],"picked":"SKIP","floor":18.0},{"not_picked":["Barrage+1","Coolheaded"],"picked":"Ball Lightning+1","floor":21.0},{"not_picked":["BootSequence","Rip and Tear"],"picked":"Fission","floor":23.0},{"not_picked":["Melter","Leap"],"picked":"Undo+1","floor":25.0},{"not_picked":["Reinforced Body","Static Discharge"],"picked":"Sweeping Beam+1","floor":28.0},{"not_picked":["Steam","Turbo"],"picked":"Stack","floor":31.0}],"player_experience":531202,"relics_obtained":[{"floor":10.0,"key":"Regal Pillow"},{"floor":23.0,"key":"Mercury Hourglass"},{"floor":23.0,"key":"Thread and Needle"},{"floor":25.0,"key":"Pantograph"},{"floor":25.0,"key":"Tiny Chest"},{"floor":26.0,"key":"Letter Opener"}],"event_choices":[{"damage_healed":0.0,"max_hp_gain":0.0,"max_hp_loss":0.0,"gold_gain":0.0,"event_name":"FaceTrader","player_choice":"Trade","floor":4.0,"gold_loss":0.0,"damage_taken":0.0,"relics_obtained":["FaceOfCleric"]},{"cards_removed":["Strike_B"],"damage_healed":0.0,"max_hp_gain":0.0,"max_hp_loss":0.0,"gold_gain":0.0,"event_name":"Bonfire Elementals","player_choice":"Offered Basic","floor":19.0,"gold_loss":0.0,"damage_taken":0.0},{"damage_healed":0.0,"max_hp_gain":0.0,"max_hp_loss":0.0,"gold_gain":50.0,"event_name":"Nest","player_choice":"Stole From Cult","floor":27.0,"gold_loss":0.0,"damage_taken":0.0},{"damage_healed":0.0,"max_hp_gain":0.0,"max_hp_loss":0.0,"gold_gain":0.0,"event_name":"The Mausoleum","player_choice":"Ignored","floor":29.0,"gold_loss":0.0,"damage_taken":0.0}],"is_beta":false,"boss_relics":[{"not_picked":["Sozu","FrozenCore"],"picked":"Black Star"}],"items_purged_floors":[],"is_endless":false,"potions_floor_spawned":[2,3,10,13,14,18,21],"killed_by":"Collector","ascension_level":15}}