{"host":"9qgbal69wq5palas","time":1613480989,"event":{"mods":["2.2 Compatiblity","Abigail Mod","AchievementEnabler","Act Like it!","Aspiration","Astrologer","Bartender","BaseMod","Better Altar","Better Note","Better Skull","Better Third Choice","Colored Powertips","Hallownest","Hermit","Highlight Path","Hubris","Infinite Spire","Jorbs\u0027s Wanderer Trilogy","Koishi","Lobotomy","Minty Spire (QoL Compilation)","Potionbrewer","Quick Restart","Random Character Button","Replay The Spire","Shade Mod","Shop Mod","Spicy Shops","StSLib","The Animator","The Bug Knight","The Cursed","The Disciple","The Exalted","The Hierophant","The Necromancer","The Servant 0.9.4","Wandering Minibosses"],"gold_per_floor":[116,23,34,46,56,85,103,133,133,133,133],"floor_reached":10,"language":"ENG","playtime":566,"items_purged":[],"score":92,"play_id":"ee511d92-4d3c-48a6-befd-cf2cbbc602fd","local_time":"20210216140949","is_ascension_mode":true,"campfire_choices":[],"circlet_count":0,"master_deck":["astrologer:Strike","astrologer:Strike","astrologer:Strike","astrologer:Strike","astrologer:Defend","astrologer:Defend","astrologer:Defend","astrologer:Defend","astrologer:NorthStar","astrologer:TheFool","astrologer:Judgement","Mind Blast","astrologer:Strength","astrologer:Opposition","astrologer:Fate","astrologer:Novile"],"relics":["astrologer:SkyMirror","infinitespire:Satchel","hubris:CrystalStatue","hubris:Reverence"],"acts_visited":["Exordium"],"potions_floor_usage":[7,8,8,8],"damage_taken":[{"damage":0,"enemies":"Jaw Worm","floor":1,"turns":4},{"damage":1,"enemies":"Cultist","floor":3,"turns":3},{"damage":0,"enemies":"Small Slimes","floor":4,"turns":2},{"damage":3,"enemies":"Exordium Wildlife","floor":5,"turns":6},{"damage":9,"enemies":"Replay:BlueRogue","floor":6,"turns":6},{"damage":5,"enemies":"Gremlin Gang","floor":7,"turns":5},{"damage":30,"enemies":"Lagavulin","floor":8,"turns":4},{"damage":29,"enemies":"Gremlin Nob","floor":10,"turns":3}],"seed_played":"312910401267009092","potions_obtained":[{"floor":1,"key":"Toxic Potion"},{"floor":3,"key":"GamblersBrew"},{"floor":6,"key":"Block Potion"},{"floor":7,"key":"potionbrewer:AcidPotion"}],"is_trial":false,"path_per_floor":["M","$","M","M","M","E","M","E","T","E"],"character_chosen":"ASTROLOGER","items_purchased":["Mind Blast"],"campfire_rested":0,"item_purchase_floors":[2],"current_hp_per_floor":[77,77,76,76,73,64,59,29,29,0,0],"gold":133,"neow_bonus":"TEN_PERCENT_HP_BONUS","is_daily":false,"chose_seed":false,"campfire_upgraded":0,"win_rate":0.0,"timestamp":1613480989,"path_taken":["M","$","M","M","M","E","M","E","T","E"],"items_purchased_type":["Card"],"build_version":"2020-12-22","purchased_purges":0,"victory":false,"max_hp_per_floor":[77,77,77,77,77,77,77,77,77,77,77],"card_choices":[{"not_picked":["astrologer:Opposition","astrologer:SpaceDust"],"picked":"astrologer:Judgement","floor":1},{"not_picked":["astrologer:Judgement","astrologer:Moonlight"],"picked":"astrologer:Strength","floor":3},{"not_picked":["astrologer:SolarFlare","astrologer:Temperance","astrologer:CometStrike"],"picked":"SKIP","floor":4},{"not_picked":["astrologer:Premeditation","astrologer:ReadTheStars","astrologer:SolarFlare"],"picked":"SKIP","floor":5},{"not_picked":["astrologer:SpaceDust","astrologer:Temperance"],"picked":"astrologer:Opposition","floor":6},{"not_picked":["astrologer:Eclipse","astrologer:CometStrike"],"picked":"astrologer:Fate","floor":7},{"not_picked":["astrologer:StarOfCourage","astrologer:CometStrike"],"picked":"astrologer:Novile","floor":8}],"player_experience":2748118,"relics_obtained":[{"floor":6,"key":"infinitespire:Satchel"},{"floor":8,"key":"hubris:CrystalStatue"},{"floor":9,"key":"hubris:Reverence"}],"event_choices":[],"is_beta":false,"boss_relics":[],"items_purged_floors":[],"is_endless":false,"potions_floor_spawned":[1,3,6,7],"killed_by":"Gremlin Nob","ascension_level":3}}