{"host":"2sct7qpnpunnnd84","time":1613445121,"event":{"mods":["BaseMod","Googly Eyes","Minty Spire (QoL Compilation)","Quick Restart","Shop Mod","StSLib","The IronCluck"],"gold_per_floor":[119,294,244,244,244,284,284,284,284,307,327,301,325,343,343,462,462,481,228,268,230,230,230,255,255,255,255,269,287,305,318,318,439,439,453,453,453,43,43,43,58,58,82,105,118,136,149,28,28,28],"floor_reached":51,"language":"ENG","playtime":4771,"items_purged":[],"score":699,"play_id":"62d00201-312e-471f-b45d-13609110839b","local_time":"20210215191201","is_ascension_mode":false,"campfire_choices":[{"floor":8.0,"key":"REST"},{"data":"Flex","floor":15.0,"key":"SMITH"},{"floor":23.0,"key":"REST"},{"floor":27.0,"key":"REST"},{"floor":32.0,"key":"REST"},{"data":"Apotheosis","floor":40.0,"key":"SMITH"},{"floor":42.0,"key":"REST"},{"floor":49.0,"key":"REST"}],"circlet_count":0,"master_deck":["Strike_R","Strike_R","Strike_R","Strike_R+1","Defend_R","Defend_R","Defend_R","Defend_R","Bash+1","Armaments+1","Injury","Spot Weakness","Flex+1","Inflame","Inflame","Juggernaut","Metallicize","Iron Wave","Fire Breathing","Thunderclap","Rampage+1","Enlightenment","Apotheosis+1","Flex","Iron Wave","Heavy Blade+1","Metallicize+1","Flame Barrier"],"relics":["Burning Blood","NeowsBlessing","Golden Idol","Charon\u0027s Ashes","Singing Bowl","Busted Crown","Lee\u0027s Waffle","Red Mask","Meat on the Bone","Runic Pyramid","ClockworkSouvenir","Anchor"],"acts_visited":["Exordium","TheCity","TheBeyond"],"potions_floor_usage":[50,50],"damage_taken":[{"damage":0.0,"enemies":"Small Slimes","floor":1.0,"turns":1.0},{"damage":0.0,"enemies":"3 Sentries","floor":6.0,"turns":1.0},{"damage":0.0,"enemies":"Jaw Worm","floor":10.0,"turns":1.0},{"damage":5.0,"enemies":"2 Louse","floor":11.0,"turns":2.0},{"damage":7.0,"enemies":"Exordium Thugs","floor":13.0,"turns":5.0},{"damage":5.0,"enemies":"2 Fungi Beasts","floor":14.0,"turns":5.0},{"damage":67.0,"enemies":"The Guardian","floor":16.0,"turns":8.0},{"damage":32.0,"enemies":"3 Byrds","floor":18.0,"turns":6.0},{"damage":46.0,"enemies":"Masked Bandits","floor":20.0,"turns":5.0},{"damage":19.0,"enemies":"Chosen","floor":24.0,"turns":5.0},{"damage":27.0,"enemies":"Snake Plant","floor":28.0,"turns":4.0},{"damage":0.0,"enemies":"Snecko","floor":29.0,"turns":4.0},{"damage":28.0,"enemies":"Centurion and Healer","floor":30.0,"turns":6.0},{"damage":26.0,"enemies":"Snake Plant","floor":31.0,"turns":4.0},{"damage":78.0,"enemies":"Champ","floor":33.0,"turns":8.0},{"damage":7.0,"enemies":"Orb Walker","floor":35.0,"turns":4.0},{"damage":46.0,"enemies":"3 Darklings","floor":41.0,"turns":5.0},{"damage":27.0,"enemies":"Sphere and 2 Shapes","floor":44.0,"turns":5.0},{"damage":18.0,"enemies":"Jaw Worm Horde","floor":45.0,"turns":5.0},{"damage":0.0,"enemies":"Transient","floor":46.0,"turns":5.0},{"damage":18.0,"enemies":"3 Darklings","floor":47.0,"turns":4.0},{"damage":79,"enemies":"Awakened One","floor":50,"turns":8}],"seed_played":"3439196553221159808","potions_obtained":[{"floor":1.0,"key":"SkillPotion"},{"floor":16.0,"key":"FearPotion"},{"floor":20.0,"key":"BlessingOfTheForge"},{"floor":24.0,"key":"Energy Potion"},{"floor":30.0,"key":"PowerPotion"},{"floor":33.0,"key":"Weak Potion"},{"floor":41.0,"key":"GamblersBrew"},{"floor":44.0,"key":"Energy Potion"},{"floor":45.0,"key":"Fruit Juice"}],"is_trial":false,"path_per_floor":["M","?","?","?","?","E","?","R","T","M","M","$","M","M","R","B",null,"M","$","?","$","?","R","M","?","T","R","M","M","M","M","R","B",null,"M","?","?","$","$","R","M","R","T","M","M","M","M","$","R","B",null],"character_chosen":"IRONCLAD","items_purchased":["Flex","Lee\u0027s Waffle","Metallicize","Iron Wave","Fire Breathing","Apotheosis","Flex","Iron Wave","ClockworkSouvenir","Flame Barrier","PowerPotion"],"campfire_rested":6,"item_purchase_floors":[12,19,19,19,21,38,38,38,38,48,48],"current_hp_per_floor":[80,80,80,64,64,70,70,80,80,82,82,82,81,82,82,21,82,58,91,53,53,53,80,69,69,69,95,76,82,62,56,86,28,103,104,104,104,104,104,104,64,95,95,76,69,77,67,67,101,40],"gold":28,"neow_bonus":"THREE_ENEMY_KILL","is_daily":false,"chose_seed":false,"campfire_upgraded":2,"win_rate":0.0,"timestamp":1613445121,"path_taken":["M","?","?","?","?","E","?","R","T","M","M","$","M","M","R","BOSS","M","$","?","?","?","R","M","?","T","R","?","M","M","M","R","BOSS","M","?","?","?","$","R","M","R","T","M","M","M","?","$","R","BOSS"],"items_purchased_type":["Card","Relic","Card","Card","Card","Card","Card","Card","Relic","Card","Potion"],"build_version":"2020-12-22","purchased_purges":0,"victory":true,"max_hp_per_floor":[80,80,80,80,80,80,80,80,80,82,82,82,82,82,82,82,82,84,91,93,93,93,93,95,95,95,95,97,97,99,101,101,103,103,105,105,105,105,105,105,105,105,105,107,112,114,116,116,116,116],"card_choices":[{"not_picked":["Shockwave","Body Slam"],"picked":"Armaments","floor":1.0},{"not_picked":["Seeing Red","Perfected Strike"],"picked":"Infernal Blade","floor":6.0},{"not_picked":["Pummel","Clothesline","Fire Breathing"],"picked":"Singing Bowl","floor":10.0},{"not_picked":["Iron Wave","Infernal Blade"],"picked":"Spot Weakness","floor":11.0},{"not_picked":["Dual Wield","Flame Barrier"],"picked":"Inflame","floor":13.0},{"not_picked":["Rupture","Havoc"],"picked":"Inflame","floor":14.0},{"not_picked":["Berserk","Offering"],"picked":"Juggernaut","floor":16.0},{"not_picked":["Clothesline"],"picked":"Singing Bowl","floor":18.0},{"not_picked":["Seeing Red+1"],"picked":"Singing Bowl","floor":20.0},{"not_picked":["Anger"],"picked":"Singing Bowl","floor":24.0},{"not_picked":["Anger"],"picked":"Singing Bowl","floor":28.0},{"not_picked":[],"picked":"Rampage+1","floor":29.0},{"not_picked":["Rupture"],"picked":"Singing Bowl","floor":30.0},{"not_picked":["Rupture"],"picked":"Singing Bowl","floor":31.0},{"not_picked":["Reaper"],"picked":"Singing Bowl","floor":33.0},{"not_picked":["Clash"],"picked":"Singing Bowl","floor":35.0},{"not_picked":[],"picked":"Enlightenment","floor":37.0},{"not_picked":[],"picked":"Heavy Blade+1","floor":41.0},{"not_picked":["Pommel Strike"],"picked":"Singing Bowl","floor":44.0},{"not_picked":[],"picked":"Metallicize+1","floor":45.0},{"not_picked":["Warcry+1"],"picked":"Singing Bowl","floor":46.0},{"not_picked":["Sword Boomerang+1"],"picked":"Singing Bowl","floor":47.0}],"player_experience":3434743,"relics_obtained":[{"floor":6.0,"key":"Charon\u0027s Ashes"},{"floor":9.0,"key":"Singing Bowl"},{"floor":20.0,"key":"Red Mask"},{"floor":26.0,"key":"Meat on the Bone"},{"floor":43.0,"key":"Anchor"}],"event_choices":[{"damage_healed":0.0,"max_hp_gain":0.0,"max_hp_loss":0.0,"gold_gain":175.0,"event_name":"Liars Game","player_choice":"AGREE","floor":2.0,"gold_loss":0.0,"damage_taken":0.0,"cards_obtained":["Doubt"]},{"cards_removed":["Doubt"],"damage_healed":0.0,"max_hp_gain":0.0,"max_hp_loss":0.0,"gold_gain":0.0,"event_name":"The Cleric","player_choice":"Card Removal","floor":3.0,"gold_loss":50.0,"damage_taken":0.0},{"damage_healed":0.0,"max_hp_gain":0.0,"max_hp_loss":0.0,"gold_gain":0.0,"event_name":"Shining Light","player_choice":"Entered Light","floor":4.0,"gold_loss":0.0,"damage_taken":16.0,"cards_upgraded":["Bash","Strike_R"]},{"damage_healed":0.0,"max_hp_gain":0.0,"max_hp_loss":0.0,"gold_gain":0.0,"event_name":"Golden Idol","player_choice":"Take Wound","floor":5.0,"gold_loss":0.0,"damage_taken":0.0,"relics_obtained":["Golden Idol"],"cards_obtained":["Injury"]},{"damage_healed":0.0,"max_hp_gain":0.0,"max_hp_loss":0.0,"gold_gain":0.0,"event_name":"Living Wall","player_choice":"Grow","floor":7.0,"gold_loss":0.0,"damage_taken":0.0,"cards_upgraded":["Armaments"]},{"damage_healed":0.0,"max_hp_gain":0.0,"max_hp_loss":0.0,"gold_gain":0.0,"event_name":"Masked Bandits","player_choice":"Fought Bandits","floor":20.0,"gold_loss":0.0,"damage_taken":0.0},{"damage_healed":0.0,"max_hp_gain":0.0,"max_hp_loss":0.0,"gold_gain":0.0,"event_name":"Vampires","player_choice":"Ignored","floor":22.0,"gold_loss":0.0,"damage_taken":0.0},{"damage_healed":0.0,"max_hp_gain":0.0,"max_hp_loss":0.0,"gold_gain":0.0,"cards_transformed":["Strike_R"],"event_name":"Transmorgrifier","player_choice":"Transformed","floor":25.0,"gold_loss":0.0,"damage_taken":0.0,"cards_obtained":["Thunderclap"]},{"cards_removed":["Infernal Blade"],"damage_healed":0.0,"max_hp_gain":0.0,"max_hp_loss":0.0,"gold_gain":0.0,"event_name":"Falling","player_choice":"Removed Skill","floor":36.0,"gold_loss":0.0,"damage_taken":0.0},{"damage_healed":0.0,"max_hp_gain":0.0,"max_hp_loss":0.0,"gold_gain":0.0,"event_name":"SensoryStone","player_choice":"Memory 1","floor":37.0,"gold_loss":0.0,"damage_taken":0.0}],"is_beta":false,"boss_relics":[{"not_picked":["Black Blood","Cursed Key"],"picked":"Busted Crown"},{"not_picked":["Sozu","SacredBark"],"picked":"Runic Pyramid"}],"items_purged_floors":[],"is_endless":false,"potions_floor_spawned":[1,16,20,24,28,30,33,41,44,45],"ascension_level":0}}