{"host":"63beink0jfv5ch5g","time":1613458353,"event":{"mods":["ATMod(°¢èªMod)","AchievementEnabler","Act Like it!","Aspiration","BaseMod","CapriCore","Conspire","Gensokyo","GungeonMod","Hallownest","Marisa£¨ìFÓê¡¡Ä§ÀíÉ³£©","Minty Spire (QoL Compilation)","MostiFishMod","Pale of the Ancients","Quick Restart","Reimu£¨²©ÀöÁéÃÎ£©","Replay The Spire","SOS£¨Ë¹°Í´ïÖ®×Ó£©","Shop Mod","StSLib","The Bug Knight","Waifu the Spire","óô»ðÖ¸ÄÏ"],"gold_per_floor":[116,116,116,131,131,131,147,179,179,190,190,201,201,201,201,301,301,320,331,5,19,19,19,46,68,103,345,369,381,520,548,560,670,682,713,921,391,391,5,135,149,283,283,283,283],"floor_reached":44,"language":"ZHS","playtime":2347,"items_purged":["Strike_Lin:ReiMu"],"score":865,"play_id":"fbade48c-05b1-45cc-926d-ece49fa2d389","local_time":"20210216145233","is_ascension_mode":true,"campfire_choices":[{"data":"PhosphorusFlame:ReiMu","floor":6.0,"key":"SMITH"},{"floor":13.0,"key":"RECALL"},{"data":"AT_FamilyPortrait","floor":15.0,"key":"SMITH"},{"data":"HakureiPhantom:ReiMu","floor":23.0,"key":"SMITH"},{"data":"SubcavityFantasy:ReiMu","floor":29.0,"key":"SMITH"},{"data":"FantasyBorder:ReiMu","floor":32.0,"key":"SMITH"}],"circlet_count":0,"master_deck":["Strike_Lin:ReiMu","Strike_Lin:ReiMu","Strike_Lin:ReiMu+1","Defend_Lin:ReiMu","Defend_Lin:ReiMu","Defend_Lin:ReiMu","NB:ReiMu","Stagnation:ReiMu","PhosphorusFlame:ReiMu+1","Amulet:ReiMu","SpreadBorder2:ReiMu","InherentArray:ReiMu+1","YinYang:ReiMu","WonderfulDomain:ReiMu","DependentForm:ReiMu","HakureiPhantom:ReiMu+1","SpiritualOutbreak2:ReiMu+1","TakeOff:ReiMu+1","Gensokyo:ReactiveArmor","TightArray:ReiMu","FantasyMoon:ReiMu+1","UpKicking:ReiMu+1","FoulBorder2:ReiMu","SubcavityFantasy:ReiMu+1","AlertArray:ReiMu","FantasyBorder:ReiMu+1","RainPray2:ReiMu+1","BlastKick2:ReiMu","PrayRite:ReiMu","WonderfulDomain:ReiMu+1","MountainWay:ReiMu","LovePray:ReiMu","Finesse","SealNeedle:ReiMu","PayForSelf:ReiMu+1","Conquer:ReiMu+1","MostiFishMod:DawningShadow+1","AirStrike:ReiMu+1"],"relics":["FlyPower:ReiMu","DaveBox","AT_ATBox","BirthdayGift-Icosahedron","NeowsBlessing","SynthV:TestCard","Mercury Hourglass","Mummified Hand","CrownOfHeavens:ReiMu","CheatingSign:ReiMu","MawBank","ReplayFunnel","Ancient Tea Set","AT_TheCollector","StoneCalendar","RedLine:ReiMu","ReplayTheSpireMod:TigerMarble","conspire:BottledYoYo","BrkXgEgg","TungstenRod","Prayer Wheel","BodyOfKamiR:ReiMu","HollowMod:LifeEnderRelic"],"acts_visited":["Exordium","Exordium","Gensokyo:Gensokyoer"],"potions_floor_usage":[],"damage_taken":[{"damage":0.0,"enemies":"2 Louse","floor":1.0,"turns":1.0},{"damage":0.0,"enemies":"Cultist","floor":4.0,"turns":1.0},{"damage":0.0,"enemies":"Small Slimes","floor":7.0,"turns":1.0},{"damage":0.0,"enemies":"Lagavulin","floor":8.0,"turns":4.0},{"damage":4.0,"enemies":"Red Slaver","floor":10.0,"turns":2.0},{"damage":0.0,"enemies":"2 Fungi Beasts","floor":12.0,"turns":1.0},{"damage":0.0,"enemies":"The Guardian","floor":16.0,"turns":6.0},{"damage":0.0,"enemies":"Gensokyo:3_Dogs","floor":18.0,"turns":2.0},{"damage":0.0,"enemies":"Gensokyo:AngelMirror","floor":19.0,"turns":2.0},{"damage":0.0,"enemies":"Gensokyo:3_Gloops","floor":21.0,"turns":3.0},{"damage":13.0,"enemies":"Gensokyo:Reisen","floor":24.0,"turns":4.0},{"damage":28.0,"enemies":"Gensokyo:Wraith","floor":25.0,"turns":4.0},{"damage":5.0,"enemies":"Gensokyo:Koishi","floor":27.0,"turns":4.0},{"damage":0.0,"enemies":"Gensokyo:Mirror_and_Dog","floor":28.0,"turns":2.0},{"damage":12.0,"enemies":"Gensokyo:Tenshi","floor":30.0,"turns":2.0},{"damage":0.0,"enemies":"Gensokyo:Swordslinger","floor":31.0,"turns":2.0},{"damage":0,"enemies":"Gensokyo:Kaguya","floor":33,"turns":5},{"damage":2,"enemies":"Gensokyo:AncientGuardian","floor":35,"turns":3},{"damage":32,"enemies":"Gensokyo:Marisa","floor":40,"turns":3},{"damage":0,"enemies":"Gensokyo:3_Boulders","floor":41,"turns":1},{"damage":2,"enemies":"Gensokyo:Doremy","floor":42,"turns":3},{"damage":10,"enemies":"Gensokyo:Kasen","floor":44,"turns":1}],"seed_played":"-929506541148603150","potions_obtained":[{"floor":1.0,"key":"Energy Potion"},{"floor":8.0,"key":"FearPotion"},{"floor":10.0,"key":"Explosive Potion"},{"floor":16.0,"key":"EssenceOfSteel"},{"floor":30.0,"key":"GrandPatriotsElixir:ReiMu"},{"floor":42,"key":"PinkPotion:ReiMu"}],"is_trial":false,"path_per_floor":["M","?","?","M","?","R","M","E","T","M","?","M","R","?","R","B",null,"M","M","COS","M","?","R","E","M","T","E","M","R","E","M","R","B",null,"M","?","$","?","$","E","M","E","T","E"],"character_chosen":"REIMU","items_purchased":["ReplayTheSpireMod:TigerMarble","MountainWay:ReiMu","LovePray:ReiMu","Finesse","SealNeedle:ReiMu","conspire:BottledYoYo","BrkXgEgg"],"campfire_rested":0,"item_purchase_floors":[37,37,37,37,37,39,39],"current_hp_per_floor":[65,65,65,65,65,65,65,65,65,62,62,63,63,50,50,51,62,63,65,65,66,66,66,54,27,27,23,24,24,13,14,14,15,53,52,36,36,36,36,7,8,9,9,0,0],"gold":283,"neow_bonus":"THREE_ENEMY_KILL","is_daily":false,"chose_seed":false,"campfire_upgraded":5,"win_rate":0.0,"timestamp":1613458353,"path_taken":["M","?","?","?","?","R","?","E","T","M","?","M","R","?","R","BOSS","M","M","COS","M","?","R","E","M","T","E","M","R","E","?","R","BOSS","M","?","?","?","$","E","M","E","T","E"],"items_purchased_type":["Relic","Card","Card","Card","Card","Relic","Relic"],"build_version":"2020-12-22","purchased_purges":1,"victory":false,"max_hp_per_floor":[65,65,65,65,65,65,65,65,65,65,65,65,65,65,65,65,65,65,66,66,66,66,66,66,66,66,66,66,66,66,66,66,66,66,66,66,66,66,66,68,68,70,70,70,70],"card_choices":[{"not_picked":["Enchanting:ReiMu","SafetyPray:ReiMu"],"picked":"PhosphorusFlame:ReiMu","floor":1.0},{"not_picked":["NineCharacters:ReiMu","SpringWay:ReiMu","AirStrike:ReiMu","Meditation:ReiMu"],"picked":"Amulet:ReiMu","floor":4.0},{"not_picked":["EmergencyTakeOff:ReiMu","RainPray2:ReiMu","UpKicking:ReiMu","AirStrike:ReiMu"],"picked":"InherentArray:ReiMu","floor":7.0},{"not_picked":["NineCharacters:ReiMu","Conquer:ReiMu","FantasyBorder:ReiMu","SealNeedle:ReiMu"],"picked":"YinYang:ReiMu","floor":8.0},{"not_picked":["TakeOff:ReiMu","PassingAway:ReiMu","OrbThrow:ReiMu","Intuition:ReiMu"],"picked":"WonderfulDomain:ReiMu","floor":10.0},{"not_picked":["Mountainwind:ReiMu","YinYangSange:ReiMu","Enchanting:ReiMu","Meditation:ReiMu"],"picked":"DependentForm:ReiMu","floor":12.0},{"not_picked":["CeremonyResonance:ReiMu","OctopathSalyBorderN:ReiMu","YinYang:ReiMu","BlastKick2:ReiMu"],"picked":"HakureiPhantom:ReiMu","floor":16.0},{"not_picked":["OrbThrow:ReiMu","YinYangSange:ReiMu","Conquer:ReiMu","SpreadBorder2:ReiMu"],"picked":"SpiritualOutbreak2:ReiMu+1","floor":18.0},{"not_picked":["SubcavityInstant:ReiMu","Amulet:ReiMu","AirStrike:ReiMu","SafetyPray:ReiMu"],"picked":"TakeOff:ReiMu+1","floor":19.0},{"not_picked":["RunawayExorcism:ReiMu","Enchanting:ReiMu","SubAcupoint:ReiMu","AirStrike:ReiMu+1"],"picked":"TightArray:ReiMu","floor":21.0},{"not_picked":["PhosphorusFlame:ReiMu","Free:ReiMu","TightArray:ReiMu+1","OrbThrow:ReiMu"],"picked":"FantasyMoon:ReiMu+1","floor":24.0},{"not_picked":["Intuition:ReiMu+1","OrbThrow:ReiMu+1","RainPray2:ReiMu+1","UniversalSpiritual:ReiMu+1"],"picked":"UpKicking:ReiMu+1","floor":25.0},{"not_picked":["LovePray:ReiMu","TightArray:ReiMu+1","SubAcupoint:ReiMu+1","EmergencyTakeOff:ReiMu+1"],"picked":"FoulBorder2:ReiMu","floor":25.0},{"not_picked":["Enchanting:ReiMu","ForcedLanding:ReiMu+1","PrepareRite:ReiMu","Intuition:ReiMu+1"],"picked":"SubcavityFantasy:ReiMu","floor":27.0},{"not_picked":["CareerPray:ReiMu","KamiSacrifice:ReiMu","YinYangSign:ReiMu","PassingAway:ReiMu"],"picked":"AlertArray:ReiMu","floor":28.0},{"not_picked":["TightArray:ReiMu","EmergencyTakeOff:ReiMu","SubcavityInstant:ReiMu","RainPray2:ReiMu+1"],"picked":"FantasyBorder:ReiMu","floor":30.0},{"not_picked":["SafetyPray:ReiMu","AirManeuver:ReiMu","SpreadBorder2:ReiMu","Enchanting:ReiMu"],"picked":"RainPray2:ReiMu+1","floor":31.0},{"not_picked":["PrayRite:ReiMu","CeremonyResonance:ReiMu","YinYang:ReiMu","Authority:ReiMu"],"picked":"BlastKick2:ReiMu","floor":33},{"not_picked":["TightArray:ReiMu+1","SafetyPray:ReiMu+1","SpreadBorder2:ReiMu","EmergencyTakeOff:ReiMu+1"],"picked":"PrayRite:ReiMu","floor":35},{"not_picked":["CollectionFlower2:ReiMu","SubAcupoint:ReiMu","TightArray:ReiMu+1","EmergencyTakeOff:ReiMu"],"picked":"WonderfulDomain:ReiMu+1","floor":36},{"not_picked":["CareerPray:ReiMu+1","NineCharacters:ReiMu","Intuition:ReiMu","RainPray2:ReiMu+1"],"picked":"PayForSelf:ReiMu+1","floor":40},{"not_picked":["WonderfulDomain:ReiMu+1","AlertArray:ReiMu+1","OrbThrow:ReiMu+1","Meditation:ReiMu"],"picked":"Conquer:ReiMu+1","floor":41},{"not_picked":["ManaGlint:ReiMu","PhosphorusFlame:ReiMu+1","AlertArray:ReiMu+1","OctopathSalyBorderN:ReiMu+1"],"picked":"AirStrike:ReiMu+1","floor":42}],"player_experience":172496,"relics_obtained":[{"floor":1.0,"key":"SynthV:TestCard"},{"floor":8.0,"key":"Mummified Hand"},{"floor":24.0,"key":"MawBank"},{"floor":26.0,"key":"ReplayFunnel"},{"floor":27.0,"key":"Ancient Tea Set"},{"floor":30.0,"key":"StoneCalendar"},{"floor":40,"key":"TungstenRod"},{"floor":42,"key":"BodyOfKamiR:ReiMu"},{"floor":43,"key":"HollowMod:LifeEnderRelic"}],"event_choices":[{"damage_healed":0.0,"max_hp_gain":0.0,"max_hp_loss":0.0,"gold_gain":0.0,"event_name":"WeMeetAgain","player_choice":"Gave Potion","floor":3.0,"gold_loss":0.0,"damage_taken":0.0,"relics_obtained":["Mercury Hourglass"]},{"damage_healed":0.0,"max_hp_gain":0.0,"max_hp_loss":0.0,"gold_gain":0.0,"cards_transformed":["Defend_Lin:ReiMu"],"event_name":"Transmorgrifier","player_choice":"Transformed","floor":5.0,"gold_loss":0.0,"damage_taken":0.0,"cards_obtained":["SpreadBorder2:ReiMu"]},{"damage_healed":0.0,"max_hp_gain":0.0,"max_hp_loss":0.0,"gold_gain":0.0,"event_name":"conspire:Investor","player_choice":"Leave","floor":11.0,"gold_loss":0.0,"damage_taken":0.0},{"damage_healed":0.0,"max_hp_gain":0.0,"max_hp_loss":0.0,"gold_gain":0.0,"event_name":"Shining Light","player_choice":"Entered Light","floor":14.0,"gold_loss":0.0,"damage_taken":13.0,"cards_upgraded":["Strike_Lin:ReiMu","InherentArray:ReiMu"]}],"is_beta":false,"boss_relics":[{"not_picked":["Replay:Bronze Core","Philosopher\u0027s Stone"],"picked":"CrownOfHeavens:ReiMu"},{"not_picked":["JellyFishMachine","Cursed Key"],"picked":"RedLine:ReiMu"}],"items_purged_floors":[37],"is_endless":false,"potions_floor_spawned":[1,8,10,16,19,24,30,42],"killed_by":"Gensokyo:Kasen","ascension_level":5}}