{"host":"rz01j32460kf2mtw","time":1613506295,"event":{"mods":["BaseMod","Downfall","Minty Spire (QoL Compilation)","Quick Restart","StSLib"],"gold_per_floor":[99,112,262,262,262,262,262,262,37,54,79,79,89,108,118,118,118,118],"floor_reached":16,"language":"ENG","playtime":743,"items_purged":[],"score":100,"play_id":"c86c71f4-f740-4bde-b952-427b8a1f6b94","local_time":"20210216131135","is_ascension_mode":false,"campfire_choices":[{"data":"Guardian:TwinSlam","floor":1,"key":"SMITH"},{"data":"Guardian:Repulse","floor":6,"key":"SMITH"},{"data":"Guardian:CurlUp","floor":8,"key":"SMITH"}],"circlet_count":0,"master_deck":["Guardian:Strike_Guardian","Guardian:Strike_Guardian","Guardian:Strike_Guardian","Guardian:Strike_Guardian","Guardian:Defend_Guardian","Guardian:Defend_Guardian","Guardian:Defend_Guardian","Guardian:Defend_Guardian","Guardian:CurlUp+1","Guardian:TwinSlam+1","Guardian:Repulse+1","downfall:Icky","Guardian:Gem_Lightblue","Guardian:Gem_Lightblue","Guardian:Gem_Cyan","Guardian:PrimingBeam","Guardian:Recover+1","Guardian:HyperBeam_Guardian","Guardian:Gem_Yellow","Guardian:Gem_Lightblue","Guardian:CrystalBeam","Guardian:Gem_Crimson"],"relics":["Guardian:ModeShifter","Thread and Needle","Toxic Egg 2","Guardian:PickAxe","FossilizedHelix"],"acts_visited":["Exordium"],"potions_floor_usage":[11,16,16],"damage_taken":[{"damage":1,"enemies":"Jaw Worm","floor":2,"turns":5},{"damage":0,"enemies":"downfall:FleeingMerchant","floor":9,"turns":4},{"damage":0,"enemies":"Small Slimes","floor":10,"turns":4},{"damage":9,"enemies":"3 Sentries","floor":11,"turns":6},{"damage":0,"enemies":"2 Louse","floor":13,"turns":2},{"damage":0,"enemies":"downfall:LooterAlt","floor":14,"turns":3},{"damage":0,"enemies":"Red Slaver","floor":15,"turns":5},{"damage":71,"enemies":"WA_ARCHETYPE_RETAIN","floor":16,"turns":12}],"seed_played":"139526196270359275","potions_obtained":[{"floor":2,"key":"AttackPotion"},{"floor":14,"key":"Guardian:BlockOnCardUsePotion"},{"floor":15,"key":"Fire Potion"}],"is_trial":false,"path_per_floor":["R","M","?","?","T","R","T","R","$","M","E","R","M","M","M","B"],"character_chosen":"GUARDIAN","items_purchased":["Guardian:PickAxe","Guardian:PrimingBeam"],"campfire_rested":0,"item_purchase_floors":[9,9],"current_hp_per_floor":[88,87,87,69,69,69,69,69,69,69,60,60,60,60,60,0,0],"gold":118,"neow_bonus":"TEN_PERCENT_HP_BONUS","is_daily":false,"chose_seed":false,"campfire_upgraded":3,"win_rate":0.0,"timestamp":1613506295,"path_taken":["R","M","?","?","?","R","T","R","$","M","E","R","M","M","M","BOSS"],"items_purchased_type":["Relic","Card"],"build_version":"2020-12-22","purchased_purges":0,"victory":false,"max_hp_per_floor":[88,88,88,88,88,88,88,88,88,88,88,88,88,88,88,88,88,88],"card_choices":[{"not_picked":["Guardian:Gem_Green","Guardian:CrystalBeam"],"picked":"Guardian:Repulse","floor":2},{"not_picked":["Guardian:TemporalShield+1","Guardian:BodySlam","Guardian:TemporalStrike"],"picked":"SKIP","floor":9},{"not_picked":["Guardian:Gem_White","Guardian:ShieldCharger+1"],"picked":"Guardian:Recover+1","floor":10},{"not_picked":["Guardian:VentSteam+1","Guardian:TimeBomb+1"],"picked":"Guardian:HyperBeam_Guardian","floor":11},{"not_picked":["Guardian:Suspension+1","Guardian:Gem_Cyan","Guardian:Gem_Green"],"picked":"SKIP","floor":13},{"not_picked":["Guardian:TemporalShield+1","Guardian:Recover+1"],"picked":"Guardian:CrystalBeam","floor":14},{"not_picked":["Guardian:CrystalBeam","Guardian:PiercingHide+1"],"picked":"Guardian:Gem_Crimson","floor":15}],"player_experience":898692,"relics_obtained":[{"floor":5,"key":"Thread and Needle"},{"floor":7,"key":"Toxic Egg 2"},{"floor":11,"key":"FossilizedHelix"}],"event_choices":[],"is_beta":false,"boss_relics":[],"items_purged_floors":[],"is_endless":false,"potions_floor_spawned":[2,14,15],"killed_by":"WA_ARCHETYPE_RETAIN","ascension_level":0}}