{"host":"l8j2eaviddq1qvzn","time":1613487834,"event":{"mods":["BaseMod","Curses Come First","Downfall","Evolution","Filter the Spire","Fox Events","Infinite Spire","Minty Spire (QoL Compilation)","Practice Mode","Reliquary","Replay The Spire","Shop Mod","StS++","StSLib","Wide Potions"],"gold_per_floor":[99,116,133,233,248,12,92,120,140,54,54,39,51,66,77,178,178,178,193,207,207,217,294,294,312,325,339,352,352,352,383,393,496,496,496,507,522,548,559,572,572,597,597,497,511,511,511,521,531,531,531,531],"floor_reached":50,"language":"ENG","playtime":4879,"items_purged":[],"score":494,"play_id":"9d5c1011-db4b-462a-8ad3-1c9605797078","local_time":"20210216160354","is_ascension_mode":false,"campfire_choices":[{"data":"hexamod:Float","floor":1.0,"key":"SMITH"},{"floor":11,"key":"REST"},{"data":"hexamod:GhostOfSpirePresent","floor":18,"key":"SMITH"},{"floor":29,"key":"REST"},{"data":"hexamod:VolcanoVisage","floor":35,"key":"SMITH"},{"data":"expansioncontent:QuickStudy","floor":44,"key":"SMITH"},{"floor":46,"key":"REST"}],"circlet_count":0,"master_deck":["hexamod:Strike+1","hexamod:Strike+1","hexamod:Strike+1","hexamod:Strike+1","hexamod:Defend+1","hexamod:Defend+1","hexamod:Defend+1","hexamod:Defend+1","hexamod:Sear+1","hexamod:Float+1","hexamod:GhostOfSpireFuture","hexamod:SoulSteal","hexamod:GhostOfSpirePast","hexamod:GhostOfSpirePresent+1","expansioncontent:QuickStudy+1","hexamod:RadiantFlame+1","hexamod:HeatMetal","hexamod:FirstSeal","hexamod:InspiringFlames+1","hexamod:FirstSeal","hexamod:BacktrackSmack+1","hexamod:CatchUp","hexamod:ThermalTransfer","hexamod:HeatShield","hexamod:VolcanoVisage+1","hexamod:Rewind","hexamod:RecurringNightmare","hexamod:ExtraCrispy+1","hexamod:GhostflameBarrier","hexamod:SpectersWail+1","hexamod:GhostOfSpirePast+1","hexamod:NightmareGuise+1","ReplayTheSpireMod:Splinters","hexamod:CatchUp+1","hexamod:SixthSeal","hexamod:GhostOfSpirePast+1","hexamod:GhostLash+1","hexamod:GhostLash","expansioncontent:Chronoboost","expansioncontent:AwakenDeath","expansioncontent:PrepareCrush","hexamod:SkipABeat+1","hexamod:GhostLash","hexamod:ThirdSeal"],"relics":["hexamod:UnbrokenSoul","EVO:Axolotl","Mirror","Odd Mushroom","Replay:WaspNest","Tiny Chest","Incense Burner","reliquary:KinkedSpring","reliquary:RosewoodLute","Lantern","downfall:HeartBlessingBlue"],"acts_visited":["Exordium","TheCity","TheBeyond"],"potions_floor_usage":[16,20,22,26,28,32,39,45,50],"damage_taken":[{"damage":11.0,"enemies":"Cultist","floor":2.0,"turns":5.0},{"damage":2.0,"enemies":"Small Slimes","floor":3.0,"turns":6.0},{"damage":1.0,"enemies":"Jaw Worm","floor":5.0,"turns":5.0},{"damage":0.0,"enemies":"downfall:FleeingMerchant","floor":6.0,"turns":4.0},{"damage":46.0,"enemies":"The Mushroom Lair","floor":8.0,"turns":7.0},{"damage":11,"enemies":"Blue Slaver","floor":9,"turns":6},{"damage":10,"enemies":"downfall:FleeingMerchant","floor":10,"turns":4},{"damage":10,"enemies":"downfall:FleeingMerchant","floor":12,"turns":4},{"damage":7,"enemies":"3 Louse","floor":13,"turns":3},{"damage":26,"enemies":"Exordium Thugs","floor":14,"turns":4},{"damage":6,"enemies":"2 Fungi Beasts","floor":15,"turns":5},{"damage":18,"enemies":"WA_ARCHETYPE_RETAIN","floor":16,"turns":11},{"damage":46,"enemies":"downfall:LooterAlt2","floor":19,"turns":6},{"damage":4,"enemies":"Chosen","floor":20,"turns":6},{"damage":17,"enemies":"Snecko","floor":22,"turns":5},{"damage":22,"enemies":"3 Cultists","floor":25,"turns":5},{"damage":19,"enemies":"Chosen and Byrds","floor":26,"turns":6},{"damage":23,"enemies":"Centurion and Healer","floor":27,"turns":7},{"damage":26,"enemies":"3 Cultists","floor":28,"turns":5},{"damage":28,"enemies":"Shelled Parasite and Fungi","floor":32,"turns":5},{"damage":13,"enemies":"IC_MUSHROOM_ARCHETYPE","floor":33,"turns":7},{"damage":27,"enemies":"3 Shapes","floor":36,"turns":5},{"damage":8,"enemies":"Orb Walker","floor":37,"turns":5},{"damage":18,"enemies":"Jaw Worm Horde","floor":39,"turns":6},{"damage":2,"enemies":"3 Darklings","floor":40,"turns":3},{"damage":78,"enemies":"Transient","floor":45,"turns":5},{"damage":52,"enemies":"Maw","floor":48,"turns":8},{"damage":28,"enemies":"Writhing Mass","floor":49,"turns":7},{"damage":100,"enemies":"DF_ARCHETYPE_ORBS","floor":50,"turns":10}],"seed_played":"-379217809909019790","potions_obtained":[{"floor":3.0,"key":"SteroidPotion"},{"floor":5.0,"key":"Death Potion"},{"floor":13,"key":"Swift Potion"},{"floor":14,"key":"Elixir"},{"floor":16,"key":"Block Potion"},{"floor":26,"key":"CultistPotion"},{"floor":28,"key":"sneckomod:MuddlingPotion"},{"floor":33,"key":"AttackPotion"},{"floor":40,"key":"champ:CounterPotion"},{"floor":48,"key":"SpeedPotion"}],"is_trial":false,"path_per_floor":["R","M","M","?","M","$","T","?","M","$","R","$","M","M","M","B",null,"R","M","M","?","M","T","T","M","M","M","M","R","?","?","M","B",null,"R","M","M","T","M","M","T","T","?","R","M","R","?","M","M","B"],"character_chosen":"THE_SPIRIT","items_purchased":["expansioncontent:QuickStudy","hexamod:RadiantFlame","hexamod:FirstSeal"],"campfire_rested":3,"item_purchase_floors":[6,6,10],"current_hp_per_floor":[77,66,64,64,63,63,63,17,6,24,47,51,58,46,54,36,77,77,45,55,77,67,67,67,59,54,45,33,56,56,56,42,36,77,77,64,70,70,66,64,64,64,54,64,30,56,56,18,64,0,0,0],"gold":531,"neow_bonus":"TEN_PERCENT_HP_BONUS","is_daily":false,"chose_seed":false,"campfire_upgraded":4,"win_rate":0.0,"timestamp":1613487834,"path_taken":["R","M","?","?","M","?","T","?","M","?","R","$","M","M","M","BOSS","R","M","M","?","M","?","T","M","M","M","M","R","?","?","M","BOSS","R","M","M","?","M","M","T","?","?","R","M","R","?","M","M","BOSS"],"items_purchased_type":["Card","Card","Card"],"build_version":"2020-12-22","purchased_purges":0,"victory":false,"max_hp_per_floor":[77,77,77,77,77,77,77,77,77,77,77,77,77,77,77,77,77,77,77,77,77,77,77,77,77,77,77,77,77,77,77,77,77,77,77,77,77,77,77,77,77,77,77,87,87,87,87,87,87,87,87,87],"card_choices":[{"not_picked":["hexamod:AdvancingGuard","hexamod:PhantomCloak"],"picked":"hexamod:GhostOfSpireFuture","floor":2.0},{"not_picked":["hexamod:Rewind","hexamod:HeatMetal"],"picked":"hexamod:SoulSteal","floor":3.0},{"not_picked":["hexamod:EtherealExpedition","hexamod:GhostShield"],"picked":"hexamod:GhostOfSpirePast","floor":5.0},{"not_picked":["hexamod:FastForward","hexamod:SwordOfDarkness"],"picked":"hexamod:GhostOfSpirePresent","floor":6.0},{"not_picked":["hexamod:NightmareStrike","hexamod:ShieldOfDarkness"],"picked":"hexamod:HeatMetal","floor":8.0},{"not_picked":["hexamod:BacktrackSmack","hexamod:NightmareGuise"],"picked":"hexamod:FirstSeal","floor":9},{"not_picked":["hexamod:NightmareStrike","hexamod:SwordOfDarkness"],"picked":"hexamod:InspiringFlames","floor":10},{"not_picked":["hexamod:GhostShield","hexamod:AdvancingGuard"],"picked":"hexamod:BacktrackSmack","floor":12},{"not_picked":["hexamod:AdvancingGuard","hexamod:InspiringFlames"],"picked":"hexamod:CatchUp","floor":13},{"not_picked":["hexamod:ShieldOfDarkness","hexamod:Firestarter"],"picked":"hexamod:ThermalTransfer","floor":14},{"not_picked":["hexamod:Firestarter","hexamod:GhostShield"],"picked":"hexamod:HeatShield","floor":15},{"not_picked":["hexamod:TimeOfNeed","hexamod:ForkedFlame"],"picked":"hexamod:VolcanoVisage","floor":16},{"not_picked":["hexamod:GhostOfSpirePast","hexamod:GhostShield"],"picked":"hexamod:Rewind","floor":19},{"not_picked":["hexamod:HeatMetal","hexamod:SwordOfDarkness"],"picked":"hexamod:RecurringNightmare","floor":20},{"not_picked":["hexamod:BacktrackSmack","hexamod:AdvancingGuard+1"],"picked":"hexamod:ExtraCrispy+1","floor":22},{"not_picked":["hexamod:BacktrackSmack","hexamod:Hexaguard"],"picked":"hexamod:GhostflameBarrier","floor":25},{"not_picked":["hexamod:GhostLash","hexamod:SwordOfDarkness"],"picked":"hexamod:SpectersWail+1","floor":26},{"not_picked":["hexamod:HeatMetal","hexamod:EtherealExpedition"],"picked":"hexamod:GhostOfSpirePast","floor":27},{"not_picked":["hexamod:ShieldOfDarkness","hexamod:BacktrackSmack"],"picked":"hexamod:NightmareGuise+1","floor":28},{"not_picked":["hexamod:Again","hexamod:StepThrough"],"picked":"hexamod:CatchUp+1","floor":32},{"not_picked":["hexamod:ParanormalForm","hexamod:GhostOfSpirePresent"],"picked":"hexamod:SixthSeal","floor":33},{"not_picked":["hexamod:PhantomCloak+1","hexamod:ShieldOfDarkness+1","hexamod:AdvancingGuard"],"picked":"SKIP","floor":36},{"not_picked":["hexamod:ExtraCrispy+1","hexamod:SpectersWail+1"],"picked":"hexamod:GhostOfSpirePast+1","floor":37},{"not_picked":["hexamod:RecurringNightmare","hexamod:ThermalTransfer"],"picked":"hexamod:GhostLash+1","floor":39},{"not_picked":["hexamod:BacktrackSmack+1","hexamod:PhantomCloak"],"picked":"hexamod:GhostLash","floor":40},{"not_picked":["expansioncontent:YouAreMine","expansioncontent:InvincibleStrength"],"picked":"expansioncontent:Chronoboost","floor":43},{"not_picked":["expansioncontent:PolyBeam","expansioncontent:InvincibleStrength"],"picked":"expansioncontent:AwakenDeath","floor":43},{"not_picked":["expansioncontent:PolyBeam","expansioncontent:GuardianWhirl"],"picked":"expansioncontent:PrepareCrush","floor":43},{"not_picked":["hexamod:BacktrackSmack+1","hexamod:AdvancingGuard"],"picked":"hexamod:SkipABeat+1","floor":45},{"not_picked":["hexamod:NecessarySacrifice+1","hexamod:InspiringFlames+1"],"picked":"hexamod:GhostLash","floor":48},{"not_picked":["hexamod:Rewind","hexamod:Firestarter+1"],"picked":"hexamod:ThirdSeal","floor":49}],"player_experience":81327,"relics_obtained":[{"floor":7.0,"key":"Mirror"},{"floor":8.0,"key":"Odd Mushroom"},{"floor":23,"key":"Replay:WaspNest"},{"floor":24,"key":"Tiny Chest"},{"floor":31,"key":"Incense Burner"},{"floor":38,"key":"reliquary:RosewoodLute"},{"floor":42,"key":"Lantern"}],"event_choices":[{"damage_healed":0.0,"max_hp_gain":0.0,"max_hp_loss":0.0,"gold_gain":0.0,"event_name":"Mushrooms","player_choice":"Fought Mushrooms","floor":8.0,"gold_loss":0.0,"damage_taken":0.0},{"damage_healed":25,"gold_gain":0,"player_choice":"Heal","damage_taken":0,"max_hp_gain":0,"max_hp_loss":0,"event_name":"The Library","floor":21,"gold_loss":0}],"is_beta":false,"boss_relics":[{"not_picked":["Black Star","ReplayTheSpireMod:DimensionalGlitch"],"picked":"hexamod:UnbrokenSoul"},{"not_picked":["Replay:Grab Bag","reliquary:Ember"],"picked":"reliquary:KinkedSpring"}],"items_purged_floors":[],"is_endless":false,"potions_floor_spawned":[3,5,13,14,16,20,26,28,33,40,48],"killed_by":"DF_ARCHETYPE_ORBS","ascension_level":0}}