{"host":"CarrotHands","time":1613461213,"event":{"mods":["BaseMod","Minty Spire (QoL Compilation)","Relic Stats","StSLib"],"gold_per_floor":[110,110,14,33,60,60,92,92,92,122,122,19,19,37,37,131,131,152,171,171,171,171],"floor_reached":21,"language":"ENG","playtime":599,"items_purged":["Strike_B"],"score":470,"play_id":"f591f33b-d499-43a1-8bf5-7c31f61911b6","local_time":"20210215234013","is_ascension_mode":true,"campfire_choices":[{"data":"Chaos","floor":6,"key":"SMITH"},{"data":"Sweeping Beam","floor":8,"key":"SMITH"},{"data":"Turbo","floor":11,"key":"SMITH"},{"data":"Consume","floor":15,"key":"SMITH"}],"circlet_count":0,"master_deck":["AscendersBane","Strike_B+1","Strike_B","Strike_B","Defend_B","Defend_B","Defend_B","Defend_B","Zap+1","Dualcast","Chaos+1","White Noise","Sweeping Beam+1","All For One","Turbo+1","Gash","Consume+1","Streamline","Creative AI","Defragment","Gash","Conserve Battery"],"relics":["Cracked Core","NeowsBlessing","Toy Ornithopter","Smiling Mask","FossilizedHelix","Prayer Wheel","Golden Idol","SlaversCollar"],"acts_visited":["Exordium","TheCity"],"potions_floor_usage":[16,21],"damage_taken":[{"damage":0,"enemies":"Small Slimes","floor":1,"turns":1},{"damage":0,"enemies":"Jaw Worm","floor":4,"turns":1},{"damage":0,"enemies":"Lagavulin","floor":7,"turns":1},{"damage":0,"enemies":"Gremlin Nob","floor":10,"turns":4},{"damage":0,"enemies":"2 Louse","floor":14,"turns":1},{"damage":39,"enemies":"Hexaghost","floor":16,"turns":8},{"damage":25,"enemies":"Shell Parasite","floor":18,"turns":4},{"damage":19,"enemies":"Spheric Guardian","floor":19,"turns":4},{"damage":22,"enemies":"3 Cultists","floor":21,"turns":3}],"seed_played":"4614424854056458262","potions_obtained":[{"floor":7,"key":"Fruit Juice"},{"floor":16,"key":"SteroidPotion"}],"is_trial":false,"path_per_floor":["M","?","$","M","T","R","E","R","T","E","R","$","?","M","R","B",null,"M","M","?","M"],"character_chosen":"DEFECT","items_purchased":["White Noise","Fire Potion","Gash"],"campfire_rested":0,"item_purchase_floors":[3,3,12],"current_hp_per_floor":[64,43,43,43,43,43,43,43,43,43,43,43,43,43,43,14,55,30,11,11,0,0],"gold":171,"neow_bonus":"THREE_ENEMY_KILL","is_daily":false,"chose_seed":false,"campfire_upgraded":4,"win_rate":0.0,"timestamp":1613461213,"path_taken":["M","?","$","M","?","R","E","R","T","E","R","?","?","M","R","BOSS","M","M","?","M"],"items_purchased_type":["Card","Potion","Card"],"build_version":"2020-12-18","purchased_purges":1,"victory":false,"max_hp_per_floor":[71,71,71,71,71,71,71,71,71,71,71,71,64,64,64,69,69,69,69,69,69,69],"relic_stats":{"counters":[9,27],"Golden Idol":31,"Prayer Wheel":3,"Smiling Mask":25,"obtain_stats":[{"SlaversCollar":17,"NeowsBlessing":0,"Golden Idol":13,"Prayer Wheel":10,"Cracked Core":0,"Smiling Mask":7,"Toy Ornithopter":5,"FossilizedHelix":9},{"SlaversCollar":6,"NeowsBlessing":0,"Golden Idol":4,"Prayer Wheel":4,"Cracked Core":0,"Smiling Mask":3,"Toy Ornithopter":2,"FossilizedHelix":3},{"SlaversCollar":16,"NeowsBlessing":0,"Golden Idol":7,"Prayer Wheel":7,"Cracked Core":0,"Smiling Mask":3,"Toy Ornithopter":2,"FossilizedHelix":3}],"Toy Ornithopter":10},"card_choices":[{"not_picked":["Leap","Melter"],"picked":"Chaos","floor":1},{"not_picked":["Beam Cell","Conserve Battery"],"picked":"Sweeping Beam","floor":4},{"not_picked":["Reprogram","Beam Cell"],"picked":"All For One","floor":7},{"not_picked":["Heatsinks","Steam Power"],"picked":"Turbo","floor":10},{"not_picked":["Doom and Gloom","Melter"],"picked":"Consume","floor":14},{"not_picked":["Hello World","White Noise"],"picked":"Streamline","floor":14},{"not_picked":["Machine Learning","Fission"],"picked":"Creative AI","floor":16},{"not_picked":["Stack","Barrage"],"picked":"Defragment","floor":18},{"not_picked":["Melter+1","Streamline+1","Lockon"],"picked":"SKIP","floor":18},{"not_picked":["Stack","Scrape+1"],"picked":"Gash","floor":19},{"not_picked":["Force Field","Loop"],"picked":"Conserve Battery","floor":19}],"player_experience":3156642,"relics_obtained":[{"floor":5,"key":"Toy Ornithopter"},{"floor":7,"key":"Smiling Mask"},{"floor":9,"key":"FossilizedHelix"},{"floor":10,"key":"Prayer Wheel"}],"event_choices":[{"damage_healed":0,"gold_gain":0,"player_choice":"Entered Light","damage_taken":21,"max_hp_gain":0,"max_hp_loss":0,"event_name":"Shining Light","floor":2,"gold_loss":0,"cards_upgraded":["Strike_B","Zap"]},{"damage_healed":0,"gold_gain":0,"player_choice":"Lose Max HP","damage_taken":0,"relics_obtained":["Golden Idol"],"max_hp_gain":0,"max_hp_loss":7,"event_name":"Golden Idol","floor":13,"gold_loss":0},{"damage_healed":0,"gold_gain":0,"player_choice":"Got Potions","damage_taken":0,"max_hp_gain":0,"max_hp_loss":0,"event_name":"Lab","floor":20,"gold_loss":0}],"is_beta":true,"boss_relics":[{"not_picked":["Ectoplasm","SacredBark"],"picked":"SlaversCollar"}],"items_purged_floors":[12],"is_endless":false,"potions_floor_spawned":[7,16],"killed_by":"3 Cultists","ascension_level":20}}