{"host":"373g0ui1bgeshz9m","time":1613440304,"event":{"mods":["Act Like it!","Aspiration","BaseMod","Beaked The Cultist","Better Third Choice","Colored Map","Conspire","Downfall","Halation","Hermit","Hubris","Infinite Spire","Jorbs\u0027s Wanderer Trilogy","Minty Spire (QoL Compilation)","Pale of the Ancients","Permanent Neow","Quick Restart","Replay The Spire","Shade Mod","Shop Mod","Spikes Relics","StSLib","The Animator","The Bladedancer","The Bug Knight","The Construct","The Cursed","The Florist","The Jungle","The Necromancer","The Sage","The Wild Card","Trackpad"],"gold_per_floor":[110,110,110,36,36,36,79,92,92,92,19,58,97,19,19,139,139,153,174,174,174],"floor_reached":20,"language":"ENG","playtime":1012,"items_purged":[],"score":256,"play_id":"f8d7a547-5a6a-47d5-96cd-989427d612c2","local_time":"20210215205144","is_ascension_mode":true,"campfire_choices":[{"floor":6,"key":"REST"},{"data":"Negative_Energy_Arrows","floor":10,"key":"SMITH"},{"data":"Cloudkill","floor":15,"key":"SMITH"}],"circlet_count":0,"master_deck":["Strike_W","Strike_W","Strike_W","Strike_W","Defend_W","Defend_W","Defend_W","Defend_W","Negative_Energy_Arrows+1","Bone_Wall","Summon_Lich","Stop_Heart","Siphon_Strength","Vampiric_Strike","Cloudkill+1","Blood_Curse","Negative_Energy_Javelin","Spectral_Walk","Requiem","Bone_Bullets"],"relics":["Vampire_Amulet","Golden Idol","halation:PinkSoulGem","infinitespire:BottledMercury","MealTicket","infinitespire:EmpoweringShard","WingedGreaves","ZombieTooth"],"acts_visited":["Exordium","TheCity"],"potions_floor_usage":[],"damage_taken":[{"damage":11,"enemies":"Jaw Worm","floor":1,"turns":5},{"damage":16,"enemies":"Lagavulin","floor":7,"turns":6},{"damage":4,"enemies":"2 Louse","floor":8,"turns":4},{"damage":21,"enemies":"Gremlin Nob","floor":12,"turns":4},{"damage":23,"enemies":"Lagavulin","floor":13,"turns":5},{"damage":16,"enemies":"The Guardian","floor":16,"turns":9},{"damage":51,"enemies":"Spheric Guardian","floor":18,"turns":6},{"damage":4,"enemies":"Shell Parasite","floor":19,"turns":2},{"damage":32,"enemies":"Masked Bandits","floor":20,"turns":3}],"seed_played":"6749016133821207548","potions_obtained":[{"floor":12,"key":"sagemod:Wine"}],"is_trial":false,"path_per_floor":["M","?","?","$","T","R","E","M","T","R","$","E","E","$","R","B",null,"M","M","?"],"character_chosen":"NECROMANCER","items_purchased":["Stop_Heart","Cloudkill","Spectral_Walk"],"campfire_rested":1,"item_purchase_floors":[4,11,14],"current_hp_per_floor":[66,48,48,48,48,70,56,56,56,56,71,54,34,49,49,35,75,28,26,0,0],"gold":174,"neow_bonus":"THREE_CARDS","is_daily":false,"chose_seed":false,"campfire_upgraded":2,"win_rate":0.0,"timestamp":1613440304,"path_taken":["M","?","?","$","?","R","E","?","T","R","$","E","E","?","R","BOSS","M","M","?"],"items_purchased_type":["Card","Card","Card"],"build_version":"2020-12-22","purchased_purges":0,"victory":false,"max_hp_per_floor":[75,75,75,75,75,75,75,75,75,75,75,75,75,75,75,75,75,75,75,75,75],"card_choices":[{"not_picked":["Bone_Spikes","Consume_Illness"],"picked":"Summon_Lich","floor":1},{"not_picked":["Scare","Uncharnel"],"picked":"Siphon_Strength","floor":7},{"not_picked":["Skeleton_Dragon","Scare"],"picked":"Vampiric_Strike","floor":8},{"not_picked":["Vampiric_Strike","Reap_The_Weak"],"picked":"Blood_Curse","floor":12},{"not_picked":["Corrupt","Consume_Illness"],"picked":"Negative_Energy_Javelin","floor":13},{"not_picked":["Blood_Wake","Reap_The_Weak"],"picked":"Requiem","floor":16},{"not_picked":["Finger_Of_Death+1","Bone_Spikes","Chill_Blood"],"picked":"SKIP","floor":18},{"not_picked":["Bone_Armor","Blood_for_Blood"],"picked":"Bone_Bullets","floor":19}],"player_experience":351042,"relics_obtained":[{"floor":5,"key":"infinitespire:BottledMercury"},{"floor":7,"key":"MealTicket"},{"floor":9,"key":"infinitespire:EmpoweringShard"},{"floor":12,"key":"WingedGreaves"},{"floor":13,"key":"ZombieTooth"}],"event_choices":[{"damage_healed":0,"gold_gain":0,"player_choice":"Take Damage","damage_taken":18,"relics_obtained":["Golden Idol"],"max_hp_gain":0,"max_hp_loss":0,"event_name":"Golden Idol","floor":2,"gold_loss":0},{"damage_healed":0,"gold_gain":0,"player_choice":"Fought Bandits","damage_taken":0,"max_hp_gain":0,"max_hp_loss":0,"event_name":"Masked Bandits","floor":20,"gold_loss":0}],"is_beta":false,"boss_relics":[{"not_picked":["conspire:RunicOctahedron","halation:HeavySnake","aspiration:PoetsPen_weak"]}],"items_purged_floors":[],"is_endless":false,"potions_floor_spawned":[12],"killed_by":"Masked Bandits","ascension_level":4}}