{"host":"cnjdghfb9ohep0ah","time":1613458851,"event":{"mods":["Act Like it!","BaseMod","Downfall","Minty Spire (QoL Compilation)","Replay The Spire","StSLib","The Cursed","The Servant 0.9.4"],"gold_per_floor":[112,112,124,124,142,142,175,190,190,208,208,208,222,256,256,256,256],"floor_reached":16,"language":"ZHS","playtime":7923,"items_purged":[],"score":129,"play_id":"8d6275d9-c5ee-40d2-8142-b419e9a24c7b","local_time":"20210216150051","is_ascension_mode":true,"campfire_choices":[{"data":"Perfected Strike","floor":6,"key":"SMITH"},{"data":"Dual Wield","floor":12,"key":"SMITH"},{"data":"Reaper","floor":15,"key":"SMITH"}],"circlet_count":0,"master_deck":["Strike_R","Strike_R","Strike_R","Strike_R","Strike_R","Defend_R","Defend_R","Defend_R","Defend_R","Perfected Strike+1","Survivor","Neutralize","Body Slam","Massacre","Dual Wield+1","Reaper+1"],"relics":["Burning Blood","Oddly Smooth Stone","Art of War","Gremlin Food","Strawberry","Blue Candle"],"acts_visited":["Exordium"],"potions_floor_usage":[10,16,16],"damage_taken":[{"damage":0,"enemies":"Small Slimes","floor":1,"turns":3},{"damage":8,"enemies":"Jaw Worm","floor":3,"turns":4},{"damage":4,"enemies":"Cultist","floor":5,"turns":3},{"damage":42,"enemies":"Lagavulin","floor":7,"turns":8},{"damage":15,"enemies":"Large Slime","floor":8,"turns":7},{"damage":7,"enemies":"Red Slaver","floor":10,"turns":3},{"damage":2,"enemies":"Looter","floor":13,"turns":3},{"damage":32,"enemies":"Gremlin Nob","floor":14,"turns":5},{"damage":44,"enemies":"The Guardian","floor":16,"turns":6}],"seed_played":"3584407739173825600","potions_obtained":[{"floor":7,"key":"Block Potion"},{"floor":10,"key":"BloodPotion"},{"floor":13,"key":"Languid Potion"}],"is_trial":false,"path_per_floor":["M","?","M","?","M","R","E","M","T","M","T","R","M","E","R","B"],"character_chosen":"IRONCLAD","items_purchased":[],"campfire_rested":0,"item_purchase_floors":[],"current_hp_per_floor":[80,80,78,83,85,85,49,40,40,56,63,63,67,41,41,0,0],"gold":256,"neow_bonus":"RANDOM_COMMON_RELIC","is_daily":false,"chose_seed":false,"campfire_upgraded":3,"win_rate":0.0,"timestamp":1613458851,"path_taken":["M","?","M","?","M","R","E","M","T","M","?","R","M","E","R","BOSS"],"items_purchased_type":[],"build_version":"2020-12-22","purchased_purges":0,"victory":false,"max_hp_per_floor":[80,80,80,85,85,85,85,85,85,85,92,92,92,92,92,92,92],"card_choices":[{"not_picked":["Sword Boomerang","Fire Breathing"],"picked":"Perfected Strike","floor":1},{"not_picked":["Sword Boomerang","Cleave"],"picked":"Body Slam","floor":3},{"not_picked":["Warcry","Armaments"],"picked":"Massacre","floor":5},{"not_picked":["Replay:Undeath\u0027s Touch","Reckless Charge"],"picked":"Dual Wield","floor":7},{"not_picked":["Armaments","Replay:Undeath\u0027s Touch","Sever Soul"],"picked":"SKIP","floor":8},{"not_picked":["Clothesline","Wild Strike","Disarm"],"picked":"SKIP","floor":10},{"not_picked":["Replay:Undeath\u0027s Touch","Seeing Red","Wild Strike"],"picked":"SKIP","floor":13},{"not_picked":["Twin Strike","Carnage"],"picked":"Reaper","floor":14}],"player_experience":239735,"relics_obtained":[{"floor":7,"key":"Art of War"},{"floor":9,"key":"Gremlin Food"},{"floor":11,"key":"Strawberry"},{"floor":14,"key":"Blue Candle"}],"event_choices":[{"damage_healed":0,"gold_gain":0,"player_choice":"Donut","damage_taken":0,"max_hp_gain":5,"max_hp_loss":0,"event_name":"Big Fish","floor":4,"gold_loss":0}],"is_beta":false,"boss_relics":[],"items_purged_floors":[],"is_endless":false,"potions_floor_spawned":[7,10,13],"killed_by":"The Guardian","ascension_level":3}}