{"host":"si6a1ixj09zwrub4","time":1613457468,"event":{"mods":["2.2 Compatiblity","A Magickal Journey","AchievementEnabler","Act Like it!","Aspiration","Bard","BaseMod","Beaked The Cultist","BetterRewards","Colored Powertips","Conspire","Defuse TimeMaze Blight","Dio Mod","Downfall","Elementarium","Energized Spire","GifTheSpireLib","Hermit","HololiveMod","Hubris","Infinite Spire","Lobotomy","Melee Mod","Minty Spire (QoL Compilation)","Permanent Neow","Potionbrewer","QueenMod","READ ME - Guardian Mod","READ ME - Snecko Mod","Railgun Mod","Random Character Button","Remilia（蕾米莉亚）","Shade Mod","Shop Mod","Slumbering Mod","StSLib","The Accelerator","The Animator","The Bladedancer","The Bug Knight","The Construct","The Cursed","The Death Knight","The Disciple","The Exalted","The Florist","The Forsaken","The Gatherer","The Hierophant","The Judge","The Marked","The Mystic","The Runesmith","The Senshi","The Wild Card","TheBandit","TheFirefly","TheHero","Waifu the Spire","Wandering Minibosses"],"gold_per_floor":[118,118,131,131,50,50,68,68,120,131,131,142,177,192,192,294,294,311,20,39,39,39,39,52,52,52,65,65,65],"floor_reached":28,"language":"ENG","playtime":2031,"items_purged":[],"score":220,"play_id":"159c1852-ed16-4dc5-86c8-b6cb7795b9ea","local_time":"20210216133748","is_ascension_mode":false,"campfire_choices":[{"data":"conspire:SharedLibrary","floor":6.0,"key":"SMITH"},{"data":"Static Discharge","floor":8.0,"key":"SMITH"},{"floor":15.0,"key":"REST"},{"floor":23,"key":"REST"}],"circlet_count":0,"master_deck":["Strike_B","Strike_B","Strike_B","Strike_B","Defend_B","Defend_B","Defend_B","Defend_B","Zap","Dualcast","Reboot","conspire:SharedLibrary+1","Doom and Gloom","Static Discharge+1","Compile Driver","Thunder Strike","Injury","Loop+1","Redo","Chaos","Machine Learning+1","Go for the Eyes+1","Loop+1","Amplify","Chaos","Capacitor+1"],"relics":["Cracked Core","Frozen Egg 2","Blood Vial","Bromod:ArcaneBarrier","Medical Kit","Kunai"],"acts_visited":["Exordium","TheCity"],"potions_floor_usage":[20,20],"damage_taken":[{"damage":6.0,"enemies":"Jaw Worm","floor":1.0,"turns":4.0},{"damage":2.0,"enemies":"theSlumbering:NewCultist","floor":3.0,"turns":4.0},{"damage":8.0,"enemies":"2 Louse","floor":7.0,"turns":2.0},{"damage":21.0,"enemies":"Large Slime","floor":10.0,"turns":5.0},{"damage":12.0,"enemies":"Looter","floor":12.0,"turns":4.0},{"damage":14.0,"enemies":"theSlumbering:Adrasteia","floor":13.0,"turns":6.0},{"damage":11.0,"enemies":"2 Fungi Beasts","floor":14.0,"turns":4.0},{"damage":35.0,"enemies":"Slime Boss","floor":16.0,"turns":7.0},{"damage":24,"enemies":"Spheric Guardian","floor":18,"turns":4},{"damage":20,"enemies":"2 Thieves","floor":20,"turns":3},{"damage":18,"enemies":"Centurion and Healer","floor":24,"turns":5},{"damage":29,"enemies":"Sentry and Sphere","floor":27,"turns":4},{"damage":19,"enemies":"3 Cultists","floor":28,"turns":4}],"seed_played":"1948138488168610170","potions_obtained":[{"floor":7.0,"key":"Swift Potion"},{"floor":10.0,"key":"potionbrewer:DiscountPotion"},{"floor":13.0,"key":"EssenceOfSteel"},{"floor":14.0,"key":"Regen Potion"},{"floor":16.0,"key":"AttackPotion"},{"floor":18,"key":"potionbrewer:DiscountPotion"},{"floor":20,"key":"Energy Potion"},{"floor":27,"key":"BlessingOfTheForge"}],"is_trial":false,"path_per_floor":["M","?","M","?","$","R","M","R","T","M","?","M","E","M","R","B",null,"M","$","M","?","?","R","M","?","T","M","M"],"character_chosen":"DEFECT","items_purchased":["Static Discharge","Loop+1","Amplify","Medical Kit"],"campfire_rested":2,"item_purchase_floors":[5,19,19,19],"current_hp_per_floor":[69,69,67,67,67,67,59,59,59,38,38,26,12,3,25,6,75,51,51,33,33,33,55,39,39,39,12,0,0],"gold":65,"neow_bonus":"ONE_RANDOM_RARE_CARD","is_daily":false,"chose_seed":false,"campfire_upgraded":2,"win_rate":0.0,"timestamp":1613457468,"path_taken":["M","?","M","?","?","R","M","R","T","M","?","M","E","M","R","BOSS","M","$","M","?","?","R","M","?","T","M","M"],"items_purchased_type":["Card","Card","Card","Relic"],"build_version":"2020-12-22","purchased_purges":0,"victory":false,"max_hp_per_floor":[75,75,75,75,75,75,75,75,75,75,75,75,75,75,75,75,75,75,75,75,75,75,75,75,75,75,75,75,75],"card_choices":[{"not_picked":["Steam","Cold Snap"],"picked":"conspire:SharedLibrary","floor":1.0},{"not_picked":["hubris:Ukulele","Chill"],"picked":"Doom and Gloom","floor":3.0},{"not_picked":["Streamline","Sweeping Beam"],"picked":"Compile Driver","floor":7.0},{"not_picked":["Turbo","conspire:SharedLibrary"],"picked":"Thunder Strike","floor":10.0},{"not_picked":["Static Discharge+1","Stack"],"picked":"Loop+1","floor":12.0},{"not_picked":["Turbo","Darkness"],"picked":"Redo","floor":13.0},{"not_picked":["Barrage","Steam Power"],"picked":"Chaos","floor":14.0},{"not_picked":["Core Surge","Biased Cognition+1"],"picked":"Machine Learning+1","floor":16.0},{"not_picked":["Conserve Battery","Beam Cell"],"picked":"Go for the Eyes+1","floor":18},{"not_picked":["Meteor Strike","Gash"],"picked":"Chaos","floor":20},{"not_picked":["Hologram","Rebound","Chill"],"picked":"SKIP","floor":24},{"not_picked":["Cold Snap+1","Steam"],"picked":"Capacitor+1","floor":27}],"player_experience":398683,"relics_obtained":[{"floor":13.0,"key":"Blood Vial"},{"floor":26,"key":"Kunai"}],"event_choices":[{"damage_healed":0.0,"max_hp_gain":0.0,"max_hp_loss":0.0,"gold_gain":0.0,"event_name":"The Cleric","player_choice":"Leave","floor":4.0,"gold_loss":0.0,"damage_taken":0.0},{"damage_healed":0,"gold_gain":0,"player_choice":"Leave","damage_taken":0,"max_hp_gain":0,"max_hp_loss":0,"event_name":"conspire:Investor","floor":21,"gold_loss":0},{"damage_healed":0,"gold_gain":0,"player_choice":"Ignored","damage_taken":0,"max_hp_gain":0,"max_hp_loss":0,"event_name":"Ghosts","floor":25,"gold_loss":0}],"is_beta":false,"boss_relics":[{"not_picked":["Hololive_TopUpMoneyS","conspire:RoyalGoblet"],"picked":"Bromod:ArcaneBarrier"}],"items_purged_floors":[],"is_endless":false,"potions_floor_spawned":[7,10,13,14,16,18,20,27],"killed_by":"3 Cultists","ascension_level":0}}