{"host":"tcdxiwht2vajk3tk","time":1613436699,"event":{"mods":["AchievementEnabler","BaseMod","Beaked The Cultist","Colored Powertips","Conspire","Defuse TimeMaze Blight","Downfall","Halation","Hermit","Hubris","Infinite Spire","Lobotomy","LobotomyExtend","Minty Spire (QoL Compilation)","Replay The Spire","Shop Mod","StSLib","The Cursed","The Disciple"],"gold_per_floor":[138,198,231,69,111,111,111,201,226,286,379,439,439,439,439,676,676,706,706,706,706,706,706],"floor_reached":22,"language":"ENG","playtime":1381,"items_purged":[],"score":438,"play_id":"5571f931-325b-4481-980d-58ffd0338d01","local_time":"20210215195139","daily_mods":["Cursed Run","Lethality","Midas"],"is_ascension_mode":true,"campfire_choices":[{"floor":7.0,"key":"REST"},{"floor":13,"key":"REST"},{"floor":15,"key":"REST"}],"circlet_count":0,"master_deck":["AscendersBane","TheCursedMod:Strike_TheCursed","TheCursedMod:Strike_TheCursed","TheCursedMod:Strike_TheCursed","TheCursedMod:Strike_TheCursed","TheCursedMod:Defend_TheCursed","TheCursedMod:Defend_TheCursed","TheCursedMod:Defend_TheCursed+1","TheCursedMod:Defend_TheCursed","TheCursedMod:CursedWand","TheCursedMod:CleanUpWorkshop","TheCursedMod:Stretching","Dazed","TheCursedMod:FleshFromBone+1","TheCursedMod:Stigma","TheCursedMod:CursedShiv","CommonCold","TheCursedMod:AntiAging","TheCursedMod:CircleOfFlame","TheCursedMod:CursedMace","TheCursedMod:HellfireBreathing","Shame","TheCursedMod:Obscuration+1"],"relics":["Cursed Key","Darkstone Periapt","Du-Vu Doll","replay:Trail_Library","LetterFromLob","Slimebound:StickyStick","MagicBullet_r","TungstenRod","Pen Nib","infinitespire:ShieldingShard","hubris:Backtick","TheCursedMod:BlackMagic101","TheCursedMod:OminousMark","Replay:Lucky Slots","hubris:FruitBowl","hubris:EvacipatedBox","Bottled Lightning","Strawberry","Thread and Needle","champ:DuelingGlove","infinitespire:EmpoweringShard"],"acts_visited":["Exordium","TheCity"],"potions_floor_usage":[10,10,10,16,16],"damage_taken":[{"damage":1.0,"enemies":"conspire:RoseBush","floor":1.0,"turns":2.0},{"damage":13.0,"enemies":"infinitespire:Voidling","floor":2.0,"turns":3.0},{"damage":2.0,"enemies":"Jaw Worm","floor":3.0,"turns":2.0},{"damage":14.0,"enemies":"Exordium Thugs","floor":5.0,"turns":6.0},{"damage":7,"enemies":"3 Sentries","floor":8,"turns":6},{"damage":2,"enemies":"Gremlin Gang","floor":10,"turns":3},{"damage":9,"enemies":"Lagavulin","floor":11,"turns":4},{"damage":0,"enemies":"Large Slime","floor":12,"turns":3},{"damage":64,"enemies":"Slime Boss","floor":16,"turns":6},{"damage":10,"enemies":"Spheric Guardian","floor":18,"turns":4},{"damage":19,"enemies":"Chosen","floor":22,"turns":1}],"seed_played":"-3225141085223487783","potions_obtained":[{"floor":1.0,"key":"Elixir"},{"floor":2.0,"key":"Fire Potion"},{"floor":8,"key":"EntropicBrew"},{"floor":11,"key":"SteroidPotion"},{"floor":12,"key":"Adrenaline Potion"}],"is_trial":true,"path_per_floor":["M","M","M","$","M","E","R","E","T","M","E","M","R","?","R","B",null,"M","AVR","?","$","M"],"character_chosen":"THE_CURSED","items_purchased":["Slimebound:StickyStick","hubris:FruitBowl","hubris:EvacipatedBox","Bottled Lightning","Strawberry","Thread and Needle","champ:DuelingGlove","infinitespire:EmpoweringShard"],"campfire_rested":3,"item_purchase_floors":[4,21,21,21,21,21,21,21],"current_hp_per_floor":[63,55,53,53,39,39,68,61,67,65,58,60,92,92,107,49,97,89,89,125,15,0,0],"gold":706,"neow_bonus":"","is_daily":false,"chose_seed":false,"campfire_upgraded":0,"win_rate":0.0,"timestamp":1613436699,"path_taken":["M","M","M","$","M","E","R","E","T","M","E","M","R","?","R","BOSS","M","AVR","?","?","M"],"items_purchased_type":["Relic","Relic","Relic","Relic","Relic","Relic","Relic","Relic"],"build_version":"2020-12-22","purchased_purges":0,"victory":false,"max_hp_per_floor":[71,71,71,71,71,97,97,97,103,103,105,107,107,107,107,113,113,115,115,125,135,135,135],"card_choices":[{"not_picked":["TheCursedMod:FuryStrike","TheCursedMod:CursedAmulet"],"picked":"TheCursedMod:Stretching","floor":1.0},{"not_picked":["TheCursedMod:VitalStrike","TheCursedMod:Evocation"],"picked":"TheCursedMod:CircleOfFocus","floor":2.0},{"not_picked":["TheCursedMod:Grudge","TheCursedMod:SpitefulStrike"],"picked":"TheCursedMod:FleshFromBone","floor":3.0},{"not_picked":["TheCursedMod:CircleOfFlame","TheCursedMod:CircleOfAmplification"],"picked":"TheCursedMod:Stigma","floor":5.0},{"not_picked":["TheCursedMod:CircleOfFlame","TheCursedMod:CursedBlade"],"picked":"TheCursedMod:CursedShiv","floor":8},{"not_picked":["TheCursedMod:Grudge","TheCursedMod:CircleOfAmplification"],"picked":"TheCursedMod:AntiAging","floor":10},{"not_picked":["TheCursedMod:DoubleShield","TheCursedMod:PrepareRite"],"picked":"TheCursedMod:CircleOfFlame","floor":11},{"not_picked":["TheCursedMod:RavingStaff","TheCursedMod:TacticalStrike"],"picked":"TheCursedMod:CursedMace","floor":12},{"not_picked":["TheCursedMod:AntiAging","TheCursedMod:NeowsMight"],"picked":"TheCursedMod:VoidForm","floor":16},{"not_picked":["TheCursedMod:RavingStaff","TheCursedMod:SurpriseAttack+1"],"picked":"TheCursedMod:Obscuration+1","floor":18}],"player_experience":1782673,"relics_obtained":[{"floor":1.0,"key":"LetterFromLob"},{"floor":8,"key":"TungstenRod"},{"floor":9,"key":"Pen Nib"},{"floor":11,"key":"infinitespire:ShieldingShard"}],"event_choices":[{"cards_removed":["TheCursedMod:VoidForm"],"damage_healed":26,"gold_gain":0,"player_choice":"Offered Rare","damage_taken":0,"max_hp_gain":10,"max_hp_loss":0,"event_name":"Bonfire Elementals","floor":20,"gold_loss":0}],"is_beta":false,"boss_relics":[{"not_picked":["hubris:GrandSneckoEye","Sozu"],"picked":"hubris:Backtick"}],"items_purged_floors":[],"is_endless":false,"potions_floor_spawned":[1,2,8,11,12],"killed_by":"Chosen","ascension_level":20}}