{"host":"5inz41fcnifmg6v2","time":1613452730,"event":{"mods":["BaseMod","Downfall","Minty Spire (QoL Compilation)","Reliquary","Replay The Spire","StSLib"],"gold_per_floor":[119,119,131,131,306,306,339,339,339,368,147,147,162,174,174,275,275,285,28,0,10,20,47,47,47,47,72,72,72,86,86,86,112,112,209,209,227,227,327,252,263,263,277,277,277],"floor_reached":44,"language":"ZHS","playtime":2622,"items_purged":["Doubt","Looming Evil"],"score":724,"play_id":"e5be85f1-965d-4aa9-80b6-b55c1ee700a6","local_time":"20210216131850","is_ascension_mode":true,"campfire_choices":[{"floor":6.0,"key":"RECALL"},{"data":"Pummel","floor":8.0,"key":"SMITH"},{"data":"Armaments","floor":15.0,"key":"SMITH"},{"floor":29.0,"key":"REST"},{"floor":34.0,"key":"REST"}],"circlet_count":1,"master_deck":["Strike_R","Strike_R","Strike_R","Strike_R","Defend_R+1","Defend_R+1","Defend_R+1","Defend_R+1","Bash","Intimidate","Pummel+1","Cleave","Inflame","Whirlwind+1","Armaments+1","Feed","Inflame","ReplayTheSpireMod:Muscle Training","Life Link","Replay:Many Hands+1","Pommel Strike+1","Shrug It Off","Exhume","ReplayTheSpireMod:Stacked+1","ReplayTheSpireMod:Private Reserves","Replay:Bootleg Shield Generator","ReplayTheSpireMod:Private Reserves","CurseOfTheBell","CurseOfTheBell","Pain","Corruption","downfall:Aged","Hallucinations","Metallicize+1","Rage","Dual Wield+1","Evolve+1"],"relics":["Burning Blood","NeowsBlessing","ReplayTheSpireMod:Ring of Exchange","Ring of Peace","Replay:Baseball","Replay:Bottled Eggs","White Beast Statue","reliquary:TuningFork","reliquary:Stiletto","OrangePellets","Darkstone Periapt","Replay:Multitool","ReplayFunnel","Gremlin Horn","reliquary:Aerogel","Replay:Grab Bag","Cursed Key","Circlet","Black Star","downfall:ExtraCursedBell","reliquary:RosewoodLute","Molten Egg 2","Unceasing Top","ReplayTheSpireMod:CursedCoin"],"acts_visited":["Exordium","TheCity","TheBeyond"],"potions_floor_usage":[41,44],"damage_taken":[{"damage":0.0,"enemies":"Small Slimes","floor":1.0,"turns":1.0},{"damage":0.0,"enemies":"2 Louse","floor":3.0,"turns":1.0},{"damage":0.0,"enemies":"Gremlin Nob","floor":7.0,"turns":1.0},{"damage":48.0,"enemies":"3 Sentries","floor":10.0,"turns":12.0},{"damage":0.0,"enemies":"Jaw Worm","floor":13.0,"turns":3.0},{"damage":0.0,"enemies":"Blue Slaver","floor":14.0,"turns":3.0},{"damage":23.0,"enemies":"Slime Boss","floor":16.0,"turns":11.0},{"damage":26.0,"enemies":"2 Thieves","floor":18.0,"turns":4.0},{"damage":19.0,"enemies":"Spheric Guardian","floor":21.0,"turns":4.0},{"damage":16.0,"enemies":"Snake Plant","floor":22.0,"turns":5.0},{"damage":40.0,"enemies":"Slavers","floor":23.0,"turns":6.0},{"damage":25.0,"enemies":"Cultist and Chosen","floor":30.0,"turns":5.0},{"damage":13.0,"enemies":"Gremlin Leader","floor":33.0,"turns":4.0},{"damage":73.0,"enemies":"Automaton","floor":35.0,"turns":10.0},{"damage":31,"enemies":"Orb Walker","floor":37,"turns":5},{"damage":67,"enemies":"3 Shapes","floor":41,"turns":4},{"damage":70,"enemies":"Sphere and 2 Shapes","floor":43,"turns":8},{"damage":30,"enemies":"R_Hoarder","floor":44,"turns":7}],"seed_played":"-4844492156353536280","potions_obtained":[{"floor":1.0,"key":"BloodPotion"},{"floor":10.0,"key":"Toxic Potion"},{"floor":13.0,"key":"SkillPotion"},{"floor":14.0,"key":"Adrenaline Potion"},{"floor":16.0,"key":"SteroidPotion"},{"floor":18.0,"key":"Reflective Coating"},{"floor":21.0,"key":"Energy Potion"},{"floor":22.0,"key":"DuplicationPotion"},{"floor":23.0,"key":"ColorlessPotion"},{"floor":30.0,"key":"SneckoOil"},{"floor":33.0,"key":"Flashbang"},{"floor":35.0,"key":"Elixir"},{"floor":37,"key":"Fire Potion"},{"floor":41,"key":"champ:CounterPotion"}],"is_trial":false,"path_per_floor":["M","?","M","?","?","R","E","R","T","E","$","T","M","M","R","B",null,"M","$","?","M","M","E","?","PTL","PTL","T","T","R","M","R","T","E","R","B",null,"M","?","?","$","M","R","M","E"],"character_chosen":"IRONCLAD","items_purchased":["reliquary:TuningFork","Darkstone Periapt","ReplayTheSpireMod:CursedCoin","Metallicize+1","Rage"],"campfire_rested":2,"item_purchase_floors":[11,19,40,40,40],"current_hp_per_floor":[80,80,80,80,80,80,80,80,80,54,54,54,60,66,66,49,80,64,64,64,51,41,10,39,39,39,39,39,65,49,76,76,72,93,30,97,75,65,100,106,48,91,30,0,0],"gold":277,"neow_bonus":"THREE_ENEMY_KILL","is_daily":false,"chose_seed":false,"campfire_upgraded":2,"win_rate":0.0,"timestamp":1613452730,"path_taken":["M","?","M","?","?","R","E","R","T","E","$","?","?","?","R","BOSS","M","$","?","M","M","E","?","PTL","PTL","?","T","R","M","R","?","E","R","BOSS","M","?","?","$","M","R","M","E"],"items_purchased_type":["Relic","Relic","Relic","Card","Card"],"build_version":"2020-12-22","purchased_purges":2,"victory":false,"max_hp_per_floor":[80,80,80,80,80,80,80,80,80,80,80,80,80,80,80,80,80,84,84,84,84,84,87,87,87,87,87,87,87,90,90,90,93,93,97,97,100,100,135,141,144,144,147,147,147],"card_choices":[{"not_picked":["Dropkick","Havoc"],"picked":"Intimidate","floor":1.0},{"not_picked":["Clash","Havoc"],"picked":"Pummel","floor":3.0},{"not_picked":["Burning Pact","Run Through"],"picked":"Cleave","floor":7.0},{"not_picked":["Pommel Strike","Uppercut"],"picked":"Inflame","floor":10.0},{"not_picked":["Warcry","Iron Wave"],"picked":"Whirlwind","floor":13.0},{"not_picked":["Sword Boomerang","Carnage"],"picked":"Armaments","floor":14.0},{"not_picked":["Corruption","Exhume"],"picked":"Feed","floor":16.0},{"not_picked":["Wild Strike","Anger"],"picked":"Inflame","floor":18.0},{"not_picked":["Sever Soul+1","Headbutt"],"picked":"ReplayTheSpireMod:Muscle Training","floor":21.0},{"not_picked":["Perfected Strike","Armaments"],"picked":"Life Link","floor":22.0},{"not_picked":["Warcry","True Grit"],"picked":"Replay:Many Hands","floor":23.0},{"not_picked":["Disarm","Flex"],"picked":"Pommel Strike+1","floor":30.0},{"not_picked":["Warcry","Twin Strike"],"picked":"Shrug It Off","floor":33.0},{"not_picked":["Brutality","Corruption"],"picked":"Exhume","floor":35.0},{"not_picked":["Twin Strike","Burning Pact+1"],"picked":"ReplayTheSpireMod:Stacked+1","floor":37},{"not_picked":["Replay:BasicMightCard","Finesse"],"picked":"ReplayTheSpireMod:Private Reserves","floor":38},{"not_picked":["Forethought","Blind"],"picked":"Replay:Bootleg Shield Generator","floor":38},{"not_picked":["Finesse","Discovery"],"picked":"ReplayTheSpireMod:Private Reserves","floor":38},{"not_picked":["Pummel+1","Abandon"],"picked":"Dual Wield+1","floor":41},{"not_picked":["Dual Wield+1","Heavy Blade+1"],"picked":"Evolve+1","floor":43}],"player_experience":111516,"relics_obtained":[{"floor":2.0,"key":"ReplayTheSpireMod:Ring of Exchange"},{"floor":2.0,"key":"Ring of Peace"},{"floor":7.0,"key":"Replay:Baseball"},{"floor":9.0,"key":"Replay:Bottled Eggs"},{"floor":10.0,"key":"White Beast Statue"},{"floor":12.0,"key":"reliquary:Stiletto"},{"floor":23.0,"key":"Replay:Multitool"},{"floor":28.0,"key":"ReplayFunnel"},{"floor":32.0,"key":"Gremlin Horn"},{"floor":33.0,"key":"reliquary:Aerogel"},{"floor":39,"key":"reliquary:RosewoodLute"},{"floor":39,"key":"Molten Egg 2"},{"floor":39,"key":"Unceasing Top"}],"event_choices":[{"cards_removed":["Strike_R"],"damage_healed":0.0,"max_hp_gain":0.0,"max_hp_loss":0.0,"gold_gain":0.0,"event_name":"Living Wall","player_choice":"Forget","floor":4.0,"gold_loss":0.0,"damage_taken":0.0},{"damage_healed":0.0,"max_hp_gain":0.0,"max_hp_loss":0.0,"gold_gain":175.0,"event_name":"Liars Game","player_choice":"AGREE","floor":5.0,"gold_loss":0.0,"damage_taken":0.0,"cards_obtained":["Doubt"]},{"damage_healed":0.0,"max_hp_gain":0.0,"max_hp_loss":0.0,"gold_gain":0.0,"event_name":"Masked Bandits","player_choice":"Paid Fearfully","floor":20.0,"gold_loss":28.0,"damage_taken":0.0},{"damage_healed":29.0,"max_hp_gain":0.0,"max_hp_loss":0.0,"gold_gain":0.0,"event_name":"The Library","player_choice":"Heal","floor":24.0,"gold_loss":0.0,"damage_taken":0.0},{"damage_healed":0,"gold_gain":0,"player_choice":"Memory 3","damage_taken":10,"max_hp_gain":0,"max_hp_loss":0,"event_name":"SensoryStone","floor":38,"gold_loss":0}],"is_beta":false,"boss_relics":[{"not_picked":["Brimstone","Abe\u0027s Treasure"],"picked":"OrangePellets"},{"not_picked":["Fusion Hammer","Runic Cube"],"picked":"Replay:Grab Bag"},{"not_picked":["Busted Crown","Velvet Choker"],"picked":"Cursed Key"},{"not_picked":["Philosopher\u0027s Stone","Coffee Dripper"],"picked":"Circlet"},{"not_picked":["Ring of Chaos","Black Blood"],"picked":"Black Star"}],"items_purged_floors":[11,40],"is_endless":false,"potions_floor_spawned":[1,10,13,14,16,18,21,22,23,30,33,35,37,41,43],"killed_by":"R_Hoarder","ascension_level":3}}