{"host":"dcj2yvrgcvh5dl2s","time":1613476905,"event":{"mods":["BaseMod","Bestiary","Better Note","Block Reminder","Colored Powertips","Curses Come First","DeckTracker","Displayed Cursed Tome","Minty Spire (QoL Compilation)","Quick Restart","Rare Cards Sparkle","Relic Stats","StSLib"],"gold_per_floor":[112,130,80,12,12,39,49,77,100,100,100,115,145,163,163,261,261,275,275,292,311,328,31,31,31],"floor_reached":24,"language":"ENG","playtime":1616,"items_purged":["Strike_G"],"score":303,"play_id":"bca50783-b8cc-4a03-b182-2a799d5d926e","local_time":"20210216220145","is_ascension_mode":true,"campfire_choices":[{"floor":10,"key":"REST"},{"floor":15,"key":"REST"}],"circlet_count":0,"master_deck":["Strike_G","Strike_G","Defend_G","Defend_G","Defend_G","Defend_G","Defend_G","Survivor","Neutralize","Slice","Footwork","Distraction","Blade Dance","Catalyst","Blade Dance","Deflect","Deflect","PiercingWail","CurseOfTheBell","Footwork","Cloak And Dagger","Blade Dance","Cloak And Dagger","Terror"],"relics":["Ring of the Snake","NeowsBlessing","Bronze Scales","Smiling Mask","Dream Catcher","Lantern","Calling Bell","Oddly Smooth Stone","Mercury Hourglass","Tingsha","Sling"],"acts_visited":["Exordium","TheCity"],"potions_floor_usage":[8],"damage_taken":[{"damage":0,"enemies":"2 Louse","floor":1,"turns":1},{"damage":0,"enemies":"Jaw Worm","floor":2,"turns":1},{"damage":0,"enemies":"3 Sentries","floor":6,"turns":2},{"damage":4,"enemies":"Cultist","floor":7,"turns":4},{"damage":31,"enemies":"Gremlin Nob","floor":8,"turns":4},{"damage":5,"enemies":"Gremlin Gang","floor":12,"turns":4},{"damage":1,"enemies":"Looter","floor":14,"turns":3},{"damage":18,"enemies":"Hexaghost","floor":16,"turns":15},{"damage":11,"enemies":"Spheric Guardian","floor":18,"turns":5},{"damage":2,"enemies":"Chosen","floor":20,"turns":5},{"damage":30,"enemies":"Centurion and Healer","floor":21,"turns":13},{"damage":9,"enemies":"Chosen and Byrds","floor":22,"turns":8},{"damage":11,"enemies":"Snake Plant","floor":24,"turns":3}],"seed_played":"5357477788149246053","potions_obtained":[{"floor":2,"key":"LiquidMemories"},{"floor":8,"key":"FearPotion"},{"floor":12,"key":"Ancient Potion"},{"floor":14,"key":"Energy Potion"}],"is_trial":false,"path_per_floor":["M","M","?","$","?","E","M","E","T","R","T","M","?","M","R","B",null,"M","?","M","M","M","$","M"],"character_chosen":"THE_SILENT","items_purchased":["Footwork","Sling","Cloak And Dagger","Terror"],"campfire_rested":2,"item_purchase_floors":[4,23,23,23],"current_hp_per_floor":[63,63,63,63,56,56,52,21,21,42,42,37,37,36,57,39,62,51,51,49,19,10,10,0,0],"gold":31,"neow_bonus":"THREE_ENEMY_KILL","is_daily":false,"chose_seed":false,"campfire_upgraded":0,"win_rate":0.0,"timestamp":1613476905,"path_taken":["M","M","?","$","?","E","?","E","T","R","?","?","?","M","R","BOSS","M","?","?","?","M","$","M"],"items_purchased_type":["Card","Relic","Card","Card"],"build_version":"2020-12-22","purchased_purges":1,"victory":false,"max_hp_per_floor":[70,70,70,70,70,70,70,70,70,70,70,70,70,70,70,70,70,70,70,70,70,70,70,70,70],"relic_stats":{"Dream Catcher":2,"counters":[13,68],"Bronze Scales":[193],"Tingsha":[12],"Smiling Mask":25,"obtain_stats":[{"Calling Bell":17,"Dream Catcher":9,"Lantern":11,"NeowsBlessing":0,"Bronze Scales":6,"Oddly Smooth Stone":17,"Tingsha":17,"Smiling Mask":8,"Sling":23,"Ring of the Snake":0,"Mercury Hourglass":17},{"Calling Bell":8,"Dream Catcher":5,"Lantern":5,"NeowsBlessing":0,"Bronze Scales":3,"Oddly Smooth Stone":8,"Tingsha":8,"Smiling Mask":5,"Sling":12,"Ring of the Snake":0,"Mercury Hourglass":8},{"Calling Bell":34,"Dream Catcher":12,"Lantern":12,"NeowsBlessing":0,"Bronze Scales":4,"Oddly Smooth Stone":34,"Tingsha":34,"Smiling Mask":12,"Sling":65,"Ring of the Snake":0,"Mercury Hourglass":34}],"Ring of the Snake":[26],"Mercury Hourglass":[120]},"card_choices":[{"not_picked":["Outmaneuver","Prepared"],"picked":"Slice","floor":1},{"not_picked":["Bane","Dodge and Roll","Endless Agony"],"picked":"SKIP","floor":2},{"not_picked":["Quick Slash","Caltrops"],"picked":"Distraction","floor":6},{"not_picked":["Acrobatics","Bane"],"picked":"Blade Dance","floor":7},{"not_picked":["Burst","Blade Dance"],"picked":"Catalyst","floor":8},{"not_picked":["Poisoned Stab","All Out Attack"],"picked":"Blade Dance","floor":10},{"not_picked":["Bane","Outmaneuver"],"picked":"Deflect","floor":12},{"not_picked":["Masterful Stab","Setup"],"picked":"Deflect","floor":14},{"not_picked":["Eviscerate","Dodge and Roll"],"picked":"PiercingWail","floor":15},{"not_picked":["Bane","Poisoned Stab","Flying Knee"],"picked":"SKIP","floor":18},{"not_picked":["Reflex+1","Deflect+1"],"picked":"Cloak And Dagger","floor":20},{"not_picked":["Grand Finale","Deflect"],"picked":"Blade Dance","floor":21},{"not_picked":["Dagger Throw+1","Predator","Setup"],"picked":"SKIP","floor":22}],"player_experience":2421371,"relics_obtained":[{"floor":6,"key":"Bronze Scales"},{"floor":8,"key":"Smiling Mask"},{"floor":9,"key":"Dream Catcher"},{"floor":11,"key":"Lantern"},{"floor":17,"key":"Oddly Smooth Stone"},{"floor":17,"key":"Mercury Hourglass"},{"floor":17,"key":"Tingsha"}],"event_choices":[{"cards_removed":["Strike_G"],"damage_healed":0,"gold_gain":0,"player_choice":"Card Removal","damage_taken":0,"max_hp_gain":0,"max_hp_loss":0,"event_name":"The Cleric","floor":3,"gold_loss":50},{"cards_removed":["Strike_G"],"damage_healed":0,"gold_gain":0,"player_choice":"Card Removal","damage_taken":7,"max_hp_gain":0,"max_hp_loss":0,"event_name":"Golden Wing","floor":5,"gold_loss":0},{"damage_healed":0,"gold_gain":30,"player_choice":"Searched \u00272\u0027 times","damage_taken":0,"max_hp_gain":0,"max_hp_loss":0,"event_name":"Dead Adventurer","floor":13,"gold_loss":0},{"damage_healed":0,"gold_gain":0,"player_choice":"Copied","damage_taken":0,"max_hp_gain":0,"max_hp_loss":0,"event_name":"Duplicator","floor":19,"gold_loss":0,"cards_obtained":["Footwork"]}],"is_beta":false,"boss_relics":[{"not_picked":["HoveringKite","Tiny House"],"picked":"Calling Bell"}],"items_purged_floors":[23],"is_endless":false,"potions_floor_spawned":[2,8,12,14,20],"killed_by":"Snake Plant","ascension_level":6}}