{"host":"2c84cb4cp1emursg","time":1613440530,"event":{"mods":["Act Like it!","BaseMod","Better Third Choice","Bossed Relics","Hermit","Mimic Mod","Minty Spire (QoL Compilation)","Permanent Neow","StSLib"],"gold_per_floor":[113,113,126,146,166,197,215,245,325,353,353,380,397,430,430,533,533,553,569,51,51,69,69,69,69],"floor_reached":24,"language":"ENG","playtime":1092,"items_purged":["Strike_G"],"score":310,"play_id":"3ae48da7-8484-4097-8f90-b38888b1afe5","local_time":"20210215185530","is_ascension_mode":true,"campfire_choices":[{"floor":11,"key":"REST"},{"data":"Doppelganger","floor":15,"key":"SMITH"},{"data":"Metamorphosis","floor":23,"key":"SMITH"}],"circlet_count":0,"master_deck":["Strike_G","Strike_G+1","Strike_G","Strike_G","Defend_G","Defend_G","Defend_G","Defend_G","Defend_G","Survivor","Neutralize","Footwork","Swift Strike","Bouncing Flask","Backflip","Dagger Throw+1","Sucker Punch","Noxious Fumes+1","Doppelganger+1","Bane+1","Poisoned Stab+1","Slice+1","Envenom+1","Acrobatics+1","Accuracy+1","Metamorphosis+1","Blade Dance","Cloak And Dagger","Ghostly","Ghostly","Ghostly","Ghostly","Ghostly"],"relics":["SacredBark","Frozen Egg 2","Whetstone","Molten Egg 2","Du-Vu Doll","Pen Nib","Lantern","Velvet Choker","Blood Vial"],"acts_visited":["Exordium","TheCity"],"potions_floor_usage":[4,6,8,14,16],"damage_taken":[{"damage":2,"enemies":"2 Louse","floor":1,"turns":3},{"damage":1,"enemies":"Cultist","floor":3,"turns":4},{"damage":5,"enemies":"Small Slimes","floor":4,"turns":2},{"damage":8,"enemies":"Exordium Wildlife","floor":5,"turns":5},{"damage":42,"enemies":"Lagavulin","floor":6,"turns":7},{"damage":11,"enemies":"Exordium Thugs","floor":7,"turns":4},{"damage":18,"enemies":"3 Sentries","floor":8,"turns":5},{"damage":28,"enemies":"Gremlin Nob","floor":10,"turns":4},{"damage":8,"enemies":"3 Louse","floor":13,"turns":3},{"damage":5,"enemies":"3 Sentries","floor":14,"turns":6},{"damage":1,"enemies":"Hexaghost","floor":16,"turns":6},{"damage":25,"enemies":"3 Byrds","floor":18,"turns":4},{"damage":0,"enemies":"Chosen","floor":19,"turns":3},{"damage":13,"enemies":"Snecko","floor":22,"turns":4},{"damage":7,"enemies":"Centurion and Healer","floor":24,"turns":6}],"seed_played":"7604115933860403354","potions_obtained":[{"floor":3,"key":"Explosive Potion"},{"floor":5,"key":"Regen Potion"},{"floor":7,"key":"Strength Potion"},{"floor":13,"key":"SkillPotion"},{"floor":14,"key":"ColorlessPotion"},{"floor":22,"key":"Dexterity Potion"}],"is_trial":false,"path_per_floor":["M","?","M","M","M","E","M","E","T","E","R","T","M","E","R","B",null,"M","M","$","?","M","R","M"],"character_chosen":"THE_SILENT","items_purchased":["Metamorphosis","Blade Dance","Cloak And Dagger","Blood Vial","AttackPotion"],"campfire_rested":1,"item_purchase_floors":[20,20,20,20,20],"current_hp_per_floor":[68,68,67,62,54,58,47,29,29,1,22,22,14,9,9,8,55,30,30,30,30,19,19,14,14],"gold":69,"neow_bonus":"BOSS_RELIC","is_daily":false,"chose_seed":false,"campfire_upgraded":2,"win_rate":0.0,"timestamp":1613440530,"path_taken":["M","?","?","M","M","E","M","E","T","E","R","?","?","E","R","BOSS","M","M","$","?","M","R","M"],"items_purchased_type":["Card","Card","Card","Relic","Potion"],"build_version":"2020-12-22","purchased_purges":1,"victory":false,"max_hp_per_floor":[70,70,70,70,70,70,70,70,70,70,70,70,70,70,70,70,70,70,70,70,35,35,35,35,35],"card_choices":[{"not_picked":["Underhanded Strike","Cloak And Dagger"],"picked":"Footwork","floor":1},{"not_picked":["Deadly Poison","Caltrops"],"picked":"Bouncing Flask","floor":3},{"not_picked":["PiercingWail","Grand Finale"],"picked":"Backflip","floor":4},{"not_picked":["Acrobatics","PiercingWail"],"picked":"Dagger Throw","floor":5},{"not_picked":["Flying Knee","Heel Hook"],"picked":"Sucker Punch","floor":6},{"not_picked":["Backstab","Bane"],"picked":"Noxious Fumes+1","floor":7},{"not_picked":["Unload","Slice"],"picked":"Doppelganger","floor":8},{"not_picked":["Poisoned Stab+1","Blade Dance"],"picked":"Bane+1","floor":10},{"not_picked":["Dodge and Roll","PiercingWail"],"picked":"Poisoned Stab+1","floor":13},{"not_picked":["Doppelganger","Calculated Gamble"],"picked":"Slice+1","floor":14},{"not_picked":["Doppelganger","A Thousand Cuts+1"],"picked":"Envenom+1","floor":16},{"not_picked":["Dodge and Roll","Cloak And Dagger"],"picked":"Acrobatics+1","floor":18},{"not_picked":["Acrobatics","Quick Slash+1"],"picked":"Accuracy+1","floor":19},{"not_picked":["Backflip","Backstab+1","Acrobatics+1"],"picked":"SKIP","floor":22}],"player_experience":483524,"relics_obtained":[{"floor":6,"key":"Frozen Egg 2"},{"floor":8,"key":"Whetstone"},{"floor":9,"key":"Molten Egg 2"},{"floor":10,"key":"Du-Vu Doll"},{"floor":12,"key":"Pen Nib"},{"floor":14,"key":"Lantern"}],"event_choices":[{"damage_healed":0,"gold_gain":0,"player_choice":"1 cards matched","damage_taken":0,"max_hp_gain":0,"max_hp_loss":0,"event_name":"Match and Keep!","floor":2,"gold_loss":0,"cards_obtained":["Swift Strike"]},{"damage_healed":0,"gold_gain":0,"player_choice":"Became a Ghost","damage_taken":0,"max_hp_gain":0,"max_hp_loss":35,"event_name":"Ghosts","floor":21,"gold_loss":0,"cards_obtained":["Ghostly","Ghostly","Ghostly","Ghostly","Ghostly"]}],"is_beta":false,"boss_relics":[{"not_picked":["Sozu","Snecko Eye"],"picked":"Velvet Choker"}],"items_purged_floors":[20],"is_endless":false,"potions_floor_spawned":[3,5,7,13,14,22],"killed_by":"Centurion and Healer","ascension_level":5}}