{"host":"3m32mriab3qyn2w0","time":1613440156,"event":{"mods":["AchievementEnabler","Aspiration","BaseMod","Beaked The Cultist","Better Altar","Better Match","Better Note","Better Sensory Stone","Better Skull","Better Third Choice","Better Vampires","Clawfect","Colored Map","Colored Powertips","Colorless Booster Pack","Conjunction","Conspire","Defuse TimeMaze Blight","Displayed Cursed Tome","Downfall","Emptier Cage","Energized Spire","Exacting","Friendly Minions","Glutton Mod","Halation","Hubris","Hyrulean Relics","Infinite Spire","Marisa????????","Mimic Mod","Minty Spire (QoL Compilation)","Mirrors Mod","Permanent Neow","Relic Sorter","Replay The Spire","Shop Mod","Spicy Shops","Spikes Relics","StSLib","SuperFastMode","The Blue Laboratory","The Bug Knight","The Cursed","The Jungle","Uncapped","Wandering Minibosses"],"gold_per_floor":[99,132,132,132,132,32,84,84,84,114,132,175,175,209,233,357,357,257,293,293,79,104,123,123,123,157,177,77,202,202,202,215,345,345,345,364,394,394,519,533,578,578,578,578,615,615,628,667,690,690,690,728,31,31,31,31],"floor_reached":57,"language":"ENG","playtime":4110,"items_purged":["Injury"],"score":1641,"play_id":"71b2d3a1-aef8-4539-897f-5145f0ccaf54","local_time":"20210216014916","daily_mods":["Heirloom","Time Dilation","Flight"],"is_ascension_mode":true,"campfire_choices":[{"floor":1,"key":"RECALL"},{"data":"TheCursedMod:CircleOfFlame","floor":6,"key":"SMITH"},{"floor":9,"key":"REST"},{"data":"TheCursedMod:CollectTribute","floor":18,"key":"SMITH"},{"data":"TheCursedMod:CircleOfAmplification","floor":28,"key":"SMITH"},{"data":"TheCursedMod:CleanUpWorkshop","floor":30,"key":"SMITH"},{"data":"TheCursedMod:SoulReap","floor":35,"key":"SMITH"},{"data":"TheCursedMod:NeowsMight","floor":42,"key":"SMITH"},{"data":"TheCursedMod:CircleOfCorruption","floor":46,"key":"SMITH"},{"data":"TheCursedMod:HellfireBreathing","floor":54,"key":"SMITH"}],"circlet_count":0,"master_deck":["TheCursedMod:Strike_TheCursed","TheCursedMod:Strike_TheCursed+1","TheCursedMod:Strike_TheCursed","TheCursedMod:Strike_TheCursed","TheCursedMod:Defend_TheCursed","TheCursedMod:Defend_TheCursed","TheCursedMod:Defend_TheCursed+1","TheCursedMod:Defend_TheCursed","TheCursedMod:CursedWand","TheCursedMod:CleanUpWorkshop+1","TheCursedMod:Dregs","TheCursedMod:WearCloak+1","TheCursedMod:CircleOfFlame+1","Injury","TheCursedMod:NeowsMight+1","TheCursedMod:SoulReap+1","TheCursedMod:Obscuration","TheCursedMod:CursedBoomerang+1","TheCursedMod:CircleOfAmplification+1","TheCursedMod:CollectTribute+1","TheCursedMod:CircleOfCorruption+1","wanderingMiniBosses:FinaleOfPromise","TheCursedMod:Stigma+1","Writhe","TheCursedMod:CircleOfCorruption+1","TheCursedMod:CircleOfFlame+1","TheCursedMod:FleshFromBone+1","TheCursedMod:SpitefulPray+1","TheCursedMod:NeowsMight+1","TheCursedMod:CursedRelics+1","TheCursedMod:SoulReap+1","TheCursedMod:CircleOfFlame+1","TheCursedMod:CircleOfBlood+1","Looming Evil","TheCursedMod:Stigma+1","TheCursedMod:HellfireBreathing+1","expansioncontent:DashGenerateEvil+1","TheCursedMod:Stigma+1"],"relics":["TheCursedMod:BlackMagic101","hubris:Icosahedron","SuspiciousGoo","zeldaRelics:BlueTunic","Golden Idol","downfall:HeartBlessingRed","hubris:Towel","hubris:SlimyHat","zeldaRelics:CourageTriforce","Molten Egg 2","Sandwich","downfall:HeartBlessingBlue","wanderingMiniBosses:Blackblade","Gambling Chip","zeldaRelics:WisdomTriforce","downfall:HeartBlessingGreen","infinitespire:Lychee Nut","RoseTintedShades","Toy Ornithopter","halation:Prosthetics","Potion Belt","conspire:GlowingRock","infinitespire:Joker Card","Ring of Fangs","Ring of Misfortune","hubris:CrystalStatue","zeldaRelics:PowerPiece","hubris:TenFootPole","MerchantsRug","conspire:TopHat"],"acts_visited":["Exordium","TheCity","TheBeyond","TheEnding"],"potions_floor_usage":[16,16,16,29,50,56,56,56,56,56,56],"damage_taken":[{"damage":0,"enemies":"Cultist","floor":2,"turns":4},{"damage":74,"enemies":"Cultist","floor":3,"turns":8},{"damage":0,"enemies":"2 Louse","floor":11,"turns":2},{"damage":0,"enemies":"HollowMod:MossKnight","floor":12,"turns":9},{"damage":2,"enemies":"Lagavulin","floor":14,"turns":7},{"damage":3,"enemies":"FloatingMirror","floor":15,"turns":2},{"damage":17,"enemies":"WA_ARCHETYPE_RETAIN","floor":16,"turns":7},{"damage":0,"enemies":"Shell Parasite","floor":19,"turns":2},{"damage":44,"enemies":"downfall:FleeingMerchant","floor":21,"turns":11},{"damage":0,"enemies":"conspire:FuzzyDice","floor":22,"turns":2},{"damage":0,"enemies":"Snecko","floor":23,"turns":2},{"damage":0,"enemies":"Replay:Snechameleon","floor":26,"turns":3},{"damage":0,"enemies":"Centurion and Healer","floor":27,"turns":2},{"damage":0,"enemies":"Colosseum Nobs","floor":29,"turns":2},{"damage":0,"enemies":"Sentry and Sphere","floor":32,"turns":3},{"damage":0,"enemies":"SI_MIRROR_ARCHETYPE","floor":33,"turns":7},{"damage":0,"enemies":"Orb Walker","floor":36,"turns":2},{"damage":0,"enemies":"3 Shapes","floor":37,"turns":1},{"damage":0,"enemies":"downfall:LadyInBlue","floor":39,"turns":3},{"damage":0,"enemies":"3 Darklings","floor":40,"turns":2},{"damage":8,"enemies":"Sphere and 2 Shapes","floor":41,"turns":4},{"damage":0,"enemies":"conspire:MimicChest","floor":45,"turns":2},{"damage":0,"enemies":"Sphere and 2 Shapes","floor":47,"turns":2},{"damage":10,"enemies":"Nightmare","floor":48,"turns":3},{"damage":0,"enemies":"Spire Growth","floor":49,"turns":2},{"damage":0,"enemies":"IC_BLOCK_ARCHETYPE","floor":50,"turns":3},{"damage":0,"enemies":"downfall:CharBossMerchant","floor":52,"turns":3},{"damage":1,"enemies":"downfall:NeowBoss","floor":55,"turns":5},{"damage":0,"enemies":"downfall:NeowBossFinal","floor":56,"turns":5}],"seed_played":"2267061867628052501","potions_obtained":[{"floor":11,"key":"Fire Potion"},{"floor":12,"key":"blueLaboratory:FruitPunch"},{"floor":15,"key":"SteroidPotion"},{"floor":26,"key":"blueLaboratory:FruitPunch"},{"floor":27,"key":"LiquidBronze"},{"floor":32,"key":"blueLaboratory:HorrorPotion"},{"floor":33,"key":"Weak Potion"},{"floor":39,"key":"blueLaboratory:Moonshine"},{"floor":39,"key":"Languid Potion"},{"floor":47,"key":"blueLaboratory:FrostheartPotion"},{"floor":49,"key":"blueLaboratory:EmptyBottle"},{"floor":52,"key":"Adrenaline Potion"}],"is_trial":true,"path_per_floor":["R","M","?","?","?","R","T","?","R","?","M","E","?","E","M","B",null,"R","M","?","$","M","M","T","T","E","M","R","?","R","AVR","M","B",null,"R","M","M","?","?","M","MIM","R","?","T","?","R","M","NM","M","B",null,"E","$","R","B","B",null],"character_chosen":"THE_CURSED","items_purchased":["champ:Barbells","Gambling Chip","DuplicationPotion","TheCursedMod:HellfireBreathing","hubris:TenFootPole","blueLaboratory:BottleOfVodka","expansioncontent:DashGenerateEvil","MerchantsRug","TheCursedMod:Stigma+1","conspire:TopHat"],"campfire_rested":1,"item_purchase_floors":[21,21,21,53,53,53,53,53,53,53],"current_hp_per_floor":[75,75,1,1,1,1,1,1,23,23,23,29,29,33,37,30,77,87,87,61,26,37,56,56,56,56,56,56,56,56,56,61,65,30,30,30,33,33,33,33,29,29,29,29,33,33,33,23,26,33,33,33,33,33,33,33],"gold":31,"neow_bonus":"","is_daily":false,"chose_seed":false,"campfire_upgraded":8,"win_rate":0.0,"timestamp":1613440156,"path_taken":["R","M","?","?","?","R","T","?","R","?","?","E","?","E","M","BOSS","R","M","?","?","?","M","T","?","E","M","R","?","R","AVR","M","BOSS","R","M","M","?","?","?","MIM","R","?","?","?","R","?","NM","M","BOSS","E","$","R","BOSS","BOSS"],"items_purchased_type":["Relic","Relic","Potion","Card","Relic","Potion","Card","Relic","Card","Relic"],"build_version":"2020-12-22","purchased_purges":1,"victory":true,"max_hp_per_floor":[75,75,75,75,75,75,75,75,75,75,75,75,75,75,75,77,77,87,87,87,87,87,87,87,87,87,87,87,65,65,65,65,65,30,30,30,33,33,33,33,33,33,33,33,33,33,33,33,33,33,33,33,33,33,33,33],"card_choices":[{"not_picked":["TheCursedMod:Stretching","TheCursedMod:SoulCrush"],"picked":"TheCursedMod:WearCloak","floor":2},{"not_picked":["TheCursedMod:CursedAmulet","TheCursedMod:FleshFromBone"],"picked":"TheCursedMod:CircleOfFlame","floor":3},{"not_picked":["TheCursedMod:CircleOfWindfury","TheCursedMod:FleshFromBone"],"picked":"TheCursedMod:NeowsMight","floor":11},{"not_picked":["TheCursedMod:RavingStaff","TheCursedMod:CursedSpellbook"],"picked":"TheCursedMod:SoulReap","floor":11},{"not_picked":["TheCursedMod:CursedArmor","TheCursedMod:CursedShiv"],"picked":"TheCursedMod:Obscuration","floor":12},{"not_picked":["TheCursedMod:AshesToAshes","TheCursedMod:PrepareRite"],"picked":"TheCursedMod:CursedBoomerang+1","floor":14},{"not_picked":["TheCursedMod:Mangle+1","TheCursedMod:TroublousMinions"],"picked":"TheCursedMod:CircleOfAmplification","floor":15},{"not_picked":["TheCursedMod:ShockAndAwe+1","TheCursedMod:NeowsMight"],"picked":"TheCursedMod:CollectTribute","floor":16},{"not_picked":["TheCursedMod:SoulCrush+1","TheCursedMod:CursedStaff+1"],"picked":"TheCursedMod:CircleOfCorruption","floor":19},{"not_picked":[],"picked":"wanderingMiniBosses:FinaleOfPromise","floor":21},{"not_picked":["TheCursedMod:CursedSpellbook","TheCursedMod:CursedMace+1"],"picked":"TheCursedMod:Stigma+1","floor":21},{"not_picked":["TheCursedMod:CursedMace+1","TheCursedMod:Evocation+1"],"picked":"TheCursedMod:CircleOfCorruption+1","floor":22},{"not_picked":["TheCursedMod:PrepareRite","TheCursedMod:Stretching"],"picked":"TheCursedMod:CircleOfFlame+1","floor":23},{"not_picked":["TheCursedMod:SpitefulPray","TheCursedMod:VitalStrike+1"],"picked":"TheCursedMod:FleshFromBone","floor":26},{"not_picked":["TheCursedMod:DemonicPact","TheCursedMod:FleshFromBone+1"],"picked":"TheCursedMod:SpitefulPray+1","floor":27},{"not_picked":["TheCursedMod:CircleOfCorruption+1","TheCursedMod:CursedAmulet"],"picked":"TheCursedMod:NeowsMight","floor":29},{"not_picked":["TheCursedMod:Wield+1","TheCursedMod:RapidMovement","TheCursedMod:CursedMace+1"],"picked":"SKIP","floor":32},{"not_picked":["TheCursedMod:Neurasthenia","TheCursedMod:DarkBarrier"],"picked":"TheCursedMod:CursedRelics+1","floor":33},{"not_picked":["TheCursedMod:ManaBullet+1","TheCursedMod:ReleasedKnowledge+1"],"picked":"TheCursedMod:SoulReap+1","floor":36},{"not_picked":["TheCursedMod:RapidMovement+1","TheCursedMod:WearCloak+1","TheCursedMod:CursedShiv+1"],"picked":"SKIP","floor":37},{"not_picked":["TheCursedMod:Wield+1","TheCursedMod:RavingStaff+1"],"picked":"TheCursedMod:CircleOfFlame+1","floor":39},{"not_picked":["TheCursedMod:DoubleShield+1","TheCursedMod:RapidMovement","TheCursedMod:CursedAmulet"],"picked":"SKIP","floor":40},{"not_picked":["TheCursedMod:VitalStrike+1","TheCursedMod:FleshFromBone"],"picked":"TheCursedMod:CircleOfBlood+1","floor":41},{"not_picked":["TheCursedMod:CursedShiv+1","TheCursedMod:SmokeScreen"],"picked":"TheCursedMod:Stigma+1","floor":45},{"not_picked":["TheCursedMod:CursedMace+1","TheCursedMod:Evocation","TheCursedMod:ManaBullet+1"],"picked":"SKIP","floor":47},{"not_picked":["TheCursedMod:WearCloak","TheCursedMod:Stretching","TheCursedMod:CursedBlade+1"],"picked":"SKIP","floor":48},{"not_picked":["TheCursedMod:StingEye+1","TheCursedMod:Obscuration+1","TheCursedMod:Stretching+1"],"picked":"SKIP","floor":49},{"not_picked":["TheCursedMod:Wield+1","TheCursedMod:DoubleShield+1","TheCursedMod:TacticalStrike+1"],"picked":"SKIP","floor":52}],"player_experience":359468,"relics_obtained":[{"floor":3,"key":"zeldaRelics:BlueTunic"},{"floor":12,"key":"zeldaRelics:CouragePiece"},{"floor":14,"key":"zeldaRelics:CouragePiece"},{"floor":21,"key":"wanderingMiniBosses:Blackblade"},{"floor":24,"key":"zeldaRelics:CouragePiece"},{"floor":25,"key":"zeldaRelics:WisdomPiece"},{"floor":26,"key":"zeldaRelics:WisdomPiece"},{"floor":29,"key":"infinitespire:Lychee Nut"},{"floor":29,"key":"RoseTintedShades"},{"floor":39,"key":"Potion Belt"},{"floor":41,"key":"conspire:GlowingRock"},{"floor":41,"key":"infinitespire:Joker Card"},{"floor":43,"key":"Ring of Fangs"},{"floor":43,"key":"Ring of Misfortune"},{"floor":44,"key":"zeldaRelics:WisdomPiece"},{"floor":45,"key":"hubris:CrystalStatue"},{"floor":48,"key":"zeldaRelics:PowerPiece"},{"floor":52,"key":"zeldaRelics:PowerPiece"}],"event_choices":[{"damage_healed":0,"gold_gain":0,"player_choice":"Take Wound","damage_taken":0,"relics_obtained":["Golden Idol"],"max_hp_gain":0,"max_hp_loss":0,"event_name":"Golden Idol","floor":5,"gold_loss":0,"cards_obtained":["Injury"]},{"damage_healed":0,"gold_gain":30,"player_choice":"Searched \u00272\u0027 times","damage_taken":0,"relics_obtained":["hubris:SlimyHat"],"max_hp_gain":0,"max_hp_loss":0,"event_name":"Dead Adventurer","floor":10,"gold_loss":0}],"is_beta":false,"boss_relics":[{"not_picked":["ReplayTheSpireMod:DimensionalGlitch","Ectoplasm"],"picked":"Sandwich"},{"not_picked":["halation:PlatinumPhoenix","aspiration:RunicSpoon"],"picked":"halation:Prosthetics"}],"items_purged_floors":[21],"is_endless":false,"potions_floor_spawned":[11,12,15,26,27,32,33,37,39,45,47,48,49,52],"ascension_level":1}}