{"host":"zjc1tzo4ovig5lll","time":1613493499,"event":{"mods":["AchievementEnabler","Aspiration","BaseMod","Beaked The Cultist","Better Altar","Better Match","Better Note","Better Sensory Stone","Colored Map","Colored Powertips","Conspire","Energized Spire","Friendly Minions","GifTheSpireLib","Hermit","Minty Spire (QoL Compilation)","Rare Cards Sparkle","Reliquary","Replay The Spire","StSLib","The Blue Laboratory","The Construct","The Jungle","everything is the same but u backflip on backflip"],"gold_per_floor":[115,64,75,90,90,90,15,15,97,110,110,110,135,165,165,261,261,272,120,120,140,65,94,23,23,23,23,33,33,33,52,52,157,157,173,273,108,119,138,138,138,138],"floor_reached":41,"language":"ENG","playtime":1504,"items_purged":["construct:AttackMode"],"score":590,"play_id":"37114fa9-3519-42c7-b64c-56230eef2e10","local_time":"20210216183819","is_ascension_mode":true,"campfire_choices":[{"data":"construct:Autoturret","floor":6.0,"key":"SMITH"},{"data":"construct:ReactiveShield","floor":11.0,"key":"SMITH"},{"data":"construct:Enhance+1","floor":15.0,"key":"SMITH"},{"floor":25,"key":"REST"},{"data":"construct:BatteryCore","floor":27,"key":"SMITH"},{"data":"construct:BatteryCore+1","floor":30,"key":"SMITH"},{"floor":32,"key":"RECALL"},{"data":"construct:DefenseMode","floor":40,"key":"SMITH"}],"circlet_count":0,"master_deck":["construct:Strike_Gold","construct:Strike_Gold","construct:Strike_Gold","construct:Strike_Gold","construct:Defend_Gold","construct:Defend_Gold","construct:Defend_Gold","construct:Defend_Gold","construct:Defend_Gold+1","construct:DefenseMode+1","construct:Enhance+2","construct:Autoturret+1","construct:ReactiveShield+1","construct:ScopeCore","construct:BatteryCore+2","construct:ScopeCore","construct:MetalShell","construct:LaserCore","construct:LaserCore+1","Panache"],"relics":["construct:ClockworkPhoenix","NeowsBlessing","Replay:WaspNest","Shovel","conspire:RunicOctahedron","aspiration:EmptySkull","Ancient Tea Set","aspiration:FutureDiary"],"acts_visited":["Exordium","TheCity","TheBeyond"],"potions_floor_usage":[41],"damage_taken":[{"damage":0.0,"enemies":"Small Slimes","floor":1.0,"turns":1.0},{"damage":0.0,"enemies":"Jaw Worm","floor":3.0,"turns":1.0},{"damage":0.0,"enemies":"2 Louse","floor":4.0,"turns":1.0},{"damage":1.0,"enemies":"Large Slime","floor":10.0,"turns":12.0},{"damage":16.0,"enemies":"3 Sentries","floor":13.0,"turns":10.0},{"damage":31.0,"enemies":"The Guardian","floor":16.0,"turns":12.0},{"damage":11.0,"enemies":"Shell Parasite","floor":18.0,"turns":7.0},{"damage":2.0,"enemies":"3 Byrds","floor":21.0,"turns":5.0},{"damage":37,"enemies":"conspire:SneckoGhost","floor":23,"turns":11},{"damage":0,"enemies":"Centurion and Healer","floor":28,"turns":6},{"damage":5,"enemies":"Snake Plant","floor":31,"turns":4},{"damage":35,"enemies":"conspire:MysteriousRune","floor":33,"turns":7},{"damage":9,"enemies":"Orb Walker","floor":35,"turns":5},{"damage":26,"enemies":"3 Darklings","floor":38,"turns":4},{"damage":0,"enemies":"Maw","floor":39,"turns":6},{"damage":29,"enemies":"Sphere and 2 Shapes","floor":41,"turns":5}],"seed_played":"3675761436612072589","potions_obtained":[{"floor":16.0,"key":"blueLaboratory:BottleOfRum"},{"floor":23,"key":"SkillPotion"},{"floor":38,"key":"blueLaboratory:StoneskinPotion"}],"is_trial":false,"path_per_floor":["M","$","M","M","?","R","$","?","T","M","R","$","E","?","R","B",null,"M","$","?","M","?","E","$","R","T","R","M","?","R","M","R","B",null,"M","?","$","M","M","R","M"],"character_chosen":"THE_CONSTRUCT_MOD","items_purchased":["construct:Autoturret","aspiration:EmptySkull","construct:LaserCore","Panache"],"campfire_rested":1,"item_purchase_floors":[2,19,24,37],"current_hp_per_floor":[77,77,77,77,77,77,77,60,60,59,59,59,43,43,43,12,67,56,56,56,54,54,17,17,42,42,42,42,42,42,37,37,2,64,55,55,55,29,29,29,0,0],"gold":138,"neow_bonus":"THREE_ENEMY_KILL","is_daily":false,"chose_seed":false,"campfire_upgraded":6,"win_rate":0.0,"timestamp":1613493499,"path_taken":["M","$","M","M","?","R","$","?","T","M","R","?","E","?","R","BOSS","M","$","?","M","?","E","$","R","T","R","?","?","R","M","R","BOSS","M","?","$","M","M","R","?"],"items_purchased_type":["Card","Relic","Card","Card"],"build_version":"2020-12-22","purchased_purges":1,"victory":false,"max_hp_per_floor":[85,85,85,85,85,85,85,85,85,85,85,85,85,85,85,85,85,85,85,85,85,85,85,85,85,85,85,85,85,85,85,85,85,85,85,85,85,85,85,85,85,85],"card_choices":[{"not_picked":["construct:UnbalancingBlast","construct:Electrocute"],"picked":"construct:Enhance","floor":1.0},{"not_picked":["construct:Backfire","construct:SaveState","construct:ModeShift"],"picked":"SKIP","floor":3.0},{"not_picked":["construct:Reinforce","construct:FocusedBeam","construct:Forcefield"],"picked":"SKIP","floor":4.0},{"not_picked":["construct:Tumble","construct:CripplingShot"],"picked":"construct:ReactiveShield","floor":10.0},{"not_picked":["construct:ClusterMines","construct:Hazardproof"],"picked":"construct:ScopeCore","floor":13.0},{"not_picked":["construct:Multistage","construct:GoldenBullet"],"picked":"construct:BatteryCore","floor":16.0},{"not_picked":["construct:SyphonStrike","construct:FierceBash+1"],"picked":"construct:ScopeCore","floor":18.0},{"not_picked":["construct:Synchronize+1","construct:SaveState","construct:FocusedBeam+1"],"picked":"SKIP","floor":21.0},{"not_picked":["construct:ClockworkEgg","construct:ElectricArmor+1"],"picked":"construct:MetalShell","floor":23},{"not_picked":["construct:SyphonStrike","construct:Synchronize+1","construct:Autoturret"],"picked":"SKIP","floor":28},{"not_picked":["construct:ModeShift+1","construct:ScrapCannon","construct:FocusedBeam"],"picked":"SKIP","floor":31},{"not_picked":["construct:VentSteam+1","construct:ShiftStrike"],"picked":"construct:LaserCore+1","floor":35},{"not_picked":["construct:Accumulate+1","construct:CriticalHit+1","construct:ClusterMines+1"],"picked":"SKIP","floor":38},{"not_picked":["construct:Multistage","construct:HardReboot","construct:Versatility"],"picked":"SKIP","floor":39}],"player_experience":740392,"relics_obtained":[{"floor":9.0,"key":"Replay:WaspNest"},{"floor":13.0,"key":"Shovel"},{"floor":23,"key":"Ancient Tea Set"}],"event_choices":[{"damage_healed":0.0,"max_hp_gain":0.0,"max_hp_loss":0.0,"gold_gain":0.0,"event_name":"conspire:LoneGhost","player_choice":"Disagree","floor":5.0,"gold_loss":0.0,"damage_taken":0.0},{"damage_healed":0.0,"max_hp_gain":0.0,"max_hp_loss":0.0,"gold_gain":0.0,"event_name":"Shining Light","player_choice":"Entered Light","floor":8.0,"gold_loss":0.0,"damage_taken":17.0,"cards_upgraded":["construct:Defend_Gold","construct:Enhance"]},{"damage_healed":0.0,"max_hp_gain":0.0,"max_hp_loss":0.0,"gold_gain":30.0,"event_name":"Dead Adventurer","player_choice":"Searched \u00272\u0027 times","floor":14.0,"gold_loss":0.0,"damage_taken":0.0},{"cards_removed":["construct:Strike_Gold"],"damage_healed":0.0,"max_hp_gain":0.0,"max_hp_loss":0.0,"gold_gain":0.0,"event_name":"Beggar","player_choice":"Gave Gold","floor":22.0,"gold_loss":75.0,"damage_taken":0.0},{"damage_healed":0,"gold_gain":100,"player_choice":"Pray","damage_taken":0,"max_hp_gain":0,"max_hp_loss":0,"event_name":"Golden Shrine","floor":36,"gold_loss":0}],"is_beta":false,"boss_relics":[{"not_picked":["Fusion Hammer","energizedSpire:DeadBattery"],"picked":"conspire:RunicOctahedron"},{"not_picked":["Abe\u0027s Treasure","energizedSpire:HugeHouse"],"picked":"aspiration:FutureDiary"}],"items_purged_floors":[7],"is_endless":false,"potions_floor_spawned":[1,16,23,31,38],"killed_by":"Sphere and 2 Shapes","ascension_level":9}}