{"host":"5hsgormuu0lj4iiq","time":1613498917,"event":{"mods":["AchievementEnabler","BaseMod","Colored Map","Colored Powertips","Minty Spire (QoL Compilation)","Quick Restart","Relic Stats","SuperFastMode","everything is the same but u backflip on backflip","slay the spire mod where everything is the same but ironclad has a cowboy hat"],"gold_per_floor":[117,117,117,87,101,101,133,133,158,188,188,34,54,106,106,180,180,205,224,68,89,103,103,103,103],"floor_reached":24,"language":"ENG","playtime":492,"items_purged":[],"score":361,"play_id":"c512fcb1-a295-40f7-b288-fcd0555aa45f","local_time":"20210216130837","is_ascension_mode":true,"campfire_choices":[{"data":"Zap","floor":6.0,"key":"SMITH"},{"data":"Dualcast","floor":8.0,"key":"SMITH"},{"data":"Strike_B","floor":11.0,"key":"SMITH"},{"data":"Strike_B","floor":15,"key":"SMITH"},{"floor":23,"key":"REST"}],"circlet_count":0,"master_deck":["AscendersBane","Strike_B","Strike_B+1","Strike_B+1","Strike_B+1","Defend_B","Defend_B","Defend_B","Defend_B","Zap+1","Dualcast+1","Conserve Battery+1","Darkness","Doom and Gloom+1","Coolheaded"],"relics":["Cracked Core","NeowsBlessing","Calipers","CeramicFish","Blood Vial","StrikeDummy","Bronze Scales","Anchor","Snecko Eye","Whetstone"],"acts_visited":["Exordium","TheCity"],"potions_floor_usage":[16,16,24,24],"damage_taken":[{"damage":0.0,"enemies":"Jaw Worm","floor":1.0,"turns":1.0},{"damage":0.0,"enemies":"2 Louse","floor":5.0,"turns":1.0},{"damage":0.0,"enemies":"Lagavulin","floor":7.0,"turns":1.0},{"damage":1.0,"enemies":"Cultist","floor":13.0,"turns":3.0},{"damage":34,"enemies":"Hexaghost","floor":16,"turns":9},{"damage":12,"enemies":"Shell Parasite","floor":18,"turns":7},{"damage":0,"enemies":"Chosen","floor":19,"turns":4},{"damage":30,"enemies":"Shelled Parasite and Fungi","floor":21,"turns":6},{"damage":24,"enemies":"Centurion and Healer","floor":22,"turns":6},{"damage":33,"enemies":"Slavers","floor":24,"turns":3}],"seed_played":"2231777499602194530","potions_obtained":[{"floor":4.0,"key":"ColorlessPotion"},{"floor":4.0,"key":"Fire Potion"},{"floor":16,"key":"SteroidPotion"},{"floor":18,"key":"Energy Potion"},{"floor":19,"key":"PowerPotion"}],"is_trial":false,"path_per_floor":["M","?","?","?","M","R","E","R","T","?","R","$","M","T","R","B",null,"M","M","$","M","M","R","E"],"character_chosen":"DEFECT","items_purchased":["Bronze Scales","Whetstone"],"campfire_rested":1,"item_purchase_floors":[12,20],"current_hp_per_floor":[68,65,65,65,65,65,65,65,65,65,65,65,66,66,66,34,65,55,57,57,29,7,29,0,0],"gold":103,"neow_bonus":"THREE_ENEMY_KILL","is_daily":false,"chose_seed":false,"campfire_upgraded":4,"win_rate":0.0,"timestamp":1613498917,"path_taken":["M","?","?","?","?","R","E","R","T","?","R","$","M","?","R","BOSS","M","M","$","M","M","R","E"],"items_purchased_type":["Relic","Relic"],"build_version":"2020-12-22","purchased_purges":0,"victory":false,"max_hp_per_floor":[75,75,75,75,75,75,75,75,75,75,75,75,75,75,75,75,75,75,75,75,75,75,75,75,75],"relic_stats":{"Blood Vial":14,"counters":[10,41],"CeramicFish":27,"Bronze Scales":[143],"Snecko Eye":[40,53,40,45],"Whetstone":["Doom and Gloom","Strike_B"],"obtain_stats":[{"Blood Vial":9,"Anchor":14,"Calipers":2,"NeowsBlessing":0,"CeramicFish":7,"Bronze Scales":12,"Snecko Eye":17,"Whetstone":20,"Cracked Core":0,"StrikeDummy":10},{"Blood Vial":3,"Anchor":4,"Calipers":1,"NeowsBlessing":0,"CeramicFish":3,"Bronze Scales":3,"Snecko Eye":5,"Whetstone":7,"Cracked Core":0,"StrikeDummy":3},{"Blood Vial":3,"Anchor":6,"Calipers":1,"NeowsBlessing":0,"CeramicFish":3,"Bronze Scales":3,"Snecko Eye":15,"Whetstone":26,"Cracked Core":0,"StrikeDummy":3}]},"card_choices":[{"not_picked":["Redo","Scrape"],"picked":"Conserve Battery","floor":1.0},{"not_picked":["Sunder","Rebound","Blizzard"],"picked":"SKIP","floor":5.0},{"not_picked":["Stack","Force Field","Scrape"],"picked":"SKIP","floor":7.0},{"not_picked":["Turbo","Stack","Beam Cell"],"picked":"SKIP","floor":13.0},{"not_picked":["Sweeping Beam+1","Steam"],"picked":"Darkness","floor":18},{"not_picked":["Conserve Battery","Capacitor"],"picked":"Doom and Gloom","floor":19},{"not_picked":["Streamline","Ball Lightning+1"],"picked":"Coolheaded","floor":21},{"not_picked":["Rebound","Heatsinks+1","Melter"],"picked":"SKIP","floor":22}],"player_experience":740233,"relics_obtained":[{"floor":7.0,"key":"CeramicFish"},{"floor":9.0,"key":"Blood Vial"},{"floor":14,"key":"Anchor"}],"event_choices":[{"damage_healed":0.0,"max_hp_gain":0.0,"max_hp_loss":0.0,"gold_gain":0.0,"event_name":"Scrap Ooze","player_choice":"Success","floor":2.0,"gold_loss":0.0,"damage_taken":3.0,"relics_obtained":["Calipers"]},{"damage_healed":0.0,"max_hp_gain":0.0,"max_hp_loss":0.0,"gold_gain":0.0,"event_name":"Living Wall","player_choice":"Grow","floor":3.0,"gold_loss":0.0,"damage_taken":0.0,"cards_upgraded":["Conserve Battery"]},{"damage_healed":0.0,"max_hp_gain":0.0,"max_hp_loss":0.0,"gold_gain":0.0,"event_name":"The Woman in Blue","player_choice":"Bought 2 Potions","floor":4.0,"gold_loss":0.0,"damage_taken":0.0},{"damage_healed":0.0,"max_hp_gain":0.0,"max_hp_loss":0.0,"gold_gain":30.0,"event_name":"Dead Adventurer","player_choice":"Searched \u00273\u0027 times","floor":10.0,"gold_loss":0.0,"damage_taken":0.0,"relics_obtained":["StrikeDummy"]}],"is_beta":false,"boss_relics":[{"not_picked":["Calling Bell","SacredBark"],"picked":"Snecko Eye"}],"items_purged_floors":[],"is_endless":false,"potions_floor_spawned":[5,7,16,18,19],"killed_by":"Slavers","ascension_level":13}}