{"host":"9nqlpswyo8o6ezw3","time":1613450950,"event":{"mods":["Act Like it!","BaseMod","Colored Powertips","Downfall","Hallownest","Hermit","Lobotomy","LobotomyExtend","Marisa????????","Minty Spire (QoL Compilation)","StSLib","The Bug Knight","The Cursed"],"gold_per_floor":[114,114,128,128,29,29,60,60,60,60,60,87,87,103,103,198,198,209,44,56,56,73,73,103,103,151,167,167,167],"floor_reached":28,"language":"ENG","playtime":1935,"items_purged":[],"score":255,"play_id":"99c39be5-14bf-4447-a06f-4d4eeb08ad35","local_time":"20210215234910","is_ascension_mode":true,"campfire_choices":[{"data":"FlyingSleeves","floor":6,"key":"SMITH"},{"floor":8,"key":"REST"},{"data":"SashWhip","floor":11,"key":"SMITH"},{"data":"Evaluate","floor":15,"key":"SMITH"},{"floor":23,"key":"REST"},{"data":"Vigilance","floor":25,"key":"SMITH"}],"circlet_count":0,"master_deck":["Strike_P","Strike_P","Strike_P","Strike_P","Defend_P","Defend_P","Defend_P","Defend_P","Eruption+1","Vigilance+1","FlurryOfBlows","DreamingCurrent","ClearTheMind","FlurryOfBlows","FlyingSleeves+1","SashWhip+1","OSAHOGD","Indignation","Parasite","UniverseFragment","Evaluate+1","Establishment","Conclude","Consecrate","InnerPeace","BattleHymn","ShyLook","CutThroughFate","MHz","PathToVictory","NakedNest","CrushJoints+1","Pain","Prostrate+1"],"relics":["PureWater","CogitoBucket","LetterFromLob","Bronze Scales","White Beast Statue","Pantograph","Cursed Key","AspirationHeart","Toxic Egg 2","HollowMod:PaleOreRelic"],"acts_visited":["Exordium","Hallownest:CityofTears"],"potions_floor_usage":[16],"damage_taken":[{"damage":0,"enemies":"Small Slimes","floor":1,"turns":5},{"damage":0,"enemies":"Cultist","floor":3,"turns":2},{"damage":43,"enemies":"Lagavulin","floor":7,"turns":5},{"damage":13,"enemies":"Gremlin Nob","floor":12,"turns":3},{"damage":12,"enemies":"Jaw Worm","floor":14,"turns":2},{"damage":51,"enemies":"Slime Boss","floor":16,"turns":13},{"damage":39,"enemies":"Hallownest:3_Youths","floor":18,"turns":4},{"damage":9,"enemies":"Hallownest:Guard_and_Sentry","floor":20,"turns":3},{"damage":13,"enemies":"Hallownest:Master_and_Novice","floor":22,"turns":3},{"damage":49,"enemies":"Hallownest:Nosk","floor":24,"turns":10},{"damage":17,"enemies":"Hallownest:2_Flukemon","floor":27,"turns":5},{"damage":93,"enemies":"Hallownest:2_Husk_Sentries","floor":28,"turns":2}],"seed_played":"843130459238536826","potions_obtained":[{"floor":1,"key":"StancePotion"},{"floor":12,"key":"champ:CounterPotion"},{"floor":14,"key":"AttackPotion"},{"floor":16,"key":"Swift Potion"},{"floor":18,"key":"SneckoOil"}],"is_trial":false,"path_per_floor":["M","?","M","?","$","R","E","R","T","M","R","E","?","M","R","B",null,"M","$","M","?","M","R","E","R","T","M","M"],"character_chosen":"WATCHER","items_purchased":["FlurryOfBlows","FlyingSleeves","Consecrate","InnerPeace","BattleHymn"],"campfire_rested":2,"item_purchase_floors":[5,5,19,19,19],"current_hp_per_floor":[72,72,72,72,72,72,47,68,68,68,68,59,72,60,60,66,72,55,55,58,58,63,82,69,69,69,76,0,0],"gold":167,"neow_bonus":"","is_daily":false,"chose_seed":false,"campfire_upgraded":4,"win_rate":0.0,"timestamp":1613450950,"path_taken":["M","?","?","?","?","R","E","R","T","?","R","E","?","M","R","BOSS","M","?","?","?","M","R","E","R","T","?","M"],"items_purchased_type":["Card","Card","Card","Card","Card"],"build_version":"2020-12-22","purchased_purges":0,"victory":false,"max_hp_per_floor":[72,72,72,72,72,72,72,72,72,72,72,72,72,72,72,72,72,82,82,82,82,82,82,82,82,82,82,82,82],"card_choices":[{"not_picked":["Bloodbath","LittlePrince"],"picked":"HeroicMonk","floor":1},{"not_picked":["BowlingBash","WheelKick"],"picked":"FlurryOfBlows","floor":1},{"not_picked":["RedShoes","MHz"],"picked":"DreamingCurrent","floor":3},{"not_picked":["Protect","CrushJoints"],"picked":"ClearTheMind","floor":3},{"not_picked":["WallGazer","VoidDream"],"picked":"PunishingBird","floor":7},{"not_picked":["Vengeance","ThirdEye"],"picked":"SashWhip","floor":7},{"not_picked":["SpiderBud","Murderer"],"picked":"OSAHOGD","floor":12},{"not_picked":["Wallop","Protect"],"picked":"Indignation","floor":12},{"not_picked":["QueenOfHatred","Porccubus"],"picked":"UniverseFragment","floor":14},{"not_picked":["Scrawl","Meditate"],"picked":"Evaluate","floor":14},{"not_picked":["WallGazer","VoidDream","SilentOrchestra"],"picked":"Singing Bowl","floor":16},{"not_picked":["MasterReality","Scrawl"],"picked":"Establishment","floor":16},{"not_picked":["FlyingSleeves","Weave"],"picked":"Conclude","floor":18},{"not_picked":["Freischutz","HappyTeddy"],"picked":"ShyLook","floor":20},{"not_picked":["InnerPeace","CutThroughFate","ClearTheMind"],"picked":"SKIP","floor":20},{"not_picked":["InnerPeace","ClearTheMind"],"picked":"CutThroughFate","floor":20},{"not_picked":["Mercenary","HeroicMonk"],"picked":"MHz","floor":22},{"not_picked":["SandsOfTime","Halt"],"picked":"PathToVictory","floor":22},{"not_picked":["RedShoes","Bloodbath"],"picked":"NakedNest","floor":24},{"not_picked":["Study","Wallop"],"picked":"CrushJoints+1","floor":24},{"not_picked":["ThirdEye+1","CarveReality"],"picked":"Prostrate+1","floor":27}],"player_experience":47641,"relics_obtained":[{"floor":1,"key":"LetterFromLob"},{"floor":7,"key":"Bronze Scales"},{"floor":9,"key":"White Beast Statue"},{"floor":12,"key":"Pantograph"},{"floor":24,"key":"Toxic Egg 2"},{"floor":26,"key":"HollowMod:PaleOreRelic"}],"event_choices":[{"cards_removed":["HeroicMonk"],"damage_healed":0,"gold_gain":0,"player_choice":"Purged","damage_taken":0,"max_hp_gain":0,"max_hp_loss":0,"event_name":"Purifier","floor":2,"gold_loss":0},{"damage_healed":0,"gold_gain":0,"player_choice":"Grow","damage_taken":0,"max_hp_gain":0,"max_hp_loss":0,"event_name":"Living Wall","floor":4,"gold_loss":0,"cards_upgraded":["Eruption"]},{"damage_healed":18,"gold_gain":0,"player_choice":"Healed and dodged fight","damage_taken":0,"max_hp_gain":0,"max_hp_loss":0,"event_name":"Mushrooms","floor":13,"gold_loss":0,"cards_obtained":["Parasite"]}],"is_beta":false,"boss_relics":[{"not_picked":["Coffee Dripper","Fusion Hammer"],"picked":"Cursed Key"}],"items_purged_floors":[],"is_endless":false,"potions_floor_spawned":[1,12,14,16,18,20,22,24,27],"killed_by":"Hallownest:2_Husk_Sentries","ascension_level":1}}