{"host":"e4wnmsyty9uvvtwf","time":1613465928,"event":{"mods":["Act Like it!","BaseMod","Colored Map","Colored Powertips","Gensokyo","Koishi","Minty Spire (QoL Compilation)","StSLib"],"gold_per_floor":[215,90,104,114,334,334,334,360,360,360,378,378,378,238,238,312,312,330,9,26,26,43,43,43,75,75,24,24,24,43,78,78,78,78],"floor_reached":33,"language":"ZHS","playtime":1653,"items_purged":["Koishi:BasicStrike"],"score":531,"play_id":"f6fee27a-7624-4a2e-b4e7-c6ab4a6d061e","local_time":"20210216165848","is_ascension_mode":true,"campfire_choices":[{"floor":6.0,"key":"REST"},{"data":"Koishi:ImGoingToCallYouNow","floor":10.0,"key":"SMITH"},{"data":"Koishi:ReleaseOfTheId","floor":12.0,"key":"SMITH"},{"data":"Koishi:FadingMemory","floor":15.0,"key":"SMITH"},{"data":"Koishi:HeartStoppingHorror","floor":23.0,"key":"SMITH"},{"data":"Koishi:ReleaseOfTheId","floor":28.0,"key":"SMITH"},{"floor":32.0,"key":"DIG"}],"circlet_count":0,"master_deck":["AscendersBane","Koishi:BasicDefend","Koishi:BasicDefend","Koishi:BasicDefend","Koishi:BasicDefend","Koishi:Provoke","Koishi:HauntingSlash","Koishi:ReleaseOfTheId+1","Koishi:FadingMemory+1","Koishi:Prune","Koishi:ImGoingToCallYouNow+1","Koishi:PredatoryInstincts","Koishi:HeartStoppingHorror+1","Koishi:EmbersOfLove","Koishi:ReleaseOfTheId+1","Gensokyo:Shovel","Koishi:SilentAndRestless","Koishi:ReleaseOfTheId+1"],"relics":["Koishi:ImaginaryFriend","Question Card","Torii","Shovel","Gensokyo:Justice","Lizard Tail","Empty Cage","Singing Bowl","Gensokyo:RedStar","Toy Ornithopter","Koishi:EchoesOfADeadGirl","Thread and Needle","Bag of Preparation"],"acts_visited":["Exordium","Gensokyo:Gensokyo"],"potions_floor_usage":[],"damage_taken":[{"damage":6.0,"enemies":"Gensokyo:3_Fairies","floor":1.0,"turns":6.0},{"damage":12.0,"enemies":"Gensokyo:Gryphon","floor":3.0,"turns":6.0},{"damage":24.0,"enemies":"Gensokyo:Python","floor":4.0,"turns":5.0},{"damage":7.0,"enemies":"Gensokyo:VengefulSpirit","floor":5.0,"turns":7.0},{"damage":11.0,"enemies":"Gensokyo:Cirno","floor":8.0,"turns":7.0},{"damage":27.0,"enemies":"Gensokyo:LivingMonolith","floor":11.0,"turns":4.0},{"damage":0.0,"enemies":"Gensokyo:Yukari","floor":16.0,"turns":8.0},{"damage":0.0,"enemies":"Gensokyo:2_Gloops","floor":18.0,"turns":5.0},{"damage":25.0,"enemies":"Gensokyo:AngelMirror","floor":20.0,"turns":4.0},{"damage":42.0,"enemies":"Gensokyo:Monolith_and_Dog","floor":22.0,"turns":5.0},{"damage":6.0,"enemies":"Gensokyo:Koishi","floor":25.0,"turns":7.0},{"damage":24.0,"enemies":"Gensokyo:Slime_Group","floor":30.0,"turns":5.0},{"damage":34.0,"enemies":"Gensokyo:Tenshi","floor":31.0,"turns":3.0},{"damage":0,"enemies":"Gensokyo:Eiki","floor":33,"turns":1}],"seed_played":"6290154281924001153","potions_obtained":[{"floor":1.0,"key":"Dexterity Potion"},{"floor":8.0,"key":"FairyPotion"},{"floor":16.0,"key":"Ancient Potion"},{"floor":22.0,"key":"Regen Potion"}],"is_trial":false,"path_per_floor":["M","COS","M","M","M","R","?","E","T","R","M","R","?","?","R","B",null,"M","$","M","?","M","R","?","E","T","COS","R","?","M","E","R","B"],"character_chosen":"KOISHI","items_purchased":["Singing Bowl"],"campfire_rested":1,"item_purchase_floors":[19],"current_hp_per_floor":[47,47,35,12,7,24,24,14,14,14,22,22,22,22,22,49,55,57,57,32,32,34,34,34,39,39,39,39,39,38,33,33,32,32],"gold":78,"neow_bonus":"HUNDRED_GOLD","is_daily":false,"chose_seed":false,"campfire_upgraded":5,"win_rate":0.0,"timestamp":1613465928,"path_taken":["M","COS","M","M","?","R","?","E","T","R","?","R","?","?","R","BOSS","M","$","?","?","?","R","?","E","T","COS","R","?","M","E","R","BOSS"],"items_purchased_type":["Relic"],"build_version":"2020-12-22","purchased_purges":1,"victory":false,"max_hp_per_floor":[57,57,57,57,57,57,57,57,57,57,57,57,57,57,57,57,57,57,57,57,57,59,59,59,61,61,61,61,61,61,63,63,32,32],"card_choices":[{"not_picked":["Koishi:IdleWhim","Koishi:SubconsciousSweep"],"picked":"Koishi:MassHysteria","floor":1.0},{"not_picked":["Koishi:PhantomStrike","Koishi:ParalyzingFear"],"picked":"Koishi:ReleaseOfTheId","floor":3.0},{"not_picked":["Koishi:Ego","Koishi:SilentAndRestless"],"picked":"Koishi:FadingMemory","floor":4.0},{"not_picked":["Koishi:CatchAndRose","Koishi:StingingMind"],"picked":"Koishi:Prune","floor":4.0},{"not_picked":["Koishi:SubconsciousSweep","Koishi:PhantomBarrier","Koishi:FleetingPhantom","Koishi:ReflexRadar"],"picked":"SKIP","floor":5.0},{"not_picked":["Koishi:Jaunt","Koishi:Bloodlust","Koishi:ReflexRadar"],"picked":"Koishi:ImGoingToCallYouNow","floor":8.0},{"not_picked":["Koishi:FourthEye","Koishi:Whimsy","Koishi:GeneticsOfTheUnconscious"],"picked":"Koishi:PredatoryInstincts","floor":11.0},{"not_picked":["Koishi:ConditionedTeleport","Koishi:RoseHell","Koishi:TerrifyingSpectre"],"picked":"Koishi:HeartStoppingHorror","floor":16.0},{"not_picked":["Koishi:FidgetySnatcher","Koishi:SpiritedAway+1","Koishi:FleetingPhantom"],"picked":"Koishi:EmbersOfLove","floor":18.0},{"not_picked":["Koishi:Catatonia","Koishi:YoukaiPolygraph","Koishi:ReflexRadar"],"picked":"Koishi:ReleaseOfTheId","floor":20.0},{"not_picked":["Koishi:DanmakuParanoia","Koishi:CatchAndRose","Koishi:StingingMind","Koishi:HeartfeltFancy"],"picked":"Singing Bowl","floor":22.0},{"not_picked":["Koishi:DanmakuParanoia","Koishi:Jaunt","Koishi:CatchAndRose","Koishi:PerfectMindControl"],"picked":"Singing Bowl","floor":25.0},{"not_picked":["Koishi:DreadfulBlow","Koishi:StingingMind","Koishi:DNAsFlaw"],"picked":"Koishi:ReleaseOfTheId+1","floor":30.0},{"not_picked":["Koishi:EmbryosDream","Koishi:DreadfulBlow","Koishi:ParalyzingFear+1","Koishi:HeartfeltFancy"],"picked":"Singing Bowl","floor":31.0}],"player_experience":565918,"relics_obtained":[{"floor":8.0,"key":"Torii"},{"floor":9.0,"key":"Shovel"},{"floor":25.0,"key":"Toy Ornithopter"},{"floor":26.0,"key":"Koishi:EchoesOfADeadGirl"},{"floor":31.0,"key":"Thread and Needle"},{"floor":32.0,"key":"Bag of Preparation"}],"event_choices":[],"is_beta":false,"boss_relics":[{"not_picked":["Koishi:ColorfulDays","Black Star"],"picked":"Empty Cage"}],"items_purged_floors":[19],"is_endless":false,"potions_floor_spawned":[1,8,16,20,22,25],"killed_by":"Gensokyo:Eiki","ascension_level":14}}