{"host":"fdtmcpjlr9eclyu9","time":1613499816,"event":{"mods":["Act Like it!","BaseMod","CapriCore","Downfall","Gremlin Mod","Minty Spire (QoL Compilation)","Quick Restart","Spicy Shops","StSLib","The Servant 0.9.4","TheHeartMod","Waifu the Spire"],"gold_per_floor":[99,117,117,129,129,167,212,122,197,206,237,254,254,254,265,370,370,370,370,391,415,415,431,431,431,10,10,24,24,36,186,199,297,297,297,324,369,145,157,174,198,198,209,228,247,9,9,9,25,25],"floor_reached":51,"language":"ZHS","playtime":3407,"items_purged":["Slimebound:Defend_Slimebound","Slimebound:Defend_Slimebound","Slimebound:Defend_Slimebound","Slimebound:Defend_Slimebound","Slimebound:Strike_Slimebound","Slimebound:Strike_Slimebound","Slimebound:Tackle","Slimebound:Recollect"],"score":759,"play_id":"84c25e77-a6cc-4e72-b194-6ca0a56c60b5","local_time":"20210217022336","is_ascension_mode":false,"campfire_choices":[{"data":"Slimebound:CorrosiveSpit","floor":1.0,"key":"SMITH"},{"data":"Slimebound:Teamwork","floor":13,"key":"SMITH"},{"data":"Slimebound:MassRepurpose","floor":18,"key":"SMITH"},{"data":"Slimebound:SamplingLick","floor":25,"key":"SMITH"},{"floor":35,"key":"RECALL"},{"data":"Slimebound:LeechEnergy","floor":47,"key":"SMITH"}],"circlet_count":0,"master_deck":["Slimebound:Split","Slimebound:CorrosiveSpit+1","Slimebound:Schlurp","Slimebound:LeechEnergy+1","Slimebound:SplitMire","Slimebound:Teamwork+1","Slimebound:MassRepurpose+1","Slimebound:Schlurp","Slimebound:LeechEnergy","Slimebound:ComboTackle","Slimebound:ComboTackle+1"],"relics":["Slimebound:AbsorbEndCombat","MealTicket","CeramicFish","Slimebound:AggressiveSlimeRelic","Sundial","Busted Crown","Omamori","Membership Card","Regal Pillow","Slimebound:SelfDamagePreventRelic","InkBottle","SlaversCollar","Ice Cream","Slimebound:MaxSlimesRelic"],"acts_visited":["Exordium","TheCity","TheBeyond"],"potions_floor_usage":[],"damage_taken":[{"damage":7.0,"enemies":"2 Louse","floor":2.0,"turns":3.0},{"damage":4.0,"enemies":"Small Slimes","floor":4.0,"turns":3.0},{"damage":28.0,"enemies":"3 Sentries","floor":6.0,"turns":9.0},{"damage":0.0,"enemies":"downfall:FleeingMerchant","floor":8.0,"turns":4.0},{"damage":1,"enemies":"Gremlin Nob","floor":11,"turns":4},{"damage":0,"enemies":"Jaw Worm","floor":12,"turns":2},{"damage":0,"enemies":"Large Slime","floor":15,"turns":4},{"damage":5,"enemies":"SI_SHIV_ARCHETYPE","floor":16,"turns":5},{"damage":0,"enemies":"Chosen","floor":19,"turns":1},{"damage":22,"enemies":"downfall:LooterAlt2","floor":20,"turns":4},{"damage":0,"enemies":"Cultist and Chosen","floor":21,"turns":4},{"damage":5,"enemies":"Snake Plant","floor":23,"turns":3},{"damage":0,"enemies":"downfall:FleeingMerchant","floor":26,"turns":4},{"damage":0,"enemies":"Snecko","floor":28,"turns":4},{"damage":0,"enemies":"Cultist and Chosen","floor":30,"turns":4},{"damage":0,"enemies":"downfall:FleeingMerchant","floor":31,"turns":4},{"damage":0,"enemies":"Chosen and Byrds","floor":32,"turns":3},{"damage":2,"enemies":"IC_MUSHROOM_ARCHETYPE","floor":33,"turns":6},{"damage":0,"enemies":"3 Darklings","floor":36,"turns":3},{"damage":40,"enemies":"2 Orb Walkers","floor":37,"turns":4},{"damage":0,"enemies":"Orb Walker","floor":39,"turns":2},{"damage":0,"enemies":"Maw","floor":40,"turns":5},{"damage":6,"enemies":"Jaw Worm Horde","floor":43,"turns":2},{"damage":0,"enemies":"Transient","floor":44,"turns":5},{"damage":2,"enemies":"Spire Growth","floor":45,"turns":3},{"damage":5,"enemies":"3 Darklings","floor":49,"turns":2},{"damage":0,"enemies":"DF_ARCHETYPE_ORBS","floor":50,"turns":2}],"seed_played":"-576922702182219022","potions_obtained":[{"floor":11,"key":"Fire Potion"},{"floor":12,"key":"Dexterity Potion"},{"floor":15,"key":"Swift Potion"},{"floor":20,"key":"DuplicationPotion"}],"is_trial":false,"path_per_floor":["R","M","?","M","?","E","T","$","?","?","E","M","R","?","M","B",null,"R","M","M","M","?","M","T","R","$","?","M","?","M","$","M","B",null,"R","M","?","$","M","M","T","?","M","M","M","$","R","?","M","B",null],"character_chosen":"SLIMEBOUND","items_purchased":["Membership Card","Regal Pillow","Slimebound:Recollect","Slimebound:SelfDamagePreventRelic","Slimebound:ComboTackle","Slimebound:MaxSlimesRelic"],"campfire_rested":0,"item_purchase_floors":[26,26,26,26,31,38],"current_hp_per_floor":[65,58,58,58,58,38,38,61,61,61,65,65,65,65,65,62,65,65,65,49,55,65,64,64,64,65,65,65,65,65,65,65,65,65,65,65,29,44,50,58,58,58,60,65,65,65,65,65,64,65],"gold":25,"neow_bonus":"RANDOM_COMMON_RELIC","is_daily":false,"chose_seed":false,"campfire_upgraded":5,"win_rate":0.0,"timestamp":1613499816,"path_taken":["R","M","?","M","?","E","T","?","?","?","E","?","R","?","M","BOSS","R","M","M","M","?","M","T","R","?","?","?","?","M","?","M","BOSS","R","M","?","$","M","M","T","?","?","M","M","$","R","?","M","BOSS"],"items_purchased_type":["Relic","Relic","Card","Relic","Card","Relic"],"build_version":"2020-12-22","purchased_purges":8,"victory":true,"max_hp_per_floor":[65,65,65,65,65,65,65,65,65,65,65,65,65,65,65,65,65,65,65,65,65,65,65,65,65,65,65,65,65,65,65,65,65,65,65,65,65,65,65,65,65,65,65,65,65,65,65,65,65,65],"card_choices":[{"not_picked":["Slimebound:ComboTackle","Slimebound:TongueLash"],"picked":"Slimebound:Schlurp","floor":2.0},{"not_picked":["Slimebound:Prepare","Slimebound:GoopTackle"],"picked":"Slimebound:LeechEnergy","floor":4.0},{"not_picked":["Slimebound:Prepare","Slimebound:AcidTongue"],"picked":"Slimebound:SplitMire","floor":6.0},{"not_picked":["Slimebound:Gluttony","Slimebound:AcidTongue","Slimebound:DisruptingSlam"],"picked":"SKIP","floor":8.0},{"not_picked":["Slimebound:LeadByExample","Slimebound:HauntingLick","Slimebound:DouseInSlime"],"picked":"SKIP","floor":11},{"not_picked":["Slimebound:PressTheAttack","Slimebound:ForwardTackle","Slimebound:SplitMire"],"picked":"SKIP","floor":12},{"not_picked":["Slimebound:SplitLeeching","Slimebound:SlimeBarrage","Slimebound:LivingWall"],"picked":"SKIP","floor":15},{"not_picked":["Slimebound:OneTwoCombo","Slimebound:LeechLife"],"picked":"Slimebound:MassRepurpose","floor":16},{"not_picked":["Slimebound:LivingWall"],"picked":"SKIP","floor":19},{"not_picked":[],"picked":"Slimebound:SamplingLick","floor":20},{"not_picked":[],"picked":"Slimebound:Schlurp","floor":21},{"not_picked":["Slimebound:GoopTackle"],"picked":"SKIP","floor":23},{"not_picked":[],"picked":"Slimebound:LeechEnergy","floor":26},{"not_picked":["Slimebound:ServeAndProtect"],"picked":"SKIP","floor":28},{"not_picked":["Slimebound:GrowthPunch+1"],"picked":"SKIP","floor":30},{"not_picked":["Slimebound:Replication"],"picked":"SKIP","floor":31},{"not_picked":["Slimebound:SlimeSpikes"],"picked":"SKIP","floor":32},{"not_picked":[],"picked":"Slimebound:ComboTackle+1","floor":36},{"not_picked":["Slimebound:SplitMire"],"picked":"SKIP","floor":39},{"not_picked":["Slimebound:Chomp"],"picked":"SKIP","floor":40},{"not_picked":["Slimebound:SplitAcid+1"],"picked":"SKIP","floor":43},{"not_picked":["Slimebound:SplitMire"],"picked":"SKIP","floor":44},{"not_picked":["Slimebound:SlimeSpikes"],"picked":"SKIP","floor":45},{"not_picked":["Slimebound:SplitBruiser+1"],"picked":"SKIP","floor":49}],"player_experience":380268,"relics_obtained":[{"floor":6.0,"key":"CeramicFish"},{"floor":7.0,"key":"Slimebound:AggressiveSlimeRelic"},{"floor":11,"key":"Sundial"},{"floor":24,"key":"Omamori"},{"floor":37,"key":"Ice Cream"}],"event_choices":[{"damage_healed":10,"gold_gain":0,"player_choice":"Full Heal","damage_taken":0,"max_hp_gain":0,"max_hp_loss":0,"event_name":"Wheel of Change","floor":22,"gold_loss":0},{"damage_healed":0,"gold_gain":0,"player_choice":"Fight","damage_taken":0,"max_hp_gain":0,"max_hp_loss":0,"event_name":"Mysterious Sphere","floor":37,"gold_loss":0},{"damage_healed":0,"gold_gain":0,"player_choice":"Got Potions","damage_taken":0,"max_hp_gain":0,"max_hp_loss":0,"event_name":"Lab","floor":42,"gold_loss":0},{"cards_removed":["Slimebound:SamplingLick"],"damage_healed":0,"gold_gain":0,"player_choice":"Removed Skill","damage_taken":0,"max_hp_gain":0,"max_hp_loss":0,"event_name":"Falling","floor":48,"gold_loss":0}],"is_beta":false,"boss_relics":[{"not_picked":["Velvet Choker","bronze:MakeshiftBattery"],"picked":"Busted Crown"},{"not_picked":["Slimebound:AbsorbEndCombatUpgraded","Empty Cage"],"picked":"SlaversCollar"}],"items_purged_floors":[8,26,26,31,31,38,46,46],"is_endless":false,"potions_floor_spawned":[11,12,15,16,20,28,30,32,36,37,40,45],"ascension_level":0}}