{"host":"sav7uxregyirlf69","time":1613450753,"event":{"mods":["AchievementEnabler","BaseMod","Colored Map","DeckTracker","Keyboard Shortcuts","Minty Spire (QoL Compilation)","READ ME - Guardian Mod","StSLib","SuperFastMode"],"gold_per_floor":[134,134,134,193,247,247,247,247,273,388,433,433,472,522,522,617,617,630,630,630,555,555,555,624,638,684,406,439,488,488,506,506,506,506],"floor_reached":33,"language":"KOR","playtime":653,"items_purged":["Bite"],"score":559,"play_id":"817744dd-f728-4090-af94-cafec2193a67","local_time":"20210216134553","is_ascension_mode":true,"campfire_choices":[{"data":"HandOfGreed","floor":6,"key":"SMITH"},{"data":"All Out Attack","floor":8,"key":"SMITH"},{"floor":12,"key":"REST"},{"data":"Bouncing Flask","floor":15,"key":"SMITH"},{"data":"Wraith Form v2","floor":23,"key":"SMITH"},{"data":"Well Laid Plans","floor":32,"key":"SMITH"}],"circlet_count":0,"master_deck":["AscendersBane","Defend_G","Defend_G","Defend_G","Defend_G","Survivor","Neutralize+1","HandOfGreed+1","All Out Attack+1","Backstab","Blade Dance","Bouncing Flask+1","PiercingWail","Wraith Form v2+1","Bite","Bite","Bite","Bite","Ghostly","Ghostly","Ghostly","Well Laid Plans+1","Escape Plan","Acrobatics+1","Tactician+1"],"relics":["Ring of the Snake","Golden Idol","Strawberry","Whetstone","SacredBark","Lantern","Membership Card","Nunchaku","Art of War"],"acts_visited":["Exordium","TheCity"],"potions_floor_usage":[11,16,24,28,33],"damage_taken":[{"damage":7,"enemies":"Jaw Worm","floor":1,"turns":5},{"damage":3,"enemies":"2 Louse","floor":4,"turns":4},{"damage":4,"enemies":"Small Slimes","floor":5,"turns":4},{"damage":25,"enemies":"3 Sentries","floor":10,"turns":10},{"damage":1,"enemies":"Exordium Thugs","floor":11,"turns":3},{"damage":0,"enemies":"Blue Slaver","floor":13,"turns":1},{"damage":18,"enemies":"Large Slime","floor":14,"turns":7},{"damage":26,"enemies":"Hexaghost","floor":16,"turns":8},{"damage":44,"enemies":"Shell Parasite","floor":18,"turns":7},{"damage":13,"enemies":"3 Byrds","floor":24,"turns":6},{"damage":9,"enemies":"Snake Plant","floor":25,"turns":6},{"damage":13,"enemies":"Book of Stabbing","floor":28,"turns":8},{"damage":2,"enemies":"Snecko","floor":29,"turns":6},{"damage":17,"enemies":"Sentry and Sphere","floor":31,"turns":9},{"damage":27,"enemies":"Automaton","floor":33,"turns":4}],"seed_played":"-8416208699963660683","potions_obtained":[{"floor":5,"key":"Explosive Potion"},{"floor":10,"key":"Poison Potion"},{"floor":11,"key":"DistilledChaos"},{"floor":18,"key":"SteroidPotion"},{"floor":25,"key":"SkillPotion"},{"floor":31,"key":"DistilledChaos"}],"is_trial":false,"path_per_floor":["M","?","?","M","M","R","?","R","T","E","M","R","M","M","R","B",null,"M","?","?","?","?","R","M","M","T","$","E","M","?","M","R","B"],"character_chosen":"THE_SILENT","items_purchased":["Membership Card","Nunchaku"],"campfire_rested":1,"item_purchase_floors":[27,27],"current_hp_per_floor":[52,52,57,54,50,50,50,50,57,32,31,52,52,34,34,8,56,12,12,12,12,12,12,15,16,16,16,17,23,23,13,13,0,0],"gold":506,"neow_bonus":"RANDOM_COLORLESS_2","is_daily":false,"chose_seed":false,"campfire_upgraded":5,"win_rate":0.0,"timestamp":1613450753,"path_taken":["M","?","?","M","M","R","?","R","T","E","M","R","M","?","R","BOSS","M","?","?","?","?","R","M","M","T","$","E","M","?","M","R","BOSS"],"items_purchased_type":["Relic","Relic"],"build_version":"2020-12-22","purchased_purges":1,"victory":false,"max_hp_per_floor":[60,60,65,65,65,65,65,65,72,72,72,72,72,72,72,72,72,72,50,25,25,25,25,25,25,25,25,25,25,25,25,25,25,25],"card_choices":[{"not_picked":["Transmutation","Thinking Ahead"],"picked":"HandOfGreed","floor":0},{"not_picked":["Bane","Prepared"],"picked":"All Out Attack","floor":1},{"not_picked":["Outmaneuver","Leg Sweep","Expertise"],"picked":"SKIP","floor":4},{"not_picked":["Deadly Poison","Escape Plan"],"picked":"Backstab","floor":5},{"not_picked":["Flechettes","Underhanded Strike"],"picked":"Blade Dance","floor":10},{"not_picked":["Blade Dance","PiercingWail","Bane"],"picked":"SKIP","floor":11},{"not_picked":["Accuracy","Poisoned Stab"],"picked":"Bouncing Flask","floor":13},{"not_picked":["Blur","Slice"],"picked":"PiercingWail","floor":14},{"not_picked":["Glass Knife","Storm of Steel"],"picked":"Wraith Form v2","floor":16},{"not_picked":["Expertise","Deadly Poison","Cloak And Dagger"],"picked":"SKIP","floor":18},{"not_picked":["Terror","Dash"],"picked":"Escape Plan","floor":24},{"not_picked":["Endless Agony+1","Bane"],"picked":"Acrobatics+1","floor":25},{"not_picked":["Flying Knee","Riddle With Holes","Sucker Punch"],"picked":"SKIP","floor":28},{"not_picked":["Slice","Poisoned Stab","Skewer"],"picked":"SKIP","floor":29},{"not_picked":["Deadly Poison","Storm of Steel"],"picked":"Tactician+1","floor":31}],"player_experience":1592345,"relics_obtained":[{"floor":9,"key":"Strawberry"},{"floor":10,"key":"Whetstone"},{"floor":26,"key":"Lantern"},{"floor":28,"key":"Art of War"}],"event_choices":[{"damage_healed":0,"gold_gain":0,"player_choice":"Take Wound","damage_taken":0,"relics_obtained":["Golden Idol"],"max_hp_gain":0,"max_hp_loss":0,"event_name":"Golden Idol","floor":2,"gold_loss":0,"cards_obtained":["Injury"]},{"damage_healed":0,"gold_gain":0,"player_choice":"Donut","damage_taken":0,"max_hp_gain":5,"max_hp_loss":0,"event_name":"Big Fish","floor":3,"gold_loss":0},{"cards_removed":["Injury"],"damage_healed":0,"gold_gain":0,"player_choice":"Purged","damage_taken":0,"max_hp_gain":0,"max_hp_loss":0,"event_name":"Purifier","floor":7,"gold_loss":0},{"damage_healed":0,"gold_gain":0,"player_choice":"Became a vampire","damage_taken":0,"max_hp_gain":0,"max_hp_loss":22,"event_name":"Vampires","floor":19,"gold_loss":0,"cards_obtained":["Bite","Bite","Bite","Bite","Bite"]},{"damage_healed":0,"gold_gain":0,"player_choice":"Became a Ghost","damage_taken":0,"max_hp_gain":0,"max_hp_loss":25,"event_name":"Ghosts","floor":20,"gold_loss":0,"cards_obtained":["Ghostly","Ghostly","Ghostly"]},{"cards_removed":["Defend_G"],"damage_healed":0,"gold_gain":0,"player_choice":"Gave Gold","damage_taken":0,"max_hp_gain":0,"max_hp_loss":0,"event_name":"Beggar","floor":21,"gold_loss":75},{"damage_healed":0,"gold_gain":0,"player_choice":"Read","damage_taken":0,"max_hp_gain":0,"max_hp_loss":0,"event_name":"The Library","floor":22,"gold_loss":0,"cards_obtained":["Well Laid Plans"]},{"damage_healed":0,"gold_gain":0,"player_choice":"Ignored","damage_taken":0,"max_hp_gain":0,"max_hp_loss":0,"event_name":"Cursed Tome","floor":30,"gold_loss":0}],"is_beta":false,"boss_relics":[{"not_picked":["Ectoplasm","Ring of the Serpent"],"picked":"SacredBark"}],"items_purged_floors":[27],"is_endless":false,"potions_floor_spawned":[5,10,11,13,18,25,31],"killed_by":"Automaton","ascension_level":20}}