{"host":"52lujqhsyicpcskq","time":1613498775,"event":{"mods":["BaseMod","Colored Map","DeckTracker","Minty Spire (QoL Compilation)","Permanent Neow","StSLib","SuperFastMode","everything is the same but u backflip on backflip"],"gold_per_floor":[117,129,140,154,164,198,210,247,285,325,337,349,371,402,414,531,543,565,112,126,140,240,252,277,277,277,277,304,304,339,355,355,459,459,469,469,524,524,544,554,554,89,158,158,171,191,204,204,204,204],"floor_reached":51,"language":"KOR","playtime":3620,"items_purged":[],"score":927,"play_id":"0c11ae4a-3fab-41c3-8755-2a096e39f30d","local_time":"20210217030615","is_ascension_mode":true,"campfire_choices":[{"data":"Eruption","floor":7.0,"key":"SMITH"},{"data":"EmptyFist","floor":11.0,"key":"SMITH"},{"data":"TalkToTheHand","floor":15.0,"key":"SMITH"},{"floor":25.0,"key":"REST"},{"data":"MentalFortress","floor":27.0,"key":"SMITH"},{"floor":29.0,"key":"REST"},{"floor":32.0,"key":"REST"},{"floor":41,"key":"REST"},{"data":"FlurryOfBlows","floor":44,"key":"SMITH"},{"data":"MasterReality","floor":49,"key":"SMITH"}],"circlet_count":0,"master_deck":["Strike_P","Strike_P","Strike_P","Defend_P","Defend_P","Defend_P","Eruption+1","Vigilance","SpiritShield","Perseverance","EmptyFist+1","CarveReality","Evaluate+1","TalkToTheHand+1","SashWhip","FlurryOfBlows+1","EmptyBody","Sanctity","MentalFortress+1","MasterReality+1","Crescendo+1","FearNoEvil","ClearTheMind+1","FlurryOfBlows","Halt+1","FlurryOfBlows+1","Consecrate+1","Adaptation+1","BowlingBash+1","Establishment","Protect","Madness","Madness","Halt+1","Halt+1"],"relics":["PureWater","MawBank","Happy Flower","Bag of Preparation","Dream Catcher","Empty Cage","MealTicket","CaptainsWheel","Potion Belt","Oddly Smooth Stone","Eternal Feather","CloakClasp","SlaversCollar","Turnip","Bird Faced Urn","Shuriken"],"acts_visited":["Exordium","TheCity","TheBeyond"],"potions_floor_usage":[50,50,50,50],"damage_taken":[{"damage":2.0,"enemies":"Cultist","floor":1.0,"turns":3.0},{"damage":0.0,"enemies":"2 Louse","floor":2.0,"turns":2.0},{"damage":0.0,"enemies":"Jaw Worm","floor":3.0,"turns":4.0},{"damage":0.0,"enemies":"Red Slaver","floor":4.0,"turns":7.0},{"damage":0.0,"enemies":"Exordium Thugs","floor":5.0,"turns":3.0},{"damage":18.0,"enemies":"Lagavulin","floor":6.0,"turns":8.0},{"damage":6.0,"enemies":"Gremlin Nob","floor":8.0,"turns":4.0},{"damage":0.0,"enemies":"Lagavulin","floor":10.0,"turns":6.0},{"damage":1.0,"enemies":"Blue Slaver","floor":13.0,"turns":3.0},{"damage":2.0,"enemies":"2 Fungi Beasts","floor":14.0,"turns":3.0},{"damage":16.0,"enemies":"Hexaghost","floor":16.0,"turns":13.0},{"damage":4.0,"enemies":"Chosen","floor":18.0,"turns":3.0},{"damage":0.0,"enemies":"Spheric Guardian","floor":20.0,"turns":3.0},{"damage":13.0,"enemies":"Snake Plant","floor":21.0,"turns":5.0},{"damage":4.0,"enemies":"Cultist and Chosen","floor":23.0,"turns":9.0},{"damage":32.0,"enemies":"Gremlin Leader","floor":24.0,"turns":6.0},{"damage":24.0,"enemies":"Slavers","floor":28.0,"turns":8.0},{"damage":0.0,"enemies":"Gremlin Leader","floor":30.0,"turns":4.0},{"damage":14.0,"enemies":"Centurion and Healer","floor":31.0,"turns":5.0},{"damage":24.0,"enemies":"Champ","floor":33.0,"turns":13.0},{"damage":4.0,"enemies":"3 Darklings","floor":35.0,"turns":7.0},{"damage":30.0,"enemies":"2 Orb Walkers","floor":37.0,"turns":6.0},{"damage":2.0,"enemies":"3 Shapes","floor":39.0,"turns":5.0},{"damage":13,"enemies":"3 Darklings","floor":40,"turns":7},{"damage":0,"enemies":"4 Shapes","floor":45,"turns":5},{"damage":0,"enemies":"Maw","floor":46,"turns":9},{"damage":4,"enemies":"Jaw Worm Horde","floor":47,"turns":4},{"damage":66,"enemies":"Awakened One","floor":50,"turns":16}],"seed_played":"-9102909520163588008","potions_obtained":[{"floor":1.0,"key":"ColorlessPotion"},{"floor":3.0,"key":"Block Potion"},{"floor":5.0,"key":"ColorlessPotion"},{"floor":8.0,"key":"Explosive Potion"},{"floor":18.0,"key":"LiquidBronze"},{"floor":20.0,"key":"Fire Potion"},{"floor":31.0,"key":"StancePotion"},{"floor":40,"key":"Regen Potion"},{"floor":46,"key":"BottledMiracle"},{"floor":47,"key":"FearPotion"}],"is_trial":false,"path_per_floor":["M","M","M","M","M","E","R","E","T","E","R","?","M","M","R","B",null,"M","$","M","M","?","M","E","R","T","R","E","R","E","M","R","B",null,"M","?","?","?","M","M","R","$","T","R","M","M","M","?","R","B",null],"character_chosen":"WATCHER","items_purchased":["MealTicket","CaptainsWheel","Bird Faced Urn","Regen Potion","DistilledChaos"],"campfire_rested":4,"item_purchase_floors":[19,19,42,42,42],"current_hp_per_floor":[70,70,70,70,70,52,52,46,46,46,46,46,45,43,43,27,72,68,68,68,55,55,51,19,40,40,40,16,52,52,38,72,48,72,68,59,29,29,27,14,53,68,68,72,72,72,68,68,72,59],"gold":204,"neow_bonus":"ONE_RANDOM_RARE_CARD","is_daily":false,"chose_seed":false,"campfire_upgraded":6,"win_rate":0.0,"timestamp":1613498775,"path_taken":["M","M","M","M","?","E","R","E","T","E","R","?","M","M","R","BOSS","M","$","?","M","?","?","E","R","T","R","E","R","E","M","R","BOSS","M","?","?","?","M","?","R","$","T","R","M","M","M","?","R","BOSS"],"items_purchased_type":["Relic","Relic","Relic","Potion","Potion"],"build_version":"2020-12-22","purchased_purges":0,"victory":true,"max_hp_per_floor":[72,72,72,72,72,72,72,72,72,72,72,72,72,72,72,72,72,72,72,72,72,72,72,72,72,72,72,72,72,72,72,72,72,72,72,72,72,72,72,72,72,72,72,72,72,72,72,72,72,72],"card_choices":[{"not_picked":["Crescendo","CutThroughFate"],"picked":"Perseverance","floor":1.0},{"not_picked":["FollowUp","Prostrate"],"picked":"EmptyFist","floor":2.0},{"not_picked":["Indignation","FollowUp"],"picked":"CarveReality","floor":3.0},{"not_picked":["ReachHeaven","Tantrum"],"picked":"Evaluate","floor":4.0},{"not_picked":["EmptyFist","EmptyBody"],"picked":"TalkToTheHand","floor":5.0},{"not_picked":["Nirvana","FlyingSleeves"],"picked":"SashWhip","floor":6.0},{"not_picked":["WreathOfFlame","EmptyBody"],"picked":"FlurryOfBlows","floor":8.0},{"not_picked":["FlyingSleeves","Nirvana"],"picked":"EmptyBody","floor":10.0},{"not_picked":["EmptyBody","FollowUp"],"picked":"Sanctity","floor":13.0},{"not_picked":["Nirvana","FollowUp"],"picked":"MentalFortress","floor":14.0},{"not_picked":["ConjureBlade","Ragnarok"],"picked":"MasterReality","floor":16.0},{"not_picked":["CutThroughFate","Weave"],"picked":"Crescendo+1","floor":18.0},{"not_picked":["Protect","Nirvana+1"],"picked":"FearNoEvil","floor":20.0},{"not_picked":["Meditate","Wireheading"],"picked":"ClearTheMind+1","floor":21.0},{"not_picked":["Worship","Wallop"],"picked":"FlurryOfBlows","floor":23.0},{"not_picked":["SashWhip","CrushJoints+1"],"picked":"Halt+1","floor":24.0},{"not_picked":["InnerPeace+1","FollowUp"],"picked":"FlurryOfBlows+1","floor":25.0},{"not_picked":["ClearTheMind","Conclude","WreathOfFlame"],"picked":"SKIP","floor":28.0},{"not_picked":["BowlingBash","EmptyFist"],"picked":"Consecrate+1","floor":29.0},{"not_picked":["Fasting2","Worship"],"picked":"Adaptation+1","floor":30.0},{"not_picked":["ThirdEye","Blasphemy"],"picked":"BowlingBash+1","floor":31.0},{"not_picked":["Blasphemy","Wish"],"picked":"Establishment","floor":33.0},{"not_picked":["EmptyBody+1","PathToVictory+1"],"picked":"Protect","floor":35.0},{"not_picked":["EmptyBody","PathToVictory+1","Prostrate+1"],"picked":"SKIP","floor":39.0},{"not_picked":["CutThroughFate+1","FlurryOfBlows"],"picked":"Halt+1","floor":40},{"not_picked":["SandsOfTime","Prostrate+1","EmptyMind"],"picked":"SKIP","floor":45},{"not_picked":["Judgement","PathToVictory","WreathOfFlame+1"],"picked":"SKIP","floor":46},{"not_picked":["JustLucky","Evaluate"],"picked":"Halt+1","floor":47}],"player_experience":803593,"relics_obtained":[{"floor":6.0,"key":"MawBank"},{"floor":8.0,"key":"Happy Flower"},{"floor":9.0,"key":"Bag of Preparation"},{"floor":10.0,"key":"Dream Catcher"},{"floor":24.0,"key":"Potion Belt"},{"floor":26.0,"key":"Oddly Smooth Stone"},{"floor":28.0,"key":"Eternal Feather"},{"floor":30.0,"key":"CloakClasp"},{"floor":37.0,"key":"Turnip"},{"floor":43,"key":"Shuriken"}],"event_choices":[{"damage_healed":0.0,"max_hp_gain":0.0,"max_hp_loss":0.0,"gold_gain":0.0,"event_name":"Accursed Blacksmith","player_choice":"Forge","floor":12.0,"gold_loss":0.0,"damage_taken":0.0,"cards_upgraded":["Evaluate"]},{"damage_healed":0.0,"max_hp_gain":0.0,"max_hp_loss":0.0,"gold_gain":100.0,"event_name":"Golden Shrine","player_choice":"Pray","floor":22.0,"gold_loss":0.0,"damage_taken":0.0},{"damage_healed":0.0,"max_hp_gain":0.0,"max_hp_loss":0.0,"gold_gain":0.0,"event_name":"Winding Halls","player_choice":"Embrace Madness","floor":36.0,"gold_loss":0.0,"damage_taken":9.0,"cards_obtained":["Madness","Madness"]},{"damage_healed":0.0,"max_hp_gain":0.0,"max_hp_loss":0.0,"gold_gain":0.0,"event_name":"Mysterious Sphere","player_choice":"Fight","floor":37.0,"gold_loss":0.0,"damage_taken":0.0},{"damage_healed":0.0,"max_hp_gain":0.0,"max_hp_loss":0.0,"gold_gain":0.0,"event_name":"Tomb of Lord Red Mask","player_choice":"Ignored","floor":38.0,"gold_loss":0.0,"damage_taken":0.0},{"damage_healed":0,"gold_gain":0,"player_choice":"Ignored","damage_taken":0,"max_hp_gain":0,"max_hp_loss":0,"event_name":"SecretPortal","floor":48,"gold_loss":0}],"is_beta":false,"boss_relics":[{"not_picked":["Busted Crown","Velvet Choker"],"picked":"Empty Cage"},{"not_picked":["Cursed Key","Runic Dome"],"picked":"SlaversCollar"}],"items_purged_floors":[],"is_endless":false,"potions_floor_spawned":[1,3,5,8,18,20,21,31,40,46,47],"ascension_level":4}}