{"host":"l7l2v2zs4hqku4vk","time":1613443577,"event":{"mods":["Act Like it!","BaseMod","Colored Powertips","Downfall","Highlight Path","Minty Spire (QoL Compilation)","Replay The Spire","RumiaBox-露米娅的神秘盒子","StSLib","TestMod","The Servant 0.9.4","篝火指南"],"gold_per_floor":[99,99,119,119,138,150,150,182,196,196,196,196,212,223,243,344,344,344,356,456,473,558,226,250,250,267,267,267,300,300,283,294,390,390,390,402,277,277,295,295,322,18,36,36,69,69,97,97,112,112],"floor_reached":51,"language":"ZHS","playtime":3871,"items_purged":["champ:Strike","champ:MurderStrike","champ:MurderStrike+1","Pain"],"score":850,"play_id":"d6746731-d875-4a1c-993f-aeb966225470","local_time":"20210216104617","is_ascension_mode":false,"campfire_choices":[{"data":"champ:Taunt","floor":1,"key":"SMITH"},{"data":"champ:Execute","floor":10,"key":"SMITH"},{"data":"champ:EnragedBash","floor":12,"key":"SMITH"},{"data":"champ:CrownThrow","floor":18,"key":"SMITH"},{"data":"champ:FlashCut","floor":25,"key":"SMITH"},{"data":"champ:VampiricStrike","floor":27,"key":"SMITH"},{"data":"champ:CheapShot","floor":30,"key":"SMITH"},{"data":"champ:StrikeOfGenius","floor":35,"key":"SMITH"},{"data":"Replay:SS_forest_2","floor":46,"key":"SMITH"},{"data":"Replay:SS_forest_2","floor":46,"key":"SMITH"},{"data":"expansioncontent:Chronoboost","floor":48,"key":"SMITH"},{"data":"champ:IronFortress","floor":48,"key":"SMITH"}],"circlet_count":0,"master_deck":["champ:TornadoPunch","champ:GutPunch+1","champ:ShieldSlam","champ:FanOfKnives","champ:StanceDance+1","champ:FlashCut+1","champ:CrownThrow+1","champ:SteelEdge","CurseOfTheBell","champ:DefensiveShout","champ:Circumvent","champ:StrikeOfGenius+1","champ:ShieldThrow+1","champ:LastStand","champ:Devastate","champ:Improvising","champ:CheapShot+1","champ:VampiricStrike+1","champ:Backstep+1","champ:IronFortress+1","champ:DancingMaster+1","champ:IgnorePain+1","champ:HeavySlash+1","Replay:SS_forest_2+1","Replay:SS_forest_2+1","expansioncontent:Chronoboost+1"],"relics":["champ:ChampionCrown","testmod-TestBox","testmod-RainbowHikingShoes","downfall:ShatteredFragment","testmod-RealStoneCalender","Lantern","Pondfish Scales","Calling Bell","Replay:Mystery Machine","testmod-InjuryResistance","champ:BlackKnightHelmet","Bottled Tornado","SumBook","Nunchaku","Replay:Towering Pillar of Hats","champ:FightingForDummies","Astrolabe","ReplayTheSpireMod:Ring of Collecting","ReplayTheSpireMod:Ring of Addiction","Chameleon Ring","Toy Ornithopter","SSSystem","Chemical X","Replay:Arrowhead","Blue Doll"],"acts_visited":["Exordium","TheCity","TheBeyond"],"potions_floor_usage":[16,16,16,16,20,20,20,29,50,50],"damage_taken":[{"damage":10,"enemies":"Jaw Worm","floor":3,"turns":2},{"damage":0,"enemies":"Small Slimes","floor":5,"turns":2},{"damage":16,"enemies":"Cultist","floor":6,"turns":3},{"damage":29,"enemies":"Gremlin Nob","floor":8,"turns":3},{"damage":15,"enemies":"Large Slime","floor":9,"turns":2},{"damage":18,"enemies":"downfall:LooterAlt","floor":13,"turns":2},{"damage":11,"enemies":"Red Slaver","floor":14,"turns":2},{"damage":12,"enemies":"Exordium Wildlife","floor":15,"turns":2},{"damage":15,"enemies":"IC_STATUS_ARCHETYPE","floor":16,"turns":3},{"damage":20,"enemies":"Spheric Guardian","floor":19,"turns":3},{"damage":41,"enemies":"Spheric Guardian","floor":20,"turns":5},{"damage":0,"enemies":"downfall:LooterAlt2","floor":21,"turns":3},{"damage":19,"enemies":"downfall:FleeingMerchant","floor":23,"turns":4},{"damage":1,"enemies":"Chosen and Byrds","floor":26,"turns":3},{"damage":13,"enemies":"Slavers","floor":29,"turns":3},{"damage":5,"enemies":"downfall:FleeingMerchant","floor":31,"turns":4},{"damage":1,"enemies":"Sentry and Sphere","floor":32,"turns":2},{"damage":9,"enemies":"DF_ARCHETYPE_CLAW","floor":33,"turns":5},{"damage":11,"enemies":"Orb Walker","floor":36,"turns":3},{"damage":0,"enemies":"3 Darklings","floor":39,"turns":3},{"damage":8,"enemies":"Transient","floor":43,"turns":5},{"damage":12,"enemies":"Reptomancer","floor":45,"turns":5},{"damage":31,"enemies":"R_Hoarder","floor":47,"turns":5},{"damage":5,"enemies":"4 Shapes","floor":49,"turns":3},{"damage":83,"enemies":"WA_ARCHETYPE_DIVINITY","floor":50,"turns":7}],"seed_played":"2717418948433802528","potions_obtained":[{"floor":3,"key":"LiquidBronze"},{"floor":13,"key":"EntropicBrew"},{"floor":14,"key":"ColorlessPotion"},{"floor":15,"key":"SkillPotion"},{"floor":16,"key":"champ:TechniquePotion"},{"floor":20,"key":"FearPotion"},{"floor":21,"key":"champ:CounterPotion"},{"floor":26,"key":"champ:CounterPotion"},{"floor":28,"key":"Slimebound:ThreeZeroPotion"},{"floor":29,"key":"DuplicationPotion"},{"floor":41,"key":"Fire Potion"}],"is_trial":false,"path_per_floor":["R","?","M","?","M","M","T","E","M","R","T","R","M","M","M","B",null,"R","M","?","M","?","$","T","R","M","R","?","E","R","$","M","B",null,"R","M","$","?","M","?","T","R","M","?","E","R","E","R","M","B",null],"character_chosen":"THE_CHAMP","items_purchased":["SumBook","champ:FightingForDummies","champ:IronFortress","Chemical X"],"campfire_rested":0,"item_purchase_floors":[23,31,31,42],"current_hp_per_floor":[99,72,72,72,72,66,66,62,62,62,62,62,59,48,41,41,99,99,93,87,87,69,75,75,75,79,79,79,71,71,76,80,81,99,99,88,88,88,88,88,88,88,99,90,83,83,87,87,82,14],"gold":112,"neow_bonus":"TEN_PERCENT_HP_BONUS","is_daily":false,"chose_seed":false,"campfire_upgraded":12,"win_rate":0.0,"timestamp":1613443577,"path_taken":["R","?","M","?","M","M","T","E","M","R","?","R","?","M","M","BOSS","R","M","?","M","?","$","T","R","M","R","?","E","R","$","M","BOSS","R","M","?","?","M","?","T","R","?","?","E","R","E","R","M","BOSS"],"items_purchased_type":["Relic","Relic","Card","Relic"],"build_version":"2020-12-22","purchased_purges":4,"victory":true,"max_hp_per_floor":[99,99,99,99,99,99,99,99,99,99,99,99,99,99,99,99,99,99,99,99,99,99,99,99,99,99,99,99,99,99,99,99,99,99,99,99,99,99,99,99,99,99,99,99,97,97,97,95,95,95],"card_choices":[{"not_picked":["champ:Shatter","champ:CalledShot"],"picked":"champ:TornadoPunch","floor":3},{"not_picked":["champ:StanceDance","champ:TornadoPunch"],"picked":"champ:ShieldSlam","floor":5},{"not_picked":["champ:FlashCut","champ:StanceDance"],"picked":"champ:EnragedBash","floor":6},{"not_picked":["champ:AdrenalArmor","champ:Encircle"],"picked":"champ:FanOfKnives","floor":8},{"not_picked":["champ:CrookedStrike","champ:Haymaker"],"picked":"champ:Improvising","floor":9},{"not_picked":["champ:EnragedBash","champ:Backstep"],"picked":"champ:StanceDance","floor":13},{"not_picked":["champ:DeathBlow","champ:BladeFlurry"],"picked":"champ:FlashCut","floor":14},{"not_picked":["champ:Parry","champ:Shatter"],"picked":"champ:CrownThrow","floor":15},{"not_picked":["champ:MurderStrike","champ:HoldFirm"],"picked":"champ:SteelEdge","floor":16},{"not_picked":["champ:PerfectedStrike","champ:ArenaPreparation"],"picked":"champ:DefensiveShout","floor":19},{"not_picked":["champ:BladeFlurry+1","champ:RecklessLeap"],"picked":"champ:Circumvent","floor":20},{"not_picked":["champ:FanOfKnives","champ:StanceDance+1"],"picked":"champ:StrikeOfGenius","floor":21},{"not_picked":["champ:StanceDance","champ:BringItOn","champ:AdrenalArmor"],"picked":"SKIP","floor":23},{"not_picked":["champ:DeathBlow","champ:BerserkersShout","champ:FalseCounter"],"picked":"SKIP","floor":26},{"not_picked":["champ:BringItOn","champ:RapidStrikes+1"],"picked":"champ:Backstep+1","floor":29},{"not_picked":["champ:CrownThrow","champ:DefensiveShout+1","champ:PreemptiveStrike"],"picked":"SKIP","floor":31},{"not_picked":["champ:BladeFlurry","champ:Encircle","champ:SwordThrow"],"picked":"SKIP","floor":32},{"not_picked":["champ:HeavySlash","champ:IgnorePain"],"picked":"champ:DancingMaster","floor":33},{"not_picked":["champ:Encircle+1","champ:CrownThrow","champ:StanceDance+1"],"picked":"SKIP","floor":36},{"not_picked":["champ:GladiatorStyle+1","champ:Shatter+1","champ:FalseCounter"],"picked":"SKIP","floor":39},{"not_picked":["champ:FanOfKnives+1","champ:GutPunch+1","champ:PreciseThrust"],"picked":"SKIP","floor":43},{"not_picked":["expansioncontent:Chronoboost","expansioncontent:YouAreMine"],"picked":"Replay:SS_forest_2","floor":44},{"not_picked":["expansioncontent:Chronoboost","expansioncontent:PrepareCrush"],"picked":"Replay:SS_forest_2","floor":44},{"not_picked":["expansioncontent:HyperBeam","expansioncontent:PrepareCrush"],"picked":"expansioncontent:Chronoboost","floor":44},{"not_picked":["champ:Parry","champ:EndlessRage+1","champ:CrookedStrike"],"picked":"SKIP","floor":45},{"not_picked":["champ:TornadoPunch+1","champ:BringItOn+1","champ:StanceDance"],"picked":"SKIP","floor":47},{"not_picked":["champ:BerserkersShout","champ:CrookedStrike+1","champ:PerfectedStrike+1"],"picked":"SKIP","floor":49}],"player_experience":1806803,"relics_obtained":[{"floor":7,"key":"testmod-RealStoneCalender"},{"floor":8,"key":"Lantern"},{"floor":11,"key":"Pondfish Scales"},{"floor":17,"key":"Replay:Mystery Machine"},{"floor":17,"key":"testmod-InjuryResistance"},{"floor":20,"key":"champ:BlackKnightHelmet"},{"floor":20,"key":"Bottled Tornado"},{"floor":24,"key":"Nunchaku"},{"floor":29,"key":"Replay:Towering Pillar of Hats"},{"floor":38,"key":"ReplayTheSpireMod:Ring of Collecting"},{"floor":41,"key":"ReplayTheSpireMod:Ring of Addiction"},{"floor":41,"key":"Chameleon Ring"},{"floor":41,"key":"Toy Ornithopter"},{"floor":41,"key":"SSSystem"},{"floor":45,"key":"Replay:Arrowhead"},{"floor":47,"key":"Blue Doll"}],"event_choices":[{"damage_healed":0,"gold_gain":0,"player_choice":"Got Potions","damage_taken":0,"max_hp_gain":0,"max_hp_loss":0,"event_name":"Lab","floor":28,"gold_loss":0}],"is_beta":false,"boss_relics":[{"not_picked":["Replay:Ancient Bell","testmod-Nine"],"picked":"Calling Bell"},{"not_picked":["Velvet Choker","AddBug"],"picked":"Astrolabe"}],"items_purged_floors":[23,31,37,42],"is_endless":false,"potions_floor_spawned":[3,13,14,15,16,20,21,26,29,43,47,49],"ascension_level":0}}