{"host":"8lvnnmfamkc2d31d","time":1613441588,"event":{"mods":["2.2 Compatiblity","Act Like it!","Arknights","BaseMod","Colored Map","Minty Spire (QoL Compilation)","Relic Stats","StSLib"],"gold_per_floor":[114,114,125,125,137,166,178,201,239,283,260,297,323,335,347,478,490,497,509,542,554,587,633,645,672,684,737,848,860,886,556,556,675,675,699,714,438,452,147,172,172,187,214,214,214,245,260,3,3,3,3],"floor_reached":50,"language":"ENG","playtime":3492,"items_purged":[],"score":610,"play_id":"3216cba4-9fe4-4612-babb-f8b57ac2269f","local_time":"20210215201308","is_ascension_mode":true,"campfire_choices":[{"data":"ats:Thorns","floor":7.0,"key":"SMITH"},{"data":"ats:Demon Strength","floor":15.0,"key":"SMITH"},{"data":"ats:Echo Reverb","floor":24.0,"key":"SMITH"},{"floor":29.0,"key":"REST"},{"data":"ats:Healing Strengthening","floor":32.0,"key":"SMITH"},{"data":"ats:Composite Medical Shells","floor":41.0,"key":"SMITH"},{"data":"ats:Encircling Forest","floor":45.0,"key":"SMITH"},{"floor":49,"key":"RECALL"}],"circlet_count":0,"master_deck":["ats:Armor Crushing Shot","ats:Emotion Absorption","ats:Demon Strength+1","ats:Powerful Strike","ats:Thorns+1","ats:Shell Defense","ats:Neurotoxin","ats:Consecutive Shot Auto","ats:Composite Medical Shells+1","ats:Neurotoxin","ats:Calcification","ats:Curse Doll","ats:Healing Strengthening+1","ats:Encircling Forest+1","ats:Soul Rend","ats:Echo Reverb+1","ats:Beaten Up","ats:Sashimi Platter","ats:Thorns","ats:Calcification","ats:Healing Strengthening+1","ats:Rapid Magazine","ats:Neurotoxin","ats:Consecutive Shot Auto","ats:Revitalization+1","ats:Thorns","ats:Magnetic Hammer","ats:Sashimi Platter+1","ats:Blood Oath","ats:Cat Scratch"],"relics":["ats:Sanity","NeowsBlessing","ats:Originium","MawBank","War Paint","Art of War","Mummified Hand","Golden Idol","Pandora\u0027s Box","Nilry\u0027s Codex","Pantograph","ats:Hidden Killer","Akabeko","TheAbacus","Philosopher\u0027s Stone","ats:Support","OrangePellets","MealTicket","Anchor","ats:Military Tradition"],"acts_visited":["Exordium","TheCity","TheBeyond"],"potions_floor_usage":[47,47,47,50],"damage_taken":[{"damage":0.0,"enemies":"2 Louse","floor":1.0,"turns":1.0},{"damage":0.0,"enemies":"Small Slimes","floor":3.0,"turns":1.0},{"damage":3.0,"enemies":"Jaw Worm","floor":5.0,"turns":2.0},{"damage":44.0,"enemies":"Lagavulin","floor":6.0,"turns":9.0},{"damage":3.0,"enemies":"2 Fungi Beasts","floor":8.0,"turns":5.0},{"damage":0.0,"enemies":"Gremlin Nob","floor":10.0,"turns":4.0},{"damage":11.0,"enemies":"3 Sentries","floor":12.0,"turns":9.0},{"damage":4.0,"enemies":"3 Louse","floor":13.0,"turns":3.0},{"damage":6.0,"enemies":"Hexaghost","floor":16.0,"turns":7.0},{"damage":8.0,"enemies":"2 Thieves","floor":18.0,"turns":4.0},{"damage":23.0,"enemies":"Spheric Guardian","floor":20.0,"turns":5.0},{"damage":24.0,"enemies":"Centurion and Healer","floor":22.0,"turns":5.0},{"damage":42.0,"enemies":"Book of Stabbing","floor":23.0,"turns":5.0},{"damage":14.0,"enemies":"Snecko","floor":25.0,"turns":5.0},{"damage":66.0,"enemies":"Slavers","floor":27.0,"turns":5.0},{"damage":22.0,"enemies":"Snake Plant","floor":30.0,"turns":3.0},{"damage":70.0,"enemies":"Collector","floor":33.0,"turns":9.0},{"damage":9.0,"enemies":"3 Shapes","floor":35.0,"turns":5.0},{"damage":64.0,"enemies":"3 Darklings","floor":36.0,"turns":5.0},{"damage":55.0,"enemies":"Spire Growth","floor":38.0,"turns":5.0},{"damage":38.0,"enemies":"Jaw Worm Horde","floor":40.0,"turns":7.0},{"damage":40.0,"enemies":"Transient","floor":42.0,"turns":5.0},{"damage":114.0,"enemies":"Nemesis","floor":46.0,"turns":8.0},{"damage":36,"enemies":"4 Shapes","floor":47,"turns":6},{"damage":123,"enemies":"Awakened One","floor":50,"turns":6}],"seed_played":"-6128163083727757564","potions_obtained":[{"floor":1.0,"key":"Block Potion"},{"floor":3.0,"key":"Block Potion"},{"floor":6.0,"key":"Weak Potion"},{"floor":12.0,"key":"ats:Burn Small Potion"},{"floor":16.0,"key":"Fire Potion"},{"floor":18.0,"key":"Swift Potion"},{"floor":25.0,"key":"AttackPotion"},{"floor":30.0,"key":"SmokeBomb"},{"floor":35.0,"key":"EntropicBrew"},{"floor":38.0,"key":"FearPotion"},{"floor":40.0,"key":"SteroidPotion"},{"floor":44.0,"key":"EntropicBrew"}],"is_trial":false,"path_per_floor":["M","?","M","?","M","E","R","M","T","E","?","E","M","?","R","B",null,"M","?","M","?","M","E","R","M","T","E","?","R","M","$","R","B",null,"M","M","$","M","$","M","R","M","T","?","R","E","M","$","R","B"],"character_chosen":"DOCTOR_CLASS","items_purchased":["Akabeko","TheAbacus","Swift Potion","ats:Support","ats:Neurotoxin","ats:Consecutive Shot Auto","ats:Thorns","ats:Magnetic Hammer","OrangePellets","ats:Military Tradition"],"campfire_rested":1,"item_purchase_floors":[31,31,31,37,37,37,39,39,39,48],"current_hp_per_floor":[72,77,77,70,67,23,23,22,22,24,43,38,36,36,36,35,71,70,54,39,39,47,65,65,63,63,14,14,35,21,21,21,53,71,71,46,46,26,26,51,51,68,68,68,68,37,71,71,71,0,0],"gold":3,"neow_bonus":"THREE_ENEMY_KILL","is_daily":false,"chose_seed":false,"campfire_upgraded":6,"win_rate":0.0,"timestamp":1613441588,"path_taken":["M","?","M","?","M","E","R","M","T","E","?","E","M","?","R","BOSS","M","?","M","?","M","E","R","M","T","E","?","R","M","$","R","BOSS","M","M","$","M","$","M","R","M","T","?","R","E","?","$","R","BOSS"],"items_purchased_type":["Relic","Relic","Potion","Relic","Card","Card","Card","Card","Relic","Relic"],"build_version":"2020-12-22","purchased_purges":0,"victory":false,"max_hp_per_floor":[72,77,77,77,77,77,77,77,77,77,77,77,77,71,71,71,71,71,71,71,71,71,71,71,71,71,71,71,71,71,71,71,71,71,71,71,71,71,71,71,71,71,71,71,71,71,71,71,71,71,71],"relic_stats":{"OrangePellets":[2],"TheAbacus":[30],"counters":[25,129],"Mummified Hand":[143],"Golden Idol":110,"Pantograph":25,"Pandora\u0027s Box":["ats:Curse Doll","ats:Guardian Obelisk","ats:Healing Strengthening","ats:Encircling Forest","ats:Soul Rend","ats:Echo Reverb","ats:Beaten Up"],"MealTicket":0,"Art of War":[23],"War Paint":["ats:Defend","ats:Defend"],"MawBank":300,"obtain_stats":[{"NeowsBlessing":0,"Golden Idol":14,"Nilry\u0027s Codex":19,"ats:Hidden Killer":27,"ats:Support":37,"War Paint":9,"MawBank":6,"Akabeko":31,"OrangePellets":39,"Anchor":46,"TheAbacus":31,"ats:Originium":6,"Mummified Hand":12,"Pantograph":23,"Pandora\u0027s Box":17,"Philosopher\u0027s Stone":34,"MealTicket":43,"Art of War":10,"ats:Sanity":0,"ats:Military Tradition":48},{"NeowsBlessing":0,"Golden Idol":8,"Nilry\u0027s Codex":10,"ats:Hidden Killer":15,"ats:Support":19,"War Paint":5,"MawBank":4,"Akabeko":16,"OrangePellets":20,"Anchor":23,"TheAbacus":16,"ats:Originium":4,"Mummified Hand":7,"Pantograph":13,"Pandora\u0027s Box":9,"Philosopher\u0027s Stone":17,"MealTicket":22,"Art of War":6,"ats:Sanity":0,"ats:Military Tradition":24},{"NeowsBlessing":0,"Golden Idol":34,"Nilry\u0027s Codex":45,"ats:Hidden Killer":70,"ats:Support":92,"War Paint":18,"MawBank":13,"Akabeko":73,"OrangePellets":97,"Anchor":117,"TheAbacus":73,"ats:Originium":13,"Mummified Hand":31,"Pantograph":60,"Pandora\u0027s Box":41,"Philosopher\u0027s Stone":82,"MealTicket":109,"Art of War":22,"ats:Sanity":0,"ats:Military Tradition":123}]},"card_choices":[{"not_picked":["ats:Encircling Forest","ats:Closed Bolt Burst Fire"],"picked":"ats:Demon Strength","floor":1.0},{"not_picked":["ats:Defend Order","ats:Phantom"],"picked":"ats:Powerful Strike","floor":3.0},{"not_picked":["ats:Closed Bolt Burst Fire","ats:Explosion Area Strengthen"],"picked":"ats:Thorns","floor":5.0},{"not_picked":["ats:Hammer On","ats:Apocalypse"],"picked":"ats:Shell Defense","floor":6.0},{"not_picked":["ats:Flexible Camouflage","ats:Assault Order"],"picked":"ats:Neurotoxin","floor":8.0},{"not_picked":["ats:Fractured Body","ats:Encircling Forest"],"picked":"ats:Consecutive Shot Auto","floor":10.0},{"not_picked":["ats:Explosion Area Strengthen","ats:Part Time Job"],"picked":"ats:Composite Medical Shells","floor":12.0},{"not_picked":["ats:Absolute Focus","ats:Automatic Cover"],"picked":"ats:Neurotoxin","floor":13.0},{"not_picked":["ats:Volcano","ats:Wolf Pack"],"picked":"ats:Calcification","floor":16.0},{"not_picked":["ats:Blood Oath+1","ats:Curse Doll","ats:Poison Spread"],"picked":"SKIP","floor":18.0},{"not_picked":["ats:Powerful Strike","ats:Apocalypse"],"picked":"ats:Sashimi Platter","floor":20.0},{"not_picked":["ats:Counter Healing Mode","ats:Apocalypse","ats:Shadow Raid"],"picked":"SKIP","floor":22.0},{"not_picked":["ats:Cat Scratch","ats:Collapsing Strike","ats:Poison Spread+1"],"picked":"SKIP","floor":23.0},{"not_picked":["ats:Soul Absorption","ats:Steam Pump","ats:Hammer On"],"picked":"SKIP","floor":25.0},{"not_picked":["ats:Leaping Hammer+1","ats:Assault Order+1","ats:Hammer On+1"],"picked":"SKIP","floor":27.0},{"not_picked":["ats:Ignite","ats:Blood Oath"],"picked":"ats:Thorns","floor":30.0},{"not_picked":["ats:Rat Pack","ats:Ambush"],"picked":"ats:Calcification","floor":33.0},{"not_picked":["ats:Sunburst+1","ats:Guardian Obelisk"],"picked":"ats:Healing Strengthening+1","floor":35.0},{"not_picked":["ats:Assault Order","ats:Flexible Camouflage+1"],"picked":"ats:Rapid Magazine","floor":36.0},{"not_picked":["ats:Assault Order+1","ats:Shadow Raid"],"picked":"ats:Revitalization+1","floor":38.0},{"not_picked":["ats:Healing Strengthening","ats:Very Hot Blade"],"picked":"ats:Sashimi Platter+1","floor":40.0},{"not_picked":["ats:Serious Mode","ats:LN2 Cannon+1","ats:Poison Spread"],"picked":"SKIP","floor":42.0},{"not_picked":["ats:LN2 Cannon","ats:Shell Defense+1"],"picked":"ats:Blood Oath","floor":46.0},{"not_picked":["ats:Poison Spread","ats:Dogmatic Field"],"picked":"ats:Cat Scratch","floor":47}],"player_experience":449024,"relics_obtained":[{"floor":6.0,"key":"ats:Originium"},{"floor":6.0,"key":"MawBank"},{"floor":9.0,"key":"War Paint"},{"floor":10.0,"key":"ats:Originium"},{"floor":10.0,"key":"Art of War"},{"floor":12.0,"key":"ats:Originium"},{"floor":12.0,"key":"Mummified Hand"},{"floor":19.0,"key":"Nilry\u0027s Codex"},{"floor":23.0,"key":"ats:Originium"},{"floor":23.0,"key":"Pantograph"},{"floor":27.0,"key":"ats:Hidden Killer"},{"floor":43.0,"key":"MealTicket"},{"floor":46.0,"key":"Anchor"}],"event_choices":[{"damage_healed":0.0,"max_hp_gain":5.0,"max_hp_loss":0.0,"gold_gain":0.0,"event_name":"Big Fish","player_choice":"Donut","floor":2.0,"gold_loss":0.0,"damage_taken":0.0},{"cards_removed":["ats:Strike V"],"damage_healed":0.0,"max_hp_gain":0.0,"max_hp_loss":0.0,"gold_gain":0.0,"event_name":"Golden Wing","player_choice":"Card Removal","floor":4.0,"gold_loss":0.0,"damage_taken":7.0},{"damage_healed":19.0,"max_hp_gain":0.0,"max_hp_loss":0.0,"gold_gain":0.0,"event_name":"The Cleric","player_choice":"Healed","floor":11.0,"gold_loss":35.0,"damage_taken":0.0},{"damage_healed":0.0,"max_hp_gain":0.0,"max_hp_loss":6.0,"gold_gain":0.0,"event_name":"Golden Idol","player_choice":"Lose Max HP","floor":14.0,"gold_loss":0.0,"damage_taken":0.0,"relics_obtained":["Golden Idol"]},{"damage_healed":0.0,"max_hp_gain":0.0,"max_hp_loss":0.0,"gold_gain":0.0,"event_name":"Cursed Tome","player_choice":"Obtained Book","floor":19.0,"gold_loss":0.0,"damage_taken":16.0},{"cards_removed":["ats:Guardian Obelisk"],"damage_healed":0.0,"max_hp_gain":0.0,"max_hp_loss":0.0,"gold_gain":0.0,"event_name":"Back to Basics","player_choice":"Elegance","floor":21.0,"gold_loss":0.0,"damage_taken":0.0},{"damage_healed":0.0,"max_hp_gain":0.0,"max_hp_loss":0.0,"gold_gain":99.0,"event_name":"Nest","player_choice":"Stole From Cult","floor":28.0,"gold_loss":0.0,"damage_taken":0.0},{"damage_healed":0.0,"max_hp_gain":0.0,"max_hp_loss":0.0,"gold_gain":0.0,"event_name":"Lab","player_choice":"Got Potions","floor":44.0,"gold_loss":0.0,"damage_taken":0.0}],"is_beta":false,"boss_relics":[{"not_picked":["Cursed Key","Runic Dome"],"picked":"Pandora\u0027s Box"},{"not_picked":["Busted Crown","Sozu"],"picked":"Philosopher\u0027s Stone"}],"items_purged_floors":[],"is_endless":false,"potions_floor_spawned":[1,3,6,12,16,18,25,30,35,38,40],"killed_by":"Awakened One","ascension_level":1}}