{"host":"8rgpnls124hwjv5t","time":1613517538,"event":{"mods":["BaseMod","Colored Map","Colored Powertips","DeckTracker","Highlight Path","Minty Spire (QoL Compilation)","Permanent Neow","Quick Restart","Relic Stats","Shop Mod","StSLib"],"gold_per_floor":[118,135,154,71,71,11,11,39,39,39,52,79,79,94,94,166,166,184,196,31,47,66,94,94,94],"floor_reached":24,"language":"ENG","playtime":1476,"items_purged":[],"score":460,"play_id":"08f71e23-effc-4e7b-9b41-97a05da25144","local_time":"20210216181858","is_ascension_mode":true,"campfire_choices":[{"data":"Poisoned Stab","floor":7,"key":"SMITH"},{"data":"Dagger Spray","floor":10,"key":"SMITH"},{"floor":15,"key":"REST"}],"circlet_count":0,"master_deck":["AscendersBane","Strike_G","Strike_G","Strike_G","Strike_G","Strike_G","Defend_G","Defend_G","Defend_G","Defend_G","Defend_G","Survivor","Neutralize","Poisoned Stab+1","Blade Dance","Leg Sweep","Venomology","Blade Dance","Dagger Spray+1","Footwork","Corpse Explosion+1","A Thousand Cuts","Blur","Noxious Fumes","Backflip"],"relics":["Ring of the Snake","Akabeko","Strawberry","Mercury Hourglass","SacredBark","Sling","Toy Ornithopter"],"acts_visited":["Exordium","TheCity"],"potions_floor_usage":[5,5,8,12,12,12,16,16,18,19,19,22,23,23,24,24],"damage_taken":[{"damage":0,"enemies":"Small Slimes","floor":1,"turns":5},{"damage":0,"enemies":"Cultist","floor":2,"turns":4},{"damage":0,"enemies":"2 Louse","floor":3,"turns":3},{"damage":1,"enemies":"Exordium Thugs","floor":5,"turns":3},{"damage":4,"enemies":"Looter","floor":6,"turns":5},{"damage":21,"enemies":"Gremlin Nob","floor":8,"turns":4},{"damage":9,"enemies":"Exordium Wildlife","floor":11,"turns":5},{"damage":17,"enemies":"Lagavulin","floor":12,"turns":6},{"damage":0,"enemies":"Large Slime","floor":14,"turns":4},{"damage":11,"enemies":"The Guardian","floor":16,"turns":13},{"damage":0,"enemies":"3 Byrds","floor":18,"turns":2},{"damage":11,"enemies":"Shell Parasite","floor":19,"turns":4},{"damage":29,"enemies":"Sentry and Sphere","floor":21,"turns":5},{"damage":25,"enemies":"Centurion and Healer","floor":22,"turns":5},{"damage":17,"enemies":"Slavers","floor":23,"turns":3},{"damage":30,"enemies":"Snake Plant","floor":24,"turns":5}],"seed_played":"1359724885087736265","potions_obtained":[{"floor":0.0,"key":"Swift Potion"},{"floor":0.0,"key":"SmokeBomb"},{"floor":12,"key":"EssenceOfSteel"},{"floor":16,"key":"Swift Potion"},{"floor":18,"key":"Poison Potion"},{"floor":21,"key":"Regen Potion"},{"floor":23,"key":"CunningPotion"}],"is_trial":false,"path_per_floor":["M","M","M","$","M","M","R","E","T","R","M","E","?","M","R","B",null,"M","M","$","M","M","E","M"],"character_chosen":"THE_SILENT","items_purchased":["Venomology","Sling"],"campfire_rested":1,"item_purchase_floors":[4,20],"current_hp_per_floor":[59,59,59,59,58,54,54,33,40,40,31,14,14,14,35,24,61,61,50,50,21,36,19,0,0],"gold":94,"neow_bonus":"THREE_SMALL_POTIONS","is_daily":false,"chose_seed":false,"campfire_upgraded":2,"win_rate":0.0,"timestamp":1613517538,"path_taken":["M","M","M","$","M","M","R","E","T","R","M","E","?","M","R","BOSS","M","M","$","?","M","E","?"],"items_purchased_type":["Card","Relic"],"build_version":"2020-12-22","purchased_purges":0,"victory":false,"max_hp_per_floor":[66,66,66,66,66,66,66,66,73,73,73,73,73,73,73,73,73,73,73,73,73,73,73,73,73],"relic_stats":{"counters":[16,76],"obtain_stats":[{"Strawberry":9,"SacredBark":17,"Sling":20,"Akabeko":8,"Toy Ornithopter":23,"Ring of the Snake":0,"Mercury Hourglass":12},{"Strawberry":6,"SacredBark":10,"Sling":12,"Akabeko":6,"Toy Ornithopter":15,"Ring of the Snake":0,"Mercury Hourglass":8},{"Strawberry":24,"SacredBark":52,"Sling":58,"Akabeko":24,"Toy Ornithopter":71,"Ring of the Snake":0,"Mercury Hourglass":35}],"Toy Ornithopter":10,"Ring of the Snake":[32],"Mercury Hourglass":[144]},"card_choices":[{"not_picked":["Cloak And Dagger","Flying Knee"],"picked":"Poisoned Stab","floor":1},{"not_picked":["Riddle With Holes","Slice"],"picked":"Blade Dance","floor":2},{"not_picked":["Sucker Punch","Slice"],"picked":"Leg Sweep","floor":3},{"not_picked":["Cloak And Dagger","Dodge and Roll"],"picked":"Blade Dance","floor":6},{"not_picked":["Cloak And Dagger","Flying Knee"],"picked":"Dagger Spray","floor":8},{"not_picked":["Reflex","Heel Hook"],"picked":"Footwork","floor":11},{"not_picked":["Accuracy","Escape Plan"],"picked":"Corpse Explosion","floor":12},{"not_picked":["Bane","Dagger Spray","Outmaneuver"],"picked":"SKIP","floor":14},{"not_picked":["Corpse Explosion","Night Terror"],"picked":"A Thousand Cuts","floor":16},{"not_picked":["All Out Attack","Deadly Poison"],"picked":"Blur","floor":18},{"not_picked":["Backflip","Setup"],"picked":"Noxious Fumes","floor":19},{"not_picked":["Caltrops","Slice"],"picked":"Backflip","floor":21},{"not_picked":["Backflip","Dagger Spray","Dodge and Roll"],"picked":"SKIP","floor":22},{"not_picked":["Dagger Spray","Acrobatics","Slice"],"picked":"SKIP","floor":23}],"player_experience":601822,"relics_obtained":[{"floor":8,"key":"Akabeko"},{"floor":9,"key":"Strawberry"},{"floor":12,"key":"Mercury Hourglass"},{"floor":23,"key":"Toy Ornithopter"}],"event_choices":[{"damage_healed":0,"gold_gain":0,"player_choice":"Upgraded","damage_taken":0,"max_hp_gain":0,"max_hp_loss":0,"event_name":"Upgrade Shrine","floor":13,"gold_loss":0,"cards_upgraded":["Corpse Explosion"]}],"is_beta":false,"boss_relics":[{"not_picked":["Cursed Key","Empty Cage"],"picked":"SacredBark"}],"items_purged_floors":[],"is_endless":false,"potions_floor_spawned":[1,2,12,14,16,18,21,23],"killed_by":"Snake Plant","ascension_level":20}}