{"host":"t7mx8yfj1no5p62f","time":1613499509,"event":{"mods":["BaseMod","Colored Map","Colored Powertips","Curses Come First","Minty Spire (QoL Compilation)","Relic Stats","StSLib"],"gold_per_floor":[112,112,60,60,60,60,18,43,69,84,109,109,129,54,54,54,54],"floor_reached":16,"language":"ENG","playtime":296,"items_purged":["Parasite"],"score":262,"play_id":"8e5df48c-4649-47b2-9dfc-4c7cf4973390","local_time":"20210216131829","is_ascension_mode":true,"campfire_choices":[{"data":"Slice","floor":6,"key":"SMITH"},{"data":"Dash","floor":15,"key":"SMITH"}],"circlet_count":0,"master_deck":["AscendersBane","Strike_G","Strike_G","Strike_G","Strike_G","Defend_G","Defend_G+1","Defend_G+1","Defend_G","Defend_G","Survivor","Neutralize","Prepared","Slice+1","PiercingWail","Calculated Gamble","Dash+1","Phantasmal Killer","Endless Agony"],"relics":["Ring of the Snake","NeowsBlessing","Blue Candle","War Paint","Ancient Tea Set","Ginger"],"acts_visited":["Exordium"],"potions_floor_usage":[16],"damage_taken":[{"damage":0,"enemies":"Jaw Worm","floor":1,"turns":1},{"damage":0,"enemies":"3 Sentries","floor":8,"turns":2},{"damage":0,"enemies":"2 Louse","floor":10,"turns":1},{"damage":45,"enemies":"Gremlin Nob","floor":11,"turns":5},{"damage":0,"enemies":"Cultist","floor":13,"turns":2},{"damage":46,"enemies":"Slime Boss","floor":16,"turns":9}],"seed_played":"3844411826470923357","potions_obtained":[{"floor":10,"key":"Regen Potion"},{"floor":13,"key":"Swift Potion"}],"is_trial":false,"path_per_floor":["M","?","$","?","?","R","$","E","T","M","E","?","M","$","R","B"],"character_chosen":"THE_SILENT","items_purchased":["Slice","Calculated Gamble"],"campfire_rested":0,"item_purchase_floors":[3,7],"current_hp_per_floor":[59,54,54,54,54,54,54,54,54,54,9,25,25,25,25,0,0],"gold":54,"neow_bonus":"THREE_ENEMY_KILL","is_daily":false,"chose_seed":false,"campfire_upgraded":2,"win_rate":0.0,"timestamp":1613499509,"path_taken":["M","?","$","?","?","R","?","E","T","M","E","?","M","$","R","BOSS"],"items_purchased_type":["Card","Card"],"build_version":"2020-12-22","purchased_purges":1,"victory":false,"max_hp_per_floor":[66,66,66,66,66,66,66,66,66,66,66,66,66,63,63,63,63],"relic_stats":{"counters":[6,20],"Blue Candle":[0],"Ginger":[0],"War Paint":["Defend_G","Defend_G"],"obtain_stats":[{"NeowsBlessing":0,"Blue Candle":2,"WingedGreaves":9,"Ginger":11,"War Paint":8,"Ancient Tea Set":9,"Ring of the Snake":0},{"NeowsBlessing":0,"Blue Candle":1,"WingedGreaves":2,"Ginger":4,"War Paint":2,"Ancient Tea Set":2,"Ring of the Snake":0},{"NeowsBlessing":0,"Blue Candle":1,"WingedGreaves":3,"Ginger":9,"War Paint":3,"Ancient Tea Set":3,"Ring of the Snake":0}],"Ring of the Snake":[12]},"card_choices":[{"not_picked":["Dodge and Roll","Outmaneuver"],"picked":"Prepared","floor":1},{"not_picked":["Dodge and Roll","PiercingWail","Concentrate"],"picked":"SKIP","floor":8},{"not_picked":["Dodge and Roll","All Out Attack"],"picked":"Dash","floor":10},{"not_picked":["Die Die Die","Quick Slash"],"picked":"Phantasmal Killer","floor":11},{"not_picked":["Bane","Slice"],"picked":"Endless Agony","floor":13}],"player_experience":1970901,"relics_obtained":[{"floor":8,"key":"War Paint"},{"floor":9,"key":"Ancient Tea Set"},{"floor":11,"key":"Ginger"}],"event_choices":[{"damage_healed":0,"gold_gain":0,"player_choice":"Success","damage_taken":5,"relics_obtained":["Blue Candle"],"max_hp_gain":0,"max_hp_loss":0,"event_name":"Scrap Ooze","floor":2,"gold_loss":0},{"damage_healed":0,"gold_gain":0,"player_choice":"Leave","damage_taken":0,"max_hp_gain":0,"max_hp_loss":0,"event_name":"The Cleric","floor":4,"gold_loss":0},{"damage_healed":0,"gold_gain":0,"cards_transformed":["Strike_G"],"player_choice":"Change","damage_taken":0,"max_hp_gain":0,"max_hp_loss":0,"event_name":"Living Wall","floor":5,"gold_loss":0,"cards_obtained":["PiercingWail"]},{"damage_healed":16,"gold_gain":0,"player_choice":"Healed and dodged fight","damage_taken":0,"max_hp_gain":0,"max_hp_loss":0,"event_name":"Mushrooms","floor":12,"gold_loss":0,"cards_obtained":["Parasite"]}],"is_beta":false,"boss_relics":[],"items_purged_floors":[14],"is_endless":false,"potions_floor_spawned":[10,13],"killed_by":"Slime Boss","ascension_level":20}}