{"host":"prxrhpgaxnj4om9r","time":1613463784,"event":{"mods":["AchievementEnabler","BaseMod","Colored Map","DeckTracker","Minty Spire (QoL Compilation)"],"gold_per_floor":[111,111,127,140,140,177,177,212,212,10,40,23,46,46,46,46,46],"floor_reached":16,"language":"KOR","playtime":458,"items_purged":[],"score":135,"play_id":"08051248-858c-4519-ad7b-5ddc79ff656d","local_time":"20210216172304","is_ascension_mode":true,"campfire_choices":[{"data":"All Out Attack","floor":7,"key":"SMITH"},{"floor":15,"key":"REST"}],"circlet_count":0,"master_deck":["Strike_G","Strike_G","Strike_G","Strike_G","Strike_G","Defend_G","Defend_G","Defend_G","Defend_G","Defend_G","Survivor+1","Neutralize","Dagger Throw","Choke","Predator+1","All Out Attack+1","Backflip","Crippling Poison","Escape Plan"],"relics":["Ring of the Snake","NeowsBlessing","CeramicFish","The Courier","Smiling Mask","Sundial"],"acts_visited":["Exordium"],"potions_floor_usage":[3,6,6,8,8],"damage_taken":[{"damage":0,"enemies":"Jaw Worm","floor":1,"turns":1},{"damage":0,"enemies":"Cultist","floor":3,"turns":1},{"damage":0,"enemies":"2 Louse","floor":4,"turns":1},{"damage":12,"enemies":"3 Sentries","floor":6,"turns":8},{"damage":12,"enemies":"Gremlin Nob","floor":8,"turns":3},{"damage":9,"enemies":"Blue Slaver","floor":13,"turns":3},{"damage":53,"enemies":"The Guardian","floor":16,"turns":8}],"seed_played":"4492657760168708238","potions_obtained":[{"floor":2,"key":"Fruit Juice"},{"floor":2,"key":"Block Potion"},{"floor":2,"key":"PowerPotion"},{"floor":3,"key":"Weak Potion"},{"floor":6,"key":"Energy Potion"}],"is_trial":false,"path_per_floor":["M","?","M","M","?","E","R","E","T","$","?","$","M","$","R","B"],"character_chosen":"THE_SILENT","items_purchased":["Sundial","Crippling Poison"],"campfire_rested":1,"item_purchase_floors":[10,12],"current_hp_per_floor":[70,70,75,75,60,48,48,36,36,36,36,36,27,27,49,0,0],"gold":46,"neow_bonus":"THREE_ENEMY_KILL","is_daily":false,"chose_seed":false,"campfire_upgraded":1,"win_rate":0.0,"timestamp":1613463784,"path_taken":["M","?","M","?","?","E","R","E","T","$","?","$","M","?","R","BOSS"],"items_purchased_type":["Relic","Card"],"build_version":"2020-12-22","purchased_purges":0,"victory":false,"max_hp_per_floor":[70,70,75,75,75,75,75,75,75,75,75,75,75,75,75,75,75],"card_choices":[{"not_picked":["Sucker Punch","Accuracy"],"picked":"Dagger Throw","floor":1},{"not_picked":["Underhanded Strike","Prepared"],"picked":"Choke","floor":3},{"not_picked":["Flechettes","Bane"],"picked":"Predator","floor":4},{"not_picked":["Acrobatics","Cloak And Dagger"],"picked":"All Out Attack","floor":6},{"not_picked":["Slice","Concentrate"],"picked":"Backflip","floor":8},{"not_picked":["Backflip","Prepared"],"picked":"Escape Plan","floor":13}],"player_experience":482644,"relics_obtained":[{"floor":6,"key":"CeramicFish"},{"floor":8,"key":"The Courier"},{"floor":9,"key":"Smiling Mask"}],"event_choices":[{"damage_healed":0,"gold_gain":0,"player_choice":"Got Potions","damage_taken":0,"max_hp_gain":0,"max_hp_loss":0,"event_name":"Lab","floor":2,"gold_loss":0},{"damage_healed":0,"gold_gain":0,"player_choice":"Entered Light","damage_taken":15,"max_hp_gain":0,"max_hp_loss":0,"event_name":"Shining Light","floor":5,"gold_loss":0,"cards_upgraded":["Survivor","Predator"]},{"damage_healed":0,"gold_gain":30,"player_choice":"Searched \u00271\u0027 times","damage_taken":0,"max_hp_gain":0,"max_hp_loss":0,"event_name":"Dead Adventurer","floor":11,"gold_loss":0}],"is_beta":false,"boss_relics":[],"items_purged_floors":[],"is_endless":false,"potions_floor_spawned":[3,6],"killed_by":"The Guardian","ascension_level":5}}