{"host":"nea7n2z8ef69uk76","time":1613518993,"event":{"mods":["BaseMod","Better Altar","Colored Powertips","Curses Come First","Emptier Cage","Minty Spire (QoL Compilation)","Permanent Neow","Quick Restart","SacredBarkPlus","Spicy Shops","StSLib","The Bug Knight"],"gold_per_floor":[109,184,198,212,229,229,258,278,278,278,278,278,295,308,308,308,308],"floor_reached":16,"language":"ENG","playtime":899,"items_purged":[],"score":104,"play_id":"43af4283-8cf8-4726-ba65-fd52c46dff11","local_time":"20210216184313","is_ascension_mode":false,"campfire_choices":[{"data":"HollowMod:ChannelNail","floor":6,"key":"SMITH"},{"data":"HollowMod:DungDefenderAura","floor":10,"key":"SMITH"},{"floor":11,"key":"REST"},{"data":"HollowMod:LifebloodCocoon","floor":15,"key":"SMITH"}],"circlet_count":0,"master_deck":["HollowMod:NailStrikeStart","HollowMod:NailStrikeStart","HollowMod:NailStrikeStart","HollowMod:NailStrikeStart","HollowMod:QuickDashStart","HollowMod:QuickDashStart","HollowMod:QuickDashStart","HollowMod:FocusHealStart","HollowMod:PogoStrike","HollowMod:DungDefenderAura+1","HollowMod:LifebloodCocoon+1","HollowMod:ChannelNail+1","HollowMod:DoubleDash","HollowMod:LuriensSpire","HollowMod:SoulStrike","HollowMod:CornifersMapStart","HollowMod:RecoilStrike","HollowMod:SiblingsSouls"],"relics":["HollowMod:VesselMask","Boot","Turnip","WingedGreaves"],"acts_visited":["Exordium"],"potions_floor_usage":[16,16,16,16],"damage_taken":[{"damage":0,"enemies":"2 Louse","floor":1,"turns":2},{"damage":1,"enemies":"Small Slimes","floor":3,"turns":4},{"damage":0,"enemies":"Jaw Worm","floor":4,"turns":5},{"damage":26,"enemies":"Large Slime","floor":5,"turns":10},{"damage":30,"enemies":"Gremlin Nob","floor":7,"turns":5},{"damage":19,"enemies":"Exordium Thugs","floor":8,"turns":8},{"damage":9,"enemies":"3 Louse","floor":13,"turns":4},{"damage":0,"enemies":"Large Slime","floor":14,"turns":5},{"damage":27,"enemies":"Hexaghost","floor":16,"turns":14}],"seed_played":"-3747207968112405524","potions_obtained":[{"floor":1,"key":"Dexterity Potion"},{"floor":7,"key":"EntropicBrew"},{"floor":8,"key":"Block Potion"}],"is_trial":false,"path_per_floor":["M","?","M","M","M","R","E","M","T","R","R","?","M","M","R","B"],"character_chosen":"THE_BUGKNIGHT","items_purchased":[],"campfire_rested":1,"item_purchase_floors":[],"current_hp_per_floor":[75,64,69,75,55,55,25,6,6,6,28,28,19,25,25,17,17],"gold":308,"neow_bonus":"RANDOM_COMMON_RELIC","is_daily":false,"chose_seed":false,"campfire_upgraded":3,"win_rate":0.0,"timestamp":1613518993,"path_taken":["M","?","M","M","M","R","E","M","T","R","R","?","M","M","R","BOSS"],"items_purchased_type":[],"build_version":"2020-12-22","purchased_purges":0,"victory":false,"max_hp_per_floor":[75,75,75,75,75,75,75,75,75,75,75,75,75,75,75,75,75],"card_choices":[{"not_picked":["HollowMod:SiblingsSouls","HollowMod:HowlingWraiths"],"picked":"HollowMod:DungDefenderAura","floor":1},{"not_picked":["HollowMod:FastStrike","HollowMod:TaintedHusks"],"picked":"HollowMod:LifebloodCocoon","floor":3},{"not_picked":["HollowMod:FastStrike","HollowMod:LifebloodCocoon"],"picked":"HollowMod:ChannelNail","floor":4},{"not_picked":["HollowMod:SiblingsShadow","HollowMod:Hiveblood"],"picked":"HollowMod:DoubleDash","floor":5},{"not_picked":["HollowMod:BlackTendrils","HollowMod:HowlingWraiths"],"picked":"HollowMod:LuriensSpire","floor":7},{"not_picked":["HollowMod:Grubsong","HollowMod:DoubleDash"],"picked":"HollowMod:SoulStrike","floor":8},{"not_picked":["HollowMod:InfectionAssault","HollowMod:VengefulSpirit"],"picked":"HollowMod:RecoilStrike","floor":13},{"not_picked":["HollowMod:CycloneSlash","HollowMod:CornifersMapStart"],"picked":"HollowMod:SiblingsSouls","floor":14}],"player_experience":423610,"relics_obtained":[{"floor":7,"key":"Turnip"},{"floor":9,"key":"WingedGreaves"}],"event_choices":[{"damage_healed":0,"gold_gain":75,"player_choice":"Gather Gold","damage_taken":11,"max_hp_gain":0,"max_hp_loss":0,"event_name":"World of Goop","floor":2,"gold_loss":0},{"damage_healed":0,"gold_gain":0,"cards_transformed":["HollowMod:QuickDashStart"],"player_choice":"Change","damage_taken":0,"max_hp_gain":0,"max_hp_loss":0,"event_name":"Living Wall","floor":12,"gold_loss":0,"cards_obtained":["HollowMod:CornifersMapStart"]}],"is_beta":false,"boss_relics":[],"items_purged_floors":[],"is_endless":false,"potions_floor_spawned":[1,7,8,14],"killed_by":"Hexaghost","ascension_level":0}}