{"host":"ul3z8ex5o8l5j7mh","time":1613496289,"event":{"mods":["AchievementEnabler","BaseMod","Bestiary","Colored Map","Colored Powertips","DeckTracker","Keyboard Shortcuts","Minty Spire (QoL Compilation)","Relic Sorter","Relic Stats","SuperFastMode"],"gold_per_floor":[117,117,117,127,127,158,172,172,199,199,214,214,234,249,249,249,249],"floor_reached":16,"language":"ENG","playtime":444,"items_purged":[],"score":128,"play_id":"f2706caa-f653-43b1-a21c-7042f4b80730","local_time":"20210216182449","is_ascension_mode":true,"campfire_choices":[{"floor":8,"key":"REST"},{"floor":15,"key":"REST"}],"circlet_count":0,"master_deck":["Strike_R","Strike_R","Strike_R","Strike_R","Strike_R","Defend_R","Defend_R","Defend_R","Defend_R","Bash","Shrug It Off","Pommel Strike","Dark Embrace","Pommel Strike","Flex","Clash","Flame Barrier","Anger","Iron Wave","Twin Strike"],"relics":["Mark of Pain","Anchor","MealTicket","Prayer Wheel","Art of War","Golden Idol"],"acts_visited":["Exordium"],"potions_floor_usage":[6,11],"damage_taken":[{"damage":3.0,"enemies":"2 Louse","floor":1.0,"turns":3.0},{"damage":5.0,"enemies":"Small Slimes","floor":4.0,"turns":3.0},{"damage":28,"enemies":"Lagavulin","floor":6,"turns":6},{"damage":7,"enemies":"Jaw Worm","floor":7,"turns":3},{"damage":14,"enemies":"Large Slime","floor":11,"turns":4},{"damage":0,"enemies":"3 Louse","floor":13,"turns":3},{"damage":14,"enemies":"Exordium Wildlife","floor":14,"turns":4},{"damage":0,"enemies":"Slime Boss","floor":16,"turns":4}],"seed_played":"-3350343787614243194","potions_obtained":[{"floor":4.0,"key":"ColorlessPotion"},{"floor":6,"key":"SkillPotion"},{"floor":14,"key":"Energy Potion"}],"is_trial":false,"path_per_floor":["M","?","?","M","?","E","M","R","T","?","M","?","M","M","R","B"],"character_chosen":"IRONCLAD","items_purchased":[],"campfire_rested":2,"item_purchase_floors":[],"current_hp_per_floor":[77,74,74,69,62,34,27,51,51,31,17,17,17,3,27,27,27],"gold":249,"neow_bonus":"BOSS_RELIC","is_daily":false,"chose_seed":false,"campfire_upgraded":0,"win_rate":0.0,"timestamp":1613496289,"path_taken":["M","?","?","M","?","E","M","R","T","?","?","?","M","M","R","BOSS"],"items_purchased_type":[],"build_version":"2020-12-22","purchased_purges":0,"victory":false,"max_hp_per_floor":[80,80,80,80,80,80,80,80,80,80,80,80,80,80,80,80,80],"relic_stats":{"counters":[8,30],"Golden Idol":10,"MealTicket":0,"Prayer Wheel":4,"Art of War":[0],"obtain_stats":[{"Anchor":2,"Golden Idol":10,"MealTicket":3,"Prayer Wheel":6,"Mark of Pain":0,"Art of War":9,"Burning Blood":0},{"Anchor":1,"Golden Idol":4,"MealTicket":1,"Prayer Wheel":3,"Mark of Pain":0,"Art of War":4,"Burning Blood":0},{"Anchor":3,"Golden Idol":15,"MealTicket":3,"Prayer Wheel":12,"Mark of Pain":0,"Art of War":15,"Burning Blood":0}]},"card_choices":[{"not_picked":["Heavy Blade","Wild Strike","Power Through"],"picked":"SKIP","floor":1.0},{"not_picked":["Flex","Havoc"],"picked":"Shrug It Off","floor":4.0},{"not_picked":["Limit Break","Perfected Strike"],"picked":"Pommel Strike","floor":6},{"not_picked":["True Grit","Clothesline"],"picked":"Dark Embrace","floor":7},{"not_picked":["Havoc","Shrug It Off","Pommel Strike"],"picked":"SKIP","floor":7},{"not_picked":["Havoc","Shrug It Off"],"picked":"Pommel Strike","floor":7},{"not_picked":["Clothesline","Spot Weakness"],"picked":"Flex","floor":11},{"not_picked":["Sever Soul","Clash","Perfected Strike"],"picked":"SKIP","floor":11},{"not_picked":["Sever Soul","Perfected Strike"],"picked":"Clash","floor":11},{"not_picked":["Headbutt","Thunderclap"],"picked":"Flame Barrier","floor":13},{"not_picked":["Dark Embrace","Inflame"],"picked":"Anger","floor":13},{"not_picked":["Anger","Clash"],"picked":"Iron Wave","floor":14},{"not_picked":["Perfected Strike","Sword Boomerang"],"picked":"Twin Strike","floor":14}],"player_experience":387317,"relics_obtained":[{"floor":6,"key":"Prayer Wheel"},{"floor":9,"key":"Art of War"}],"event_choices":[{"damage_healed":0.0,"max_hp_gain":0.0,"max_hp_loss":0.0,"gold_gain":0.0,"event_name":"Scrap Ooze","player_choice":"Success","floor":2.0,"gold_loss":0.0,"damage_taken":3.0,"relics_obtained":["Anchor"]},{"damage_healed":0.0,"max_hp_gain":0.0,"max_hp_loss":0.0,"gold_gain":0.0,"event_name":"Big Fish","player_choice":"Box","floor":3.0,"gold_loss":0.0,"damage_taken":0.0,"relics_obtained":["MealTicket"],"cards_obtained":["Regret"]},{"cards_removed":["Regret"],"damage_healed":0.0,"max_hp_gain":0.0,"max_hp_loss":0.0,"gold_gain":0.0,"event_name":"Golden Wing","player_choice":"Card Removal","floor":5.0,"gold_loss":0.0,"damage_taken":7.0},{"damage_healed":0,"gold_gain":0,"player_choice":"Take Damage","damage_taken":20,"relics_obtained":["Golden Idol"],"max_hp_gain":0,"max_hp_loss":0,"event_name":"Golden Idol","floor":10,"gold_loss":0},{"damage_healed":0,"gold_gain":0,"player_choice":"Ignored","damage_taken":0,"max_hp_gain":0,"max_hp_loss":0,"event_name":"Liars Game","floor":12,"gold_loss":0}],"is_beta":false,"boss_relics":[],"items_purged_floors":[],"is_endless":false,"potions_floor_spawned":[4,6,14],"killed_by":"Slime Boss","ascension_level":5}}