{"host":"sav7uxregyirlf69","time":1613442882,"event":{"mods":["AchievementEnabler","BaseMod","Colored Map","DeckTracker","Keyboard Shortcuts","Minty Spire (QoL Compilation)","READ ME - Guardian Mod","StSLib","SuperFastMode"],"gold_per_floor":[119,137,151,177,177,177,212,212,212,21,21,48,48,76,76,179,179,189,189,204,204,83,116,116,143,191,218,218,244,169,184,184,289,289,308,270,285,302,98,127,140,140,164,192,192,192,205,218,218,218],"floor_reached":51,"language":"KOR","playtime":940,"items_purged":["Flying Knee","Blade Dance"],"score":1226,"play_id":"bb583d40-d83f-4fe8-a3a8-9d7e0bc7f456","local_time":"20210216113442","daily_mods":["Draft","ControlledChaos","Terminal"],"is_ascension_mode":true,"campfire_choices":[{"data":"Crippling Poison","floor":6,"key":"SMITH"},{"data":"Well Laid Plans","floor":11,"key":"SMITH"},{"data":"Catalyst","floor":13,"key":"SMITH"},{"data":"Catalyst","floor":15,"key":"SMITH"},{"data":"Bouncing Flask","floor":24,"key":"SMITH"},{"data":"Tactician","floor":32,"key":"SMITH"},{"data":"Acrobatics","floor":42,"key":"SMITH"},{"data":"Calculated Gamble","floor":46,"key":"SMITH"},{"data":"After Image","floor":49,"key":"SMITH"}],"circlet_count":0,"master_deck":["Cloak And Dagger","Crippling Poison+1","Catalyst+1","Reflex","Backflip","Noxious Fumes","Catalyst+1","Backflip","Backflip","Calculated Gamble+1","Finisher","Acrobatics+1","Well Laid Plans+1","After Image+1","Bouncing Flask+1","Tactician+1","Ghostly","Ghostly","Ghostly","Ghostly","Ghostly","Blur","Footwork","Catalyst+1"],"relics":["Ring of the Snake","Frozen Eye","Juzu Bracelet","Incense Burner","Tough Bandages","Torii","Membership Card","Potion Belt","Mango","Coffee Dripper","White Beast Statue","Kunai","Tiny Chest","Omamori","CeramicFish","Snake Skull","SacredBark","Lantern","Bag of Marbles","InkBottle","Boot","Art of War"],"acts_visited":["Exordium","TheCity","TheBeyond"],"potions_floor_usage":[23,25,29,38,50,50,50],"damage_taken":[{"damage":0,"enemies":"Cultist","floor":1,"turns":3},{"damage":0,"enemies":"Jaw Worm","floor":2,"turns":3},{"damage":0,"enemies":"Small Slimes","floor":3,"turns":3},{"damage":6,"enemies":"Gremlin Nob","floor":7,"turns":3},{"damage":0,"enemies":"Lagavulin","floor":14,"turns":4},{"damage":0,"enemies":"Slime Boss","floor":16,"turns":7},{"damage":0,"enemies":"Spheric Guardian","floor":18,"turns":3},{"damage":0,"enemies":"2 Thieves","floor":20,"turns":3},{"damage":0,"enemies":"Book of Stabbing","floor":23,"turns":4},{"damage":0,"enemies":"Slavers","floor":25,"turns":5},{"damage":0,"enemies":"Snake Plant","floor":27,"turns":3},{"damage":0,"enemies":"Gremlin Leader","floor":29,"turns":5},{"damage":0,"enemies":"Chosen and Byrds","floor":31,"turns":6},{"damage":0,"enemies":"Champ","floor":33,"turns":4},{"damage":0,"enemies":"Orb Walker","floor":35,"turns":4},{"damage":0,"enemies":"3 Darklings","floor":37,"turns":5},{"damage":2,"enemies":"4 Shapes","floor":38,"turns":6},{"damage":0,"enemies":"Giant Head","floor":40,"turns":4},{"damage":0,"enemies":"Jaw Worm Horde","floor":41,"turns":4},{"damage":0,"enemies":"Reptomancer","floor":44,"turns":4},{"damage":0,"enemies":"Spire Growth","floor":47,"turns":3},{"damage":0,"enemies":"Transient","floor":48,"turns":5},{"damage":0,"enemies":"Time Eater","floor":50,"turns":2}],"seed_played":"7205645501846161059","potions_obtained":[{"floor":2,"key":"Energy Potion"},{"floor":14,"key":"AttackPotion"},{"floor":16,"key":"DistilledChaos"},{"floor":18,"key":"Block Potion"},{"floor":20,"key":"Weak Potion"},{"floor":23,"key":"Poison Potion"},{"floor":25,"key":"Ancient Potion"},{"floor":27,"key":"Strength Potion"},{"floor":29,"key":"FearPotion"},{"floor":35,"key":"DuplicationPotion"},{"floor":38,"key":"FearPotion"},{"floor":40,"key":"Block Potion"},{"floor":41,"key":"DistilledChaos"}],"is_trial":true,"path_per_floor":["M","M","M","T","?","R","E","?","T","$","R","T","R","E","R","B",null,"M","?","M","?","$","E","R","E","T","M","?","E","?","M","R","B",null,"M","$","M","M","$","E","M","R","T","E","?","R","M","M","R","B",null],"character_chosen":"THE_SILENT","items_purchased":["Membership Card","Well Laid Plans","Kunai","Lantern","Bag of Marbles"],"campfire_rested":0,"item_purchase_floors":[10,10,22,39,39],"current_hp_per_floor":[68,67,66,65,58,58,52,45,45,45,45,45,45,59,59,59,66,65,64,63,30,29,28,27,26,25,24,23,23,23,23,23,23,22,21,20,19,17,17,16,15,14,13,12,11,10,9,8,7,6],"gold":218,"neow_bonus":"","is_daily":false,"chose_seed":false,"campfire_upgraded":9,"win_rate":0.0,"timestamp":1613442882,"path_taken":["M","M","M","?","?","R","E","?","T","$","R","?","R","E","R","BOSS","M","?","M","?","$","E","R","E","T","M","?","E","?","M","R","BOSS","M","$","M","M","$","E","M","R","T","E","?","R","M","M","R","BOSS"],"items_purchased_type":["Relic","Card","Relic","Relic","Relic"],"build_version":"2020-12-22","purchased_purges":2,"victory":true,"max_hp_per_floor":[68,67,66,65,64,63,62,61,60,59,58,57,56,69,68,67,66,65,64,63,30,29,28,27,26,25,24,28,27,26,25,24,23,22,21,20,19,18,17,16,15,14,13,12,11,10,9,8,7,6],"card_choices":[{"not_picked":["Flying Knee","Caltrops"],"picked":"Cloak And Dagger","floor":0},{"not_picked":["Dagger Throw","Setup"],"picked":"Blade Dance","floor":0},{"not_picked":["Outmaneuver","Slice"],"picked":"Flying Knee","floor":0},{"not_picked":["Bane","Bouncing Flask"],"picked":"Crippling Poison","floor":0},{"not_picked":["Underhanded Strike","Predator"],"picked":"Cloak And Dagger","floor":0},{"not_picked":["Infinite Blades","Slice"],"picked":"Catalyst","floor":0},{"not_picked":["Distraction","Deflect"],"picked":"Reflex","floor":0},{"not_picked":["Dagger Throw","Cloak And Dagger"],"picked":"Backflip","floor":0},{"not_picked":["Bane","Slice"],"picked":"Cloak And Dagger","floor":0},{"not_picked":["Slice","Dagger Spray"],"picked":"Cloak And Dagger","floor":0},{"not_picked":["Choke","Poisoned Stab"],"picked":"Noxious Fumes","floor":0},{"not_picked":["Dagger Spray","Dagger Throw"],"picked":"Catalyst","floor":0},{"not_picked":["Deadly Poison","Dash"],"picked":"Backflip","floor":0},{"not_picked":["Flechettes","Prepared"],"picked":"Backflip","floor":0},{"not_picked":["Deflect","Endless Agony"],"picked":"Calculated Gamble","floor":0},{"not_picked":["Reflex","Bane","Underhanded Strike"],"picked":"SKIP","floor":1},{"not_picked":["Setup","Cloak And Dagger"],"picked":"Finisher","floor":2},{"not_picked":["Poisoned Stab","Crippling Poison","Quick Slash"],"picked":"SKIP","floor":3},{"not_picked":["Choke","Outmaneuver"],"picked":"Acrobatics","floor":7},{"not_picked":["Backflip","Dodge and Roll","Slice"],"picked":"SKIP","floor":14},{"not_picked":["Doppelganger","Malaise"],"picked":"After Image","floor":16},{"not_picked":["Calculated Gamble","Flying Knee+1"],"picked":"Bouncing Flask","floor":18},{"not_picked":["Backflip","Blade Dance+1"],"picked":"Tactician","floor":20},{"not_picked":["Deflect","Deadly Poison"],"picked":"Blur","floor":23},{"not_picked":["Reflex","Acrobatics+1","Prepared"],"picked":"SKIP","floor":25},{"not_picked":["Blade Dance+1","Poisoned Stab"],"picked":"Footwork","floor":27},{"not_picked":["Envenom","Poisoned Stab+1","Underhanded Strike"],"picked":"SKIP","floor":29},{"not_picked":["Prepared+1","Tactician","Dagger Throw"],"picked":"SKIP","floor":31},{"not_picked":["PiercingWail","Dagger Spray+1"],"picked":"Catalyst+1","floor":35},{"not_picked":["Dodge and Roll+1","Dash+1","Cloak And Dagger"],"picked":"SKIP","floor":37},{"not_picked":["Sucker Punch","Backflip","Bouncing Flask"],"picked":"SKIP","floor":38},{"not_picked":["Dodge and Roll","Catalyst","Accuracy"],"picked":"SKIP","floor":40},{"not_picked":["Underhanded Strike","Malaise","Blade Dance+1"],"picked":"SKIP","floor":41},{"not_picked":["Backstab","Blur","Underhanded Strike"],"picked":"SKIP","floor":44},{"not_picked":["Deflect+1","Cloak And Dagger+1","Blur+1"],"picked":"SKIP","floor":47},{"not_picked":["Bane+1","Predator+1","Quick Slash+1"],"picked":"SKIP","floor":48}],"player_experience":1589678,"relics_obtained":[{"floor":4,"key":"Juzu Bracelet"},{"floor":7,"key":"Tough Bandages"},{"floor":9,"key":"Torii"},{"floor":12,"key":"Potion Belt"},{"floor":14,"key":"Mango"},{"floor":23,"key":"Tiny Chest"},{"floor":25,"key":"Omamori"},{"floor":26,"key":"CeramicFish"},{"floor":29,"key":"Snake Skull"},{"floor":40,"key":"InkBottle"},{"floor":43,"key":"Boot"},{"floor":44,"key":"Art of War"}],"event_choices":[{"damage_healed":0,"gold_gain":0,"player_choice":"Success","damage_taken":7,"relics_obtained":["Incense Burner"],"max_hp_gain":0,"max_hp_loss":0,"event_name":"Scrap Ooze","floor":5,"gold_loss":0},{"cards_removed":["Cloak And Dagger"],"damage_healed":0,"gold_gain":0,"player_choice":"Card Removal","damage_taken":7,"max_hp_gain":0,"max_hp_loss":0,"event_name":"Golden Wing","floor":8,"gold_loss":0},{"cards_removed":["Cloak And Dagger"],"damage_healed":0,"gold_gain":0,"player_choice":"Gave Card","damage_taken":0,"relics_obtained":["White Beast Statue"],"max_hp_gain":0,"max_hp_loss":0,"event_name":"WeMeetAgain","floor":19,"gold_loss":0},{"damage_healed":0,"gold_gain":0,"player_choice":"Became a Ghost","damage_taken":0,"max_hp_gain":0,"max_hp_loss":32,"event_name":"Ghosts","floor":21,"gold_loss":0,"cards_obtained":["Ghostly","Ghostly","Ghostly","Ghostly","Ghostly"]},{"damage_healed":0,"gold_gain":0,"player_choice":"Shed Blood","damage_taken":6,"max_hp_gain":5,"max_hp_loss":0,"event_name":"Forgotten Altar","floor":28,"gold_loss":0},{"cards_removed":["Cloak And Dagger"],"damage_healed":0,"gold_gain":0,"player_choice":"Gave Gold","damage_taken":0,"max_hp_gain":0,"max_hp_loss":0,"event_name":"Beggar","floor":30,"gold_loss":75},{"damage_healed":0,"gold_gain":0,"player_choice":"Memory 1","damage_taken":0,"max_hp_gain":0,"max_hp_loss":0,"event_name":"SensoryStone","floor":45,"gold_loss":0}],"is_beta":false,"boss_relics":[{"not_picked":["Sozu","HoveringKite"],"picked":"Coffee Dripper"},{"not_picked":["Empty Cage","Runic Pyramid"],"picked":"SacredBark"}],"items_purged_floors":[36,39],"is_endless":false,"potions_floor_spawned":[2,14,16,18,20,23,25,27,29,31,33,35,37,38,40,41,44,47,48],"ascension_level":1}}