{"host":"ex9ev9v5sog028vn","time":1613470467,"event":{"mods":["Act Like it!","BaseMod","Block Reminder","Downfall","Minty Spire (QoL Compilation)","Permanent Neow","Quick Restart","Relic Stats","StSLib"],"gold_per_floor":[99,115,131,131,19,84,84,101,111,127,156,166,166,51,65,163,163,163,183,183,195,213,228,253,82,82,82,82,100,119,47,59,162,162,162,180,180,180,230,243,323,339,339,364,376,176,191,203,220,220],"floor_reached":51,"language":"ENG","playtime":3731,"items_purged":["Regret","champ:Strike","champ:BladeFlurry"],"score":687,"play_id":"b25093fa-8dff-44bc-bd35-37b6d967e85c","local_time":"20210216071427","is_ascension_mode":false,"campfire_choices":[{"data":"champ:Execute","floor":1.0,"key":"SMITH"},{"data":"champ:FanOfKnives","floor":13.0,"key":"SMITH"},{"data":"champ:HoldFirm","floor":18.0,"key":"SMITH"},{"data":"champ:Improvising","floor":26,"key":"SMITH"},{"data":"champ:GladiatorStyle","floor":28,"key":"SMITH"},{"data":"champ:UltimateStance","floor":35,"key":"SMITH"},{"floor":46,"key":"RECALL"}],"circlet_count":0,"master_deck":["champ:Execute+1","champ:Taunt","champ:PreciseThrust","champ:FanOfKnives+1","champ:BringItOn","champ:BerserkersShout","champ:Haymaker","champ:GutPunch","champ:GladiatorStyle+1","champ:HoldFirm+1","champ:FocusedBerserking","champ:VampiricStrike","champ:IgnorePain","champ:FlashCut","champ:PreciseThrust","champ:BladeFlurry","champ:VampiricStrike","champ:Improvising+1","champ:IronFortress+1","champ:CalledShot+1","champ:Duel+1","champ:CrownThrow","champ:UltimateStance+1","champ:ShieldSlam+1","champ:GladiatorForm","expansioncontent:YouAreMine","expansioncontent:YouAreMine","champ:AdrenalArmor+1","champ:ShieldSlam+1","Parasite","champ:FocusedBerserking+1"],"relics":["champ:ChampionCrown","Centennial Puzzle","Orichalcum","Eternal Feather","Shuriken","Pandora\u0027s Box","Potion Belt","Pen Nib","OrangePellets","champ:FightingForDummies","Snecko Eye","Du-Vu Doll","FossilizedHelix","downfall:HeartBlessingGreen","downfall:HeartBlessingBlue"],"acts_visited":["Exordium","TheCity","TheBeyond"],"potions_floor_usage":[33,44],"damage_taken":[{"damage":0.0,"enemies":"2 Louse","floor":2.0,"turns":2.0},{"damage":6.0,"enemies":"Jaw Worm","floor":3.0,"turns":3.0},{"damage":12.0,"enemies":"downfall:FleeingMerchant","floor":5.0,"turns":4.0},{"damage":47.0,"enemies":"Lagavulin Event","floor":6.0,"turns":5.0},{"damage":15.0,"enemies":"Cultist","floor":8.0,"turns":3.0},{"damage":4.0,"enemies":"downfall:LooterAlt","floor":9.0,"turns":3.0},{"damage":11.0,"enemies":"Exordium Thugs","floor":10.0,"turns":4.0},{"damage":29.0,"enemies":"Lagavulin","floor":11.0,"turns":5.0},{"damage":10.0,"enemies":"2 Fungi Beasts","floor":12.0,"turns":2.0},{"damage":25.0,"enemies":"downfall:FleeingMerchant","floor":14.0,"turns":4.0},{"damage":0.0,"enemies":"3 Louse","floor":15.0,"turns":1.0},{"damage":58.0,"enemies":"WA_ARCHETYPE_RETAIN","floor":16.0,"turns":6.0},{"damage":10.0,"enemies":"Chosen","floor":19.0,"turns":3.0},{"damage":11,"enemies":"Shell Parasite","floor":21,"turns":3},{"damage":20,"enemies":"Centurion and Healer","floor":22,"turns":5},{"damage":30,"enemies":"Sentry and Sphere","floor":23,"turns":6},{"damage":18,"enemies":"downfall:FleeingMerchant","floor":25,"turns":4},{"damage":25,"enemies":"Snake Plant","floor":29,"turns":3},{"damage":30,"enemies":"Chosen and Byrds","floor":30,"turns":5},{"damage":25,"enemies":"downfall:FleeingMerchant","floor":31,"turns":4},{"damage":19,"enemies":"3 Cultists","floor":32,"turns":4},{"damage":65,"enemies":"DF_ARCHETYPE_CLAW","floor":33,"turns":6},{"damage":19,"enemies":"3 Darklings","floor":36,"turns":4},{"damage":23,"enemies":"3 Darklings","floor":39,"turns":6},{"damage":10,"enemies":"3 Shapes","floor":40,"turns":3},{"damage":37,"enemies":"3 Darklings","floor":42,"turns":6},{"damage":76,"enemies":"Nemesis","floor":44,"turns":7},{"damage":45,"enemies":"Writhing Mass","floor":45,"turns":3},{"damage":25,"enemies":"Spire Growth","floor":47,"turns":3},{"damage":15,"enemies":"Jaw Worm Horde","floor":48,"turns":4},{"damage":47,"enemies":"Transient","floor":49,"turns":5},{"damage":83,"enemies":"IC_BLOCK_ARCHETYPE","floor":50,"turns":6}],"seed_played":"6340056807675546512","potions_obtained":[{"floor":6.0,"key":"Strength Potion"},{"floor":8.0,"key":"Explosive Potion"},{"floor":10.0,"key":"FearPotion"},{"floor":15.0,"key":"FearPotion"},{"floor":21,"key":"AttackPotion"},{"floor":30,"key":"bronze:BurnAndBuffPotion"},{"floor":32,"key":"hexamod:SoulburnPotion"},{"floor":33,"key":"Weak Potion"},{"floor":39,"key":"Energy Potion"},{"floor":42,"key":"Dexterity Potion"},{"floor":48,"key":"BlessingOfTheForge"},{"floor":49,"key":"AttackPotion"}],"is_trial":false,"path_per_floor":["R","M","M","?","$","?","T","M","M","M","E","M","R","$","M","B",null,"R","M","?","M","M","M","T","$","R","?","R","M","M","$","M","B",null,"R","M","$","?","?","M","T","M","?","E","M","R","M","M","M","B",null],"character_chosen":"THE_CHAMP","items_purchased":["champ:BerserkersShout","Pen Nib","OrangePellets","champ:FightingForDummies"],"campfire_rested":0,"item_purchase_floors":[5,25,31,31],"current_hp_per_floor":[99,99,93,93,91,79,79,79,75,69,45,45,57,52,52,24,104,104,104,104,103,103,83,83,80,92,92,104,89,79,74,65,35,104,104,85,85,75,72,72,72,65,65,54,59,87,87,92,85,67],"gold":220,"neow_bonus":"TEN_PERCENT_HP_BONUS","is_daily":false,"chose_seed":false,"campfire_upgraded":6,"win_rate":0.0,"timestamp":1613470467,"path_taken":["R","M","M","?","$","?","T","M","M","M","E","M","R","?","M","BOSS","R","M","?","?","M","M","T","$","R","?","R","M","M","?","M","BOSS","R","M","$","?","?","M","T","M","?","E","M","R","M","M","M","BOSS"],"items_purchased_type":["Card","Relic","Relic","Relic"],"build_version":"2020-12-22","purchased_purges":3,"victory":true,"max_hp_per_floor":[99,99,99,99,99,104,104,104,104,104,104,104,104,104,104,104,104,104,104,104,104,104,104,104,104,104,104,104,104,104,104,104,104,104,104,104,104,104,104,104,104,104,104,104,104,114,114,114,114,114],"relic_stats":{"OrangePellets":[11],"Centennial Puzzle":[87],"counters":[32,132],"Shuriken":[49],"Snecko Eye":[62,75,66,61],"Eternal Feather":54,"Pandora\u0027s Box":["champ:FlashCut","champ:PreciseThrust","champ:BladeFlurry","champ:VampiricStrike","champ:BladeFlurry","champ:Improvising","champ:IronFortress"],"Pen Nib":[18],"Orichalcum":[240],"obtain_stats":[{"Potion Belt":24,"champ:ChampionCrown":0,"Eternal Feather":7,"downfall:HeartBlessingGreen":46,"Pen Nib":25,"Orichalcum":6,"Du-Vu Doll":39,"OrangePellets":31,"Centennial Puzzle":4,"Shuriken":11,"downfall:HeartBlessingBlue":46,"Snecko Eye":34,"Pandora\u0027s Box":17,"champ:FightingForDummies":31,"FossilizedHelix":44},{"Potion Belt":16,"champ:ChampionCrown":0,"Eternal Feather":4,"downfall:HeartBlessingGreen":28,"Pen Nib":17,"Orichalcum":3,"Du-Vu Doll":24,"OrangePellets":20,"Centennial Puzzle":2,"Shuriken":8,"downfall:HeartBlessingBlue":28,"Snecko Eye":22,"Pandora\u0027s Box":12,"champ:FightingForDummies":20,"FossilizedHelix":27},{"Potion Belt":59,"champ:ChampionCrown":0,"Eternal Feather":14,"downfall:HeartBlessingGreen":114,"Pen Nib":63,"Orichalcum":9,"Du-Vu Doll":95,"OrangePellets":75,"Centennial Puzzle":5,"Shuriken":29,"downfall:HeartBlessingBlue":114,"Snecko Eye":85,"Pandora\u0027s Box":42,"champ:FightingForDummies":75,"FossilizedHelix":111}]},"card_choices":[{"not_picked":["champ:GutPunch","champ:FocusedBerserking"],"picked":"champ:PreciseThrust","floor":2.0},{"not_picked":["champ:GutPunch","champ:ShieldWall"],"picked":"champ:FanOfKnives","floor":3.0},{"not_picked":["champ:TornadoPunch","champ:DefensiveShout"],"picked":"champ:BringItOn","floor":5.0},{"not_picked":["champ:FlashCut","champ:CalledShot"],"picked":"champ:Haymaker","floor":6.0},{"not_picked":["champ:BladeFlurry","champ:SwordThrow"],"picked":"champ:GutPunch","floor":8.0},{"not_picked":["champ:EnGarde","champ:CrownThrow"],"picked":"champ:GladiatorStyle","floor":9.0},{"not_picked":["champ:DeathBlow","champ:Backstep"],"picked":"champ:AdrenalArmor","floor":10.0},{"not_picked":["champ:FalseCounter","champ:PerfectedStrike"],"picked":"champ:HoldFirm","floor":11.0},{"not_picked":["champ:BringItOn","champ:CrownThrow"],"picked":"champ:FocusedBerserking","floor":12.0},{"not_picked":["champ:Backstep","champ:HeartStrike"],"picked":"champ:VampiricStrike","floor":14.0},{"not_picked":["champ:Backstep","champ:Circumvent","champ:GutPunch"],"picked":"SKIP","floor":15.0},{"not_picked":["champ:MurderStrike","champ:DancingMaster"],"picked":"champ:IgnorePain","floor":16.0},{"not_picked":["champ:FalseCounter","champ:Circumvent"],"picked":"champ:CalledShot+1","floor":19.0},{"not_picked":["champ:FalseCounter","champ:Haymaker+1","champ:CrownThrow"],"picked":"SKIP","floor":21},{"not_picked":["champ:FancyFootwork+1","champ:Shatter+1","champ:RapidStrikes"],"picked":"SKIP","floor":22},{"not_picked":["champ:Haymaker+1","champ:Shatter+1"],"picked":"champ:Duel+1","floor":23},{"not_picked":["champ:EnGarde","champ:DefensiveShout"],"picked":"champ:CrownThrow","floor":25},{"not_picked":["champ:FanOfKnives","champ:FlashCut+1","champ:Backstep"],"picked":"SKIP","floor":29},{"not_picked":["champ:PerfectedStrike","champ:Shatter","champ:DefensiveShout+1"],"picked":"SKIP","floor":30},{"not_picked":["champ:EndlessRage","champ:DefensiveShout"],"picked":"champ:UltimateStance","floor":31},{"not_picked":["champ:AdrenalArmor","champ:Haymaker"],"picked":"champ:ShieldSlam+1","floor":32},{"not_picked":["champ:DancingMaster","champ:IgnorePain"],"picked":"champ:GladiatorForm","floor":33},{"not_picked":["champ:RisingSlash","champ:FlashCut","champ:FanOfKnives"],"picked":"SKIP","floor":36},{"not_picked":["expansioncontent:HyperBeam","expansioncontent:PrepareCrush"],"picked":"expansioncontent:YouAreMine","floor":38},{"not_picked":["expansioncontent:PrepareCrush","expansioncontent:HyperBeam"],"picked":"expansioncontent:YouAreMine","floor":38},{"not_picked":["champ:BerserkersShout","champ:Shatter+1"],"picked":"champ:AdrenalArmor+1","floor":39},{"not_picked":["champ:FlashCut","champ:CrownThrow+1","champ:IronFortress"],"picked":"SKIP","floor":40},{"not_picked":["champ:Haymaker+1","champ:FanOfKnives+1"],"picked":"champ:ShieldSlam+1","floor":42},{"not_picked":["champ:SkillfulDodge+1","champ:SwordThrow","champ:FalseCounter"],"picked":"SKIP","floor":44},{"not_picked":["champ:Haymaker","champ:FlashCut","champ:ArenaPreparation"],"picked":"SKIP","floor":45},{"not_picked":["champ:SkillfulDodge","champ:BladeFlurry"],"picked":"champ:FocusedBerserking+1","floor":47},{"not_picked":["champ:PreemptiveStrike+1","champ:ShieldSlam+1","champ:PerfectedStrike"],"picked":"SKIP","floor":48},{"not_picked":["champ:BringItOn+1","champ:HeartStrike+1","champ:ArenaPreparation"],"picked":"SKIP","floor":49}],"player_experience":734735,"relics_obtained":[{"floor":7.0,"key":"Eternal Feather"},{"floor":11.0,"key":"Shuriken"},{"floor":24,"key":"Potion Belt"},{"floor":39,"key":"Du-Vu Doll"},{"floor":44,"key":"FossilizedHelix"}],"event_choices":[{"damage_healed":0.0,"max_hp_gain":0.0,"max_hp_loss":0.0,"gold_gain":0.0,"event_name":"Big Fish","player_choice":"Box","floor":4.0,"gold_loss":0.0,"damage_taken":0.0,"relics_obtained":["Centennial Puzzle"],"cards_obtained":["Regret"]},{"damage_healed":0.0,"max_hp_gain":5.0,"max_hp_loss":0.0,"gold_gain":0.0,"event_name":"Big Fish","player_choice":"Donut","floor":6.0,"gold_loss":0.0,"damage_taken":0.0},{"damage_healed":0,"gold_gain":0,"player_choice":"Forge","damage_taken":0,"max_hp_gain":0,"max_hp_loss":0,"event_name":"Accursed Blacksmith","floor":27,"gold_loss":0,"cards_upgraded":["champ:IronFortress"]},{"cards_removed":["champ:AdrenalArmor"],"damage_healed":0,"gold_gain":0,"player_choice":"Removed Skill","damage_taken":0,"max_hp_gain":0,"max_hp_loss":0,"event_name":"Falling","floor":43,"gold_loss":0}],"is_beta":false,"boss_relics":[{"not_picked":["Busted Crown","Velvet Choker"],"picked":"Pandora\u0027s Box"},{"not_picked":["Empty Cage","Fusion Hammer"],"picked":"Snecko Eye"}],"items_purged_floors":[5,14,31],"is_endless":false,"potions_floor_spawned":[6,8,10,15,21,30,32,33,39,42,48,49],"ascension_level":0}}