{"host":"yy1cu9q9bsxhflzi","time":1613505860,"event":{"mods":["BaseMod","DeckTracker","Minty Spire (QoL Compilation)","Quick Restart","StSLib","SuperFastMode","everything is the same but u backflip on backflip"],"gold_per_floor":[119,119,119,136,96,422,422,447,447,476,476,486,486,379,379,453,453,465,465,380,402,115,115,65,65,119,137,147,182,193,205,205,284,284,303,303,303,303,320,350,350,350,375,17,43,56,76,109,109,109],"floor_reached":51,"language":"KOR","playtime":1870,"items_purged":["Strike_G","Poisoned Stab","Terror"],"score":1594,"play_id":"9454bb3e-3d68-4e63-bcd3-1041992f5599","local_time":"20210217050420","is_ascension_mode":true,"campfire_choices":[{"data":"Dash","floor":7,"key":"SMITH"},{"floor":11,"key":"REST"},{"data":"Terror","floor":13,"key":"SMITH"},{"data":"Well Laid Plans","floor":15,"key":"SMITH"},{"floor":23,"key":"REST"},{"data":"Calculated Gamble","floor":25,"key":"SMITH"},{"floor":32,"key":"REST"},{"floor":42,"key":"REST"},{"floor":49,"key":"REST"}],"circlet_count":0,"master_deck":["AscendersBane","Survivor","Neutralize","Dash+1","Well Laid Plans+1","PiercingWail","Terror+1","Outmaneuver","Backflip","Doppelganger","Calculated Gamble+1","Doppelganger","Heel Hook","Corpse Explosion","Setup","Footwork+1","Infinite Blades+1","All Out Attack+1","Footwork+1","Deflect","Blur","Backflip","A Thousand Cuts+1","Acrobatics","Writhe","Reflex+1","Apotheosis","Calculated Gamble+1","Crippling Poison+1","Parasite","Leg Sweep+1"],"relics":["Ring of the Snake","NeowsBlessing","Dead Branch","Old Coin","Smiling Mask","Frozen Egg 2","Darkstone Periapt","Pandora\u0027s Box","MawBank","Chemical X","Toy Ornithopter","Pear","Philosopher\u0027s Stone","Pantograph","Bronze Scales","Pen Nib","Medical Kit","Toxic Egg 2","Shuriken"],"acts_visited":["Exordium","TheCity","TheBeyond"],"potions_floor_usage":[8,8,31,33,50,50],"damage_taken":[{"damage":0,"enemies":"2 Louse","floor":1,"turns":1},{"damage":0,"enemies":"Small Slimes","floor":4,"turns":1},{"damage":0,"enemies":"Gremlin Nob","floor":6,"turns":1},{"damage":17,"enemies":"Lagavulin","floor":8,"turns":5},{"damage":13,"enemies":"3 Sentries","floor":10,"turns":10},{"damage":11,"enemies":"Cultist","floor":12,"turns":4},{"damage":4,"enemies":"Hexaghost","floor":16,"turns":12},{"damage":3,"enemies":"3 Byrds","floor":18,"turns":5},{"damage":14,"enemies":"Spheric Guardian","floor":21,"turns":6},{"damage":0,"enemies":"3 Cultists","floor":27,"turns":2},{"damage":0,"enemies":"Centurion and Healer","floor":28,"turns":4},{"damage":29,"enemies":"Slavers","floor":29,"turns":2},{"damage":3,"enemies":"Snake Plant","floor":30,"turns":4},{"damage":13,"enemies":"Shelled Parasite and Fungi","floor":31,"turns":5},{"damage":5,"enemies":"Champ","floor":33,"turns":11},{"damage":18,"enemies":"3 Darklings","floor":35,"turns":3},{"damage":5,"enemies":"Orb Walker","floor":39,"turns":3},{"damage":22,"enemies":"Reptomancer","floor":40,"turns":7},{"damage":0,"enemies":"Nemesis","floor":45,"turns":5},{"damage":33,"enemies":"Jaw Worm Horde","floor":46,"turns":3},{"damage":5,"enemies":"Writhing Mass","floor":47,"turns":5},{"damage":15,"enemies":"Reptomancer","floor":48,"turns":6},{"damage":38,"enemies":"Time Eater","floor":50,"turns":12}],"seed_played":"2969234016505118627","potions_obtained":[{"floor":5,"key":"CunningPotion"},{"floor":5,"key":"FearPotion"},{"floor":10,"key":"FearPotion"},{"floor":29,"key":"Energy Potion"},{"floor":31,"key":"Weak Potion"},{"floor":33,"key":"DistilledChaos"},{"floor":46,"key":"Explosive Potion"},{"floor":47,"key":"ColorlessPotion"}],"is_trial":false,"path_per_floor":["M","?","?","M","?","E","R","E","T","E","R","M","R","$","R","B",null,"M","?","?","M","$","R","$","R","T","M","M","E","M","M","R","B",null,"M","T","?","?","M","E","?","R","T","$","E","M","M","E","R","B",null],"character_chosen":"THE_SILENT","items_purchased":["Strength Potion","Footwork+1","Chemical X","Apotheosis","Medical Kit"],"campfire_rested":5,"item_purchase_floors":[14,22,22,44,44],"current_hp_per_floor":[59,54,54,54,54,54,54,37,37,24,43,32,32,32,32,28,57,54,36,36,22,22,43,43,43,43,43,43,24,21,13,37,37,70,52,52,74,74,69,47,47,73,73,73,73,40,41,26,53,50],"gold":109,"neow_bonus":"THREE_ENEMY_KILL","is_daily":false,"chose_seed":false,"campfire_upgraded":4,"win_rate":0.0,"timestamp":1613505860,"path_taken":["M","?","?","M","?","E","R","E","T","E","R","?","R","$","R","BOSS","M","?","?","M","?","R","$","R","T","M","M","E","?","M","R","BOSS","M","?","?","?","?","E","?","R","T","$","E","M","M","E","R","BOSS"],"items_purchased_type":["Potion","Card","Relic","Card","Relic"],"build_version":"2020-12-22","purchased_purges":3,"victory":true,"max_hp_per_floor":[66,66,66,66,66,66,66,66,66,66,66,66,66,66,66,66,66,66,71,71,71,71,71,71,71,71,71,71,81,81,81,81,81,81,81,81,87,87,87,87,87,87,87,87,87,87,93,93,93,93],"card_choices":[{"not_picked":["Underhanded Strike","Bane"],"picked":"Dash","floor":1},{"not_picked":["Distraction","Prepared"],"picked":"Well Laid Plans","floor":4},{"not_picked":["Grand Finale","Poisoned Stab"],"picked":"PiercingWail","floor":6},{"not_picked":["Flying Knee","Backflip"],"picked":"Terror","floor":8},{"not_picked":["Concentrate","Bane"],"picked":"Outmaneuver","floor":10},{"not_picked":["Prepared","Dagger Spray"],"picked":"Backflip","floor":12},{"not_picked":["Burst","Corpse Explosion"],"picked":"Doppelganger","floor":16},{"not_picked":["Heel Hook+1","Dodge and Roll"],"picked":"Infinite Blades+1","floor":18},{"not_picked":["Dagger Spray","Expertise"],"picked":"All Out Attack+1","floor":21},{"not_picked":["Prepared","Predator"],"picked":"Deflect","floor":27},{"not_picked":["Cloak And Dagger","Poisoned Stab","All Out Attack"],"picked":"SKIP","floor":28},{"not_picked":["Leg Sweep","Tactician"],"picked":"Blur","floor":29},{"not_picked":["Dagger Spray","Choke","Dodge and Roll"],"picked":"SKIP","floor":30},{"not_picked":["Cloak And Dagger","Deadly Poison"],"picked":"Backflip","floor":31},{"not_picked":["Bullet Time","Phantasmal Killer"],"picked":"A Thousand Cuts+1","floor":33},{"not_picked":["Backflip","Flying Knee"],"picked":"Acrobatics","floor":35},{"not_picked":["Poisoned Stab","Bane+1","Riddle With Holes"],"picked":"SKIP","floor":39},{"not_picked":["Distraction+1","Setup+1"],"picked":"Reflex+1","floor":40},{"not_picked":["Flying Knee","Finisher"],"picked":"Calculated Gamble+1","floor":45},{"not_picked":["Riddle With Holes","Infinite Blades+1"],"picked":"Crippling Poison+1","floor":46},{"not_picked":["Caltrops+1","Dagger Spray","Choke+1"],"picked":"SKIP","floor":47},{"not_picked":["Terror+1","Expertise+1"],"picked":"Leg Sweep+1","floor":48}],"player_experience":3921604,"relics_obtained":[{"floor":6,"key":"Old Coin"},{"floor":8,"key":"Smiling Mask"},{"floor":9,"key":"Frozen Egg 2"},{"floor":10,"key":"Darkstone Periapt"},{"floor":26,"key":"Toy Ornithopter"},{"floor":29,"key":"Pear"},{"floor":36,"key":"Pantograph"},{"floor":40,"key":"Pen Nib"},{"floor":45,"key":"Toxic Egg 2"},{"floor":48,"key":"Shuriken"}],"event_choices":[{"damage_healed":0,"gold_gain":0,"player_choice":"Success","damage_taken":5,"relics_obtained":["Dead Branch"],"max_hp_gain":0,"max_hp_loss":0,"event_name":"Scrap Ooze","floor":2,"gold_loss":0},{"cards_removed":["Strike_G"],"damage_healed":0,"gold_gain":0,"player_choice":"Forget","damage_taken":0,"max_hp_gain":0,"max_hp_loss":0,"event_name":"Living Wall","floor":3,"gold_loss":0},{"damage_healed":0,"gold_gain":0,"player_choice":"Bought 3 Potions","damage_taken":0,"max_hp_gain":0,"max_hp_loss":0,"event_name":"The Woman in Blue","floor":5,"gold_loss":0},{"damage_healed":0,"gold_gain":0,"player_choice":"Shed Blood","damage_taken":23,"max_hp_gain":5,"max_hp_loss":0,"event_name":"Forgotten Altar","floor":19,"gold_loss":0},{"damage_healed":0,"gold_gain":0,"player_choice":"Obtained Relic","damage_taken":0,"relics_obtained":["MawBank"],"max_hp_gain":0,"max_hp_loss":0,"event_name":"Addict","floor":20,"gold_loss":85},{"damage_healed":16,"gold_gain":0,"player_choice":"Writhe","damage_taken":0,"max_hp_gain":0,"max_hp_loss":0,"event_name":"Winding Halls","floor":37,"gold_loss":0,"cards_obtained":["Writhe"]},{"damage_healed":0,"gold_gain":0,"player_choice":"Gave Potion","damage_taken":0,"relics_obtained":["Bronze Scales"],"max_hp_gain":0,"max_hp_loss":0,"event_name":"WeMeetAgain","floor":38,"gold_loss":0},{"damage_healed":0,"gold_gain":0,"player_choice":"Ignored","damage_taken":0,"max_hp_gain":0,"max_hp_loss":0,"event_name":"Tomb of Lord Red Mask","floor":41,"gold_loss":0}],"is_beta":false,"boss_relics":[{"not_picked":["Velvet Choker","Ring of the Serpent"],"picked":"Pandora\u0027s Box"},{"not_picked":["Coffee Dripper","Calling Bell"],"picked":"Philosopher\u0027s Stone"}],"items_purged_floors":[14,22,24],"is_endless":false,"potions_floor_spawned":[10,16,28,29,31,33,35,46,47],"ascension_level":17}}