{"host":"f9ntswufr8mq3t4y","time":1613494078,"event":{"mods":["AchievementEnabler","BaseMod","Best Route Mod","Block Reminder","Colored Map","Colored Powertips","Curses Come First","DeckTracker","Displayed Cursed Tome","Highlight Path","Minty Spire (QoL Compilation)","Permanent Neow","Quick Restart","Slay-I","StSLib"],"gold_per_floor":[12,12,12,31,56,56,77,77,103,103,103,134,134,167,167,293,293,314,338,288,301,315,315,315,315],"floor_reached":24,"language":"ENG","playtime":1268,"items_purged":[],"score":283,"play_id":"0b7fb192-6e2c-4a0b-9e88-fa7515a1c87c","local_time":"20210216194758","is_ascension_mode":true,"campfire_choices":[{"data":"Defragment","floor":6,"key":"SMITH"},{"data":"Zap","floor":8,"key":"SMITH"},{"data":"Dualcast","floor":10,"key":"SMITH"},{"data":"Blizzard","floor":13,"key":"SMITH"},{"floor":15,"key":"REST"},{"floor":23,"key":"REST"}],"circlet_count":0,"master_deck":["Strike_B","Defend_B","Defend_B","Zap+1","Dualcast+1","Coolheaded","Coolheaded","Glacier","Defragment+1","Ball Lightning","Blizzard+1","Defragment","Machine Learning","Multi-Cast+1","Leap+1","Capacitor+1","Defragment"],"relics":["Cracked Core","Mango","Golden Idol","Strawberry","Dream Catcher","Torii","Astrolabe"],"acts_visited":["TheCity"],"potions_floor_usage":[24,24,24],"damage_taken":[{"damage":3,"enemies":"Jaw Worm","floor":1,"turns":6},{"damage":0,"enemies":"2 Louse","floor":4,"turns":3},{"damage":1,"enemies":"Cultist","floor":5,"turns":6},{"damage":5,"enemies":"Red Slaver","floor":7,"turns":6},{"damage":3,"enemies":"3 Sentries","floor":12,"turns":8},{"damage":11,"enemies":"Lagavulin","floor":14,"turns":5},{"damage":10,"enemies":"Slime Boss","floor":16,"turns":9},{"damage":19,"enemies":"3 Byrds","floor":18,"turns":5},{"damage":1,"enemies":"Spheric Guardian","floor":19,"turns":5},{"damage":18,"enemies":"Snake Plant","floor":21,"turns":6},{"damage":6,"enemies":"Snecko","floor":22,"turns":8},{"damage":81,"enemies":"Slavers","floor":24,"turns":5}],"seed_played":"2848057040332618128","potions_obtained":[{"floor":4,"key":"FearPotion"},{"floor":7,"key":"Swift Potion"},{"floor":16,"key":"BlessingOfTheForge"},{"floor":18,"key":"AttackPotion"},{"floor":22,"key":"Weak Potion"}],"is_trial":false,"path_per_floor":["M","?","?","M","M","R","M","R","T","R","?","E","R","E","R","B",null,"M","M","?","M","M","R","E"],"character_chosen":"DEFECT","items_purchased":[],"campfire_rested":2,"item_purchase_floors":[],"current_hp_per_floor":[86,86,64,64,63,63,58,58,65,65,65,62,62,51,79,69,89,70,69,69,51,45,73,0,0],"gold":315,"neow_bonus":"ONE_RARE_RELIC","is_daily":false,"chose_seed":false,"campfire_upgraded":4,"win_rate":0.0,"timestamp":1613494078,"path_taken":["M","?","?","M","M","R","M","R","T","R","?","E","R","E","R","BOSS","M","M","?","M","?","R","E"],"items_purchased_type":[],"build_version":"2020-12-22","purchased_purges":0,"victory":false,"max_hp_per_floor":[89,89,89,89,89,89,89,89,96,96,96,96,96,96,96,96,96,96,96,96,96,96,96,96,96],"card_choices":[{"not_picked":["Stack","Beam Cell"],"picked":"Coolheaded","floor":1},{"not_picked":["Go for the Eyes","Rebound"],"picked":"Glacier","floor":4},{"not_picked":["Coolheaded","Stack"],"picked":"Defragment","floor":5},{"not_picked":["Stack","Leap"],"picked":"Ball Lightning","floor":7},{"not_picked":["Stack","Thunder Strike"],"picked":"Blizzard","floor":12},{"not_picked":["Amplify","Coolheaded","Reprogram"],"picked":"SKIP","floor":14},{"not_picked":["Steam Power","Force Field"],"picked":"Defragment","floor":15},{"not_picked":["Biased Cognition","Hyperbeam"],"picked":"Machine Learning","floor":16},{"not_picked":["Rip and Tear","Cold Snap"],"picked":"Defragment","floor":18},{"not_picked":["Aggregate","Ball Lightning","Gash"],"picked":"SKIP","floor":19},{"not_picked":["Stack+1","Recycle","Skim"],"picked":"SKIP","floor":21},{"not_picked":["Static Discharge","Steam Power+1","Barrage"],"picked":"SKIP","floor":22}],"player_experience":445751,"relics_obtained":[{"floor":9,"key":"Strawberry"},{"floor":12,"key":"Dream Catcher"},{"floor":14,"key":"Torii"}],"event_choices":[{"damage_healed":0,"gold_gain":0,"cards_transformed":["Strike_B"],"player_choice":"Change","damage_taken":0,"max_hp_gain":0,"max_hp_loss":0,"event_name":"Living Wall","floor":2,"gold_loss":0,"cards_obtained":["Coolheaded"]},{"damage_healed":0,"gold_gain":0,"player_choice":"Take Damage","damage_taken":22,"relics_obtained":["Golden Idol"],"max_hp_gain":0,"max_hp_loss":0,"event_name":"Golden Idol","floor":3,"gold_loss":0},{"cards_removed":["Strike_B"],"damage_healed":0,"gold_gain":0,"player_choice":"Offered Basic","damage_taken":0,"max_hp_gain":0,"max_hp_loss":0,"event_name":"Bonfire Elementals","floor":11,"gold_loss":0},{"damage_healed":0,"gold_gain":0,"player_choice":"Bet on Owner","damage_taken":0,"max_hp_gain":0,"max_hp_loss":0,"event_name":"The Joust","floor":20,"gold_loss":50}],"is_beta":false,"boss_relics":[{"not_picked":["Empty Cage","Tiny House"],"picked":"Astrolabe"}],"items_purged_floors":[],"is_endless":false,"potions_floor_spawned":[4,7,16,18,22],"killed_by":"Slavers","ascension_level":5}}