{"host":"og21o26alpnbwmz8","time":1613504657,"event":{"mods":["Act Like it!","Aspiration","BaseMod","Conspire","Downfall","Gensokyo","GungeonMod","Halation","Hubris","Jedi Mod","Mimic Mod","Minty Spire (QoL Compilation)","Pale of the Ancients","Reliquary","Replay The Spire","Shop Mod","Spikes Relics","StSLib","The Alterego","The Blue Laboratory","The Florist","The Poker Player","Waifu the Spire","Yuri Mod"],"gold_per_floor":[99,118,130,146,24,24,24,24,37,37,37,37,37,51,63,167,167,167,179,191,208,88,88,111,123,57,57,68,78,78,178,189,293,293,193,209,225,225,225,253,253,253,53,38,38,48,48,62,77,77,77,77,77,77],"floor_reached":52,"language":"ENG","playtime":2461,"items_purged":[],"score":751,"play_id":"e697bfe5-01f8-4d6d-9272-17037341ba83","local_time":"20210216144417","is_ascension_mode":false,"campfire_choices":[{"data":"Guardian:TwinSlam","floor":1,"key":"SMITH"},{"data":"Guardian:Defend_Guardian","floor":8,"key":"SMITH"},{"data":"Guardian:Defend_Guardian","floor":10,"key":"SMITH"},{"data":"Guardian:Defend_Guardian","floor":13,"key":"SMITH"},{"data":"Masterful Stab","floor":18,"key":"SMITH"},{"data":"Masterful Stab","floor":27,"key":"SMITH"},{"floor":30,"key":"RECALL"},{"floor":35,"key":"DIG"},{"data":"Gensokyo:LifeSpringInfinity","floor":43,"key":"SMITH"},{"data":"Guardian:CurlUp","floor":43,"key":"SMITH"},{"data":"Guardian:ExploitGems","floor":43,"key":"SMITH"},{"data":"Guardian:VentSteam","floor":43,"key":"SMITH"}],"circlet_count":0,"master_deck":["Guardian:Defend_Guardian+1","Guardian:Defend_Guardian+1","Guardian:Defend_Guardian+1","Guardian:Defend_Guardian+1","Guardian:CurlUp+1","Guardian:TwinSlam+1","Masterful Stab+1","Masterful Stab+1","Guardian:PrismaticBarrier+1","Guardian:VentSteam+1","Guardian:ExploitGems+1","Gensokyo:LifeSpringInfinity+1","Guardian:Gem_Blue"],"relics":["Guardian:ModeShifter","NeowsBlessing","Centennial Puzzle","halation:EternalFortune","Unceasing Top","DemoMod:RiddleOfLead","Gensokyo:SpiderMask","Iron Hammer","Oddly Smooth Stone","reliquary:OuijaBoard","Replay:Arrowhead","Empty Cage","downfall:HeartBlessingRed","reliquary:PorcupineQuills","halation:PenCase","downfall:HeartBlessingGreen","downfall:HeartBlessingBlue","hubris:Icosahedron"],"acts_visited":["Exordium","Gensokyo:Gensokyo","Gensokyo:Gensokyoer","TheEnding"],"potions_floor_usage":[16,16,31,39,50,50],"damage_taken":[{"damage":0,"enemies":"Gensokyo:Gryphon","floor":2,"turns":1},{"damage":0,"enemies":"Gensokyo:2_Kodama","floor":3,"turns":1},{"damage":0,"enemies":"Gensokyo:3_Fairies","floor":4,"turns":2},{"damage":0,"enemies":"Gensokyo:CorruptedTreant","floor":9,"turns":5},{"damage":0,"enemies":"Gensokyo:VengefulSpirit","floor":14,"turns":3},{"damage":0,"enemies":"Gensokyo:2_Rabbits","floor":15,"turns":4},{"damage":50,"enemies":"IC_STATUS_ARCHETYPE","floor":16,"turns":15},{"damage":4,"enemies":"Gensokyo:AngelMirror","floor":19,"turns":2},{"damage":0,"enemies":"Gensokyo:CosmicMonolith","floor":20,"turns":2},{"damage":0,"enemies":"Gensokyo:Chomper_and_Gloop","floor":21,"turns":3},{"damage":0,"enemies":"Gensokyo:Swordslinger","floor":25,"turns":3},{"damage":0,"enemies":"downfall:FleeingMerchant","floor":26,"turns":4},{"damage":0,"enemies":"Gensokyo:Wraith","floor":28,"turns":3},{"damage":0,"enemies":"Gensokyo:Mirror_and_Dog","floor":29,"turns":2},{"damage":0,"enemies":"Gensokyo:Mirror_and_Dog","floor":31,"turns":5},{"damage":0,"enemies":"Gensokyo:Slime_Group","floor":32,"turns":3},{"damage":0,"enemies":"DF_ARCHETYPE_CLAW","floor":33,"turns":8},{"damage":0,"enemies":"Gensokyo:3_Boulders","floor":36,"turns":4},{"damage":0,"enemies":"Gensokyo:AncientGuardian","floor":37,"turns":7},{"damage":16,"enemies":"Gensokyo:AncientGuardian","floor":39,"turns":8},{"damage":0,"enemies":"Gensokyo:Kasen","floor":40,"turns":8},{"damage":0,"enemies":"downfall:FleeingMerchant","floor":44,"turns":4},{"damage":0,"enemies":"Gensokyo:4_Bats","floor":46,"turns":4},{"damage":0,"enemies":"Gensokyo:AtlasGolem","floor":48,"turns":3},{"damage":0,"enemies":"Gensokyo:Dusk_and_Dawn","floor":49,"turns":3},{"damage":80,"enemies":"WA_ARCHETYPE_DIVINITY","floor":50,"turns":13},{"damage":14,"enemies":"downfall:CharBossMerchant","floor":52,"turns":4}],"seed_played":"8804571866989317871","potions_obtained":[{"floor":2,"key":"blueLaboratory:RecallPotion"},{"floor":9,"key":"blueLaboratory:FruitPunch"},{"floor":16,"key":"blueLaboratory:Moonshine"},{"floor":19,"key":"ColorlessPotion"},{"floor":21,"key":"sneckomod:MuddlingPotion"},{"floor":31,"key":"Slimebound:ThreeZeroPotion"},{"floor":46,"key":"champ:CounterPotion"},{"floor":48,"key":"SkillPotion"}],"is_trial":false,"path_per_floor":["R","M","M","M","COS","?","T","R","M","R","?","?","R","M","M","B",null,"R","M","M","M","?","?","T","M","$","R","M","M","R","?","M","B",null,"R","M","M","COS","?","E","T","?","R","$","?","M","?","M","M","B",null,"E"],"character_chosen":"GUARDIAN","items_purchased":["Guardian:Gem_Green"],"campfire_rested":0,"item_purchase_floors":[26],"current_hp_per_floor":[80,80,80,80,80,80,80,80,80,80,80,83,83,86,86,38,98,98,94,94,94,94,94,94,94,94,94,94,94,94,94,94,94,98,98,98,98,98,98,98,98,98,108,108,108,108,108,108,108,28,108,94,94,94],"gold":77,"neow_bonus":"THREE_ENEMY_KILL","is_daily":false,"chose_seed":false,"campfire_upgraded":10,"win_rate":0.0,"timestamp":1613504657,"path_taken":["R","M","?","M","COS","?","T","R","?","R","?","?","R","M","M","BOSS","R","M","M","M","?","?","T","M","$","R","?","?","R","?","M","BOSS","R","M","M","COS","?","E","T","?","R","$","?","M","?","?","M","BOSS","E"],"items_purchased_type":["Card"],"build_version":"2020-12-22","purchased_purges":0,"victory":false,"max_hp_per_floor":[80,80,80,80,80,80,80,80,80,80,80,83,83,86,86,88,98,98,98,98,98,98,98,98,98,98,98,98,98,98,98,98,98,98,98,98,98,98,98,98,98,98,108,108,108,108,108,108,108,108,108,108,108,108],"card_choices":[{"not_picked":["Guardian:RollAttack","Guardian:PiercingHide"],"picked":"Guardian:Gem_White","floor":2},{"not_picked":["Guardian:WalkerClaw","Guardian:PiercingHide"],"picked":"Guardian:Gem_Green","floor":3},{"not_picked":["Guardian:Reroute","Guardian:Incinerate"],"picked":"Guardian:Gem_Fragmented","floor":4},{"not_picked":["Guardian:Gem_Lightblue","Guardian:Planning+1"],"picked":"Guardian:PrismaticBarrier+1","floor":9},{"not_picked":["Guardian:CrystalBeam","Guardian:Gem_Lightblue"],"picked":"Guardian:Gem_Cyan","floor":9},{"not_picked":["Guardian:PrimingBeam","Guardian:ChargeUp"],"picked":"Guardian:Gem_Cyan","floor":14},{"not_picked":["Guardian:EvasiveProtocol","Guardian:ChargeCore"],"picked":"Guardian:VentSteam","floor":15},{"not_picked":["Guardian:ConstructionForm","Guardian:FierceBash"],"picked":"Guardian:ExploitGems","floor":16},{"not_picked":["Guardian:RefractedBeam+1","Guardian:ShieldCharger","Guardian:CrystalBeam"],"picked":"SKIP","floor":19},{"not_picked":["Guardian:WalkerClaw","Guardian:BodySlam+1"],"picked":"Guardian:BronzeOrb","floor":20},{"not_picked":["Guardian:Gem_Purple","Guardian:BronzeOrb"],"picked":"Guardian:Gem_White","floor":21},{"not_picked":["Guardian:PolyBeam","Guardian:Planning"],"picked":"Guardian:Gem_Purple","floor":25},{"not_picked":["Guardian:Preprogram","Guardian:SpikerProtocol"],"picked":"Guardian:Gem_Purple","floor":26},{"not_picked":["Guardian:TemporalStrike","Guardian:PrismaticBarrier","Guardian:Planning"],"picked":"SKIP","floor":28},{"not_picked":["Guardian:WalkerClaw","Guardian:TimeBomb","Guardian:Gem_Red"],"picked":"SKIP","floor":29},{"not_picked":["Guardian:TimeCapacitor","Guardian:Gem_Cyan","Guardian:ArmoredProtocol+1"],"picked":"SKIP","floor":32},{"not_picked":["Guardian:TemporalStrike","Guardian:Gem_Red","Guardian:Reroute+1"],"picked":"SKIP","floor":36},{"not_picked":["Guardian:RollAttack+1","Guardian:GuardianWhirl"],"picked":"Guardian:PolyBeam+1","floor":37},{"not_picked":["Gensokyo:UnhurriedMind","Gensokyo:UnlikelyAid"],"picked":"Gensokyo:LifeSpringInfinity","floor":39},{"not_picked":["Guardian:ExploitGems","Guardian:GemFire","Guardian:Recover+1"],"picked":"SKIP","floor":40},{"not_picked":["Guardian:GemFinder","Guardian:RollAttack+1"],"picked":"Guardian:Gem_Blue","floor":44},{"not_picked":["Guardian:BronzeOrb+1","Guardian:Gem_Cyan","Guardian:TemporalStrike+1"],"picked":"SKIP","floor":46},{"not_picked":["Guardian:VentSteam","Guardian:Gem_Lightblue","Guardian:Reroute+1"],"picked":"SKIP","floor":48},{"not_picked":["Guardian:Emergency+1","Guardian:ShieldCharger","Guardian:PrismaticBarrier"],"picked":"SKIP","floor":49}],"player_experience":291033,"relics_obtained":[{"floor":7,"key":"Centennial Puzzle"},{"floor":14,"key":"halation:EternalFortune"},{"floor":24,"key":"Oddly Smooth Stone"},{"floor":31,"key":"reliquary:OuijaBoard"},{"floor":31,"key":"Replay:Arrowhead"},{"floor":35,"key":"reliquary:PorcupineQuills"},{"floor":40,"key":"halation:PenCase"}],"event_choices":[],"is_beta":false,"boss_relics":[{"not_picked":["SacredBark","Replay:Drink Me"],"picked":"DemoMod:RiddleOfLead"},{"not_picked":["reliquary:RedCape","Snecko Eye"],"picked":"Empty Cage"}],"items_purged_floors":[],"is_endless":false,"potions_floor_spawned":[2,9,16,19,21,31,37,46,48],"killed_by":"downfall:CharBossMerchant","ascension_level":0}}