{"host":"oewe6473mh2zp5ss","time":1613488305,"event":{"mods":["AchievementEnabler","Ascension Reborn","Aspiration","Bard","BaseMod","CCEM2","Challenge The Spire","Conspire","Curses Come First","Custom Start","Downfall","Emptier Cage","Gremlin Mod","Halation","Hubris","Infinite Spire","Marked Mod","Minty Spire (QoL Compilation)","Permanent Neow","Reliquary","Replay The Spire","Robot Space Explorer","Somnambulant","Spikes Relics","StSLib","The Cursed","The Disciple","The Jungle","The Senshi","thorton"],"gold_per_floor":[113,288,288,305,1,20,55,130,130,130,148,148,148,172,172,271,271,281,281,34,46,46,81,81,81,81,81,98,98,98,118,118,213,213,233,233,250,250,250,250,267,267,267,297,297,314,314,332,332,332,332],"floor_reached":50,"language":"ENG","playtime":4162,"items_purged":["Parasite"],"score":601,"play_id":"d5c91576-f34f-4768-8019-9237bcf42adc","local_time":"20210216071145","is_ascension_mode":true,"campfire_choices":[{"floor":10,"key":"REST"},{"data":"theextravagant:ShootingStar","floor":12,"key":"SMITH"},{"floor":15,"key":"REST"},{"floor":27,"key":"REST"},{"data":"infinitespire:TheBestDefense","floor":29,"key":"SMITH"},{"floor":32,"key":"REST"},{"floor":40,"key":"REST"},{"data":"theextravagant:Vintage","floor":42,"key":"SMITH"},{"floor":47,"key":"REST"}],"circlet_count":0,"master_deck":["conspire:GhostlyStrike","conspire:GhostlyStrike","conspire:GhostlyStrike","conspire:GhostlyDefend","conspire:GhostlyDefend","conspire:GhostlyDefend","conspire:GhostlyDefend","theextravagant:QuickAttack","theextravagant:Triumph","theextravagant:HeavyBlows","theextravagant:ShootingStar+1","theextravagant:CuttingEdge","theextravagant:HeavyBlows","theextravagant:StepBack","theextravagant:PuffUp","theextravagant:Firework","theextravagant:PuffUp","theextravagant:Stella","theextravagant:HeavyBlows","ReplayTheSpireMod:Necrogeddon","Dramatic Entrance","theextravagant:Firework","infinitespire:TheBestDefense+1","infinitespire:Punishment","theextravagant:Vintage+1","theextravagant:CuttingEdge","theextravagant:ShootingStar","theextravagant:SnakeOil","theextravagant:GlyphOfPower+1","theextravagant:Meditation+1","Poisoned Strike","Bandage Up","theextravagant:StepBack","theextravagant:ShootingStar","theextravagant:StepBack+1","theextravagant:AuroraForm"],"relics":["theextravagant:TranslucentFeather","CCEMRelics:HeirloomTomato","Mango","aspiration:FetidBarrel","Odd Mushroom","halation:Prosthetics","ReplayTheSpireMod:CursedCoin","conspire:RoyalGoblet","aspiration:KaomsHeart"],"acts_visited":["Exordium","TheCity","TheBeyond"],"potions_floor_usage":[18,46,50,50],"damage_taken":[{"damage":3,"enemies":"conspire:RoseBush","floor":1,"turns":2},{"damage":0,"enemies":"Small Slimes","floor":4,"turns":3},{"damage":6,"enemies":"2 Louse","floor":6,"turns":2},{"damage":3,"enemies":"Blue Slaver","floor":11,"turns":3},{"damage":23,"enemies":"The Mushroom Lair","floor":14,"turns":4},{"damage":61,"enemies":"Hexaghost","floor":16,"turns":9},{"damage":1,"enemies":"Shell Parasite","floor":18,"turns":3},{"damage":19,"enemies":"conspire:FuzzyDice","floor":21,"turns":4},{"damage":22,"enemies":"Nightmare","floor":23,"turns":6},{"damage":9,"enemies":"conspire:HollyBat","floor":28,"turns":8},{"damage":25,"enemies":"3 Cultists","floor":31,"turns":4},{"damage":46,"enemies":"Collector","floor":33,"turns":8},{"damage":1,"enemies":"Orb Walker","floor":35,"turns":2},{"damage":32,"enemies":"3 Shapes","floor":37,"turns":4},{"damage":5,"enemies":"Maw","floor":41,"turns":5},{"damage":33,"enemies":"Nemesis","floor":44,"turns":5},{"damage":29,"enemies":"Transient","floor":46,"turns":5},{"damage":43,"enemies":"4 Shapes","floor":48,"turns":4},{"damage":114,"enemies":"infinitespire:MassOfShapes","floor":50,"turns":7}],"seed_played":"-1786761030137821982","potions_obtained":[{"floor":4,"key":"Flashbang"},{"floor":6,"key":"Swift Potion"},{"floor":18,"key":"sneckomod:MuddlingPotion"},{"floor":46,"key":"Energy Potion"}],"is_trial":false,"path_per_floor":["M","?","?","M","$","M","?","?","T","R","M","R","?","?","R","B",null,"M","?","$","M","AVR","NM","?","?","T","R","M","R","T","M","R","B",null,"M","?","M","?","?","R","M","R","T","E","?","M","R","M","R","B"],"character_chosen":"THE_EXTRAVAGANT","items_purchased":["CCEMRelics:HeirloomTomato","theextravagant:HeavyBlows","ReplayTheSpireMod:CursedCoin","ReplayTheSpireMod:Necrogeddon","Dramatic Entrance","AttackPotion"],"campfire_rested":6,"item_purchase_floors":[5,5,20,20,20,20],"current_hp_per_floor":[72,72,65,65,70,66,80,69,69,94,93,93,93,72,94,35,59,59,59,56,39,139,119,103,106,106,153,146,146,146,123,159,115,159,159,159,129,119,119,159,156,156,156,125,125,98,145,108,108,0,0],"gold":332,"neow_bonus":"RANDOM_EVENT","is_daily":false,"chose_seed":false,"campfire_upgraded":3,"win_rate":0.0,"timestamp":1613488305,"path_taken":["M","?","?","M","$","M","?","?","T","R","?","R","?","?","R","BOSS","M","?","$","M","AVR","NM","?","?","T","R","M","R","?","M","R","BOSS","M","?","M","?","?","R","M","R","T","E","?","M","R","M","R","BOSS"],"items_purchased_type":["Relic","Card","Relic","Card","Card","Potion"],"build_version":"2020-12-22","purchased_purges":1,"victory":false,"max_hp_per_floor":[75,75,75,75,80,80,94,94,94,94,94,94,94,94,94,94,59,59,59,56,56,156,156,156,159,159,159,159,159,159,159,159,159,159,159,159,159,159,159,159,159,159,159,159,159,159,159,159,159,159,159],"card_choices":[{"not_picked":["theextravagant:Flashback","theextravagant:SharpTalons"],"picked":"theextravagant:ShootingStar","floor":1},{"not_picked":["theextravagant:Cutthroat","theextravagant:Shake"],"picked":"theextravagant:CuttingEdge","floor":4},{"not_picked":["theextravagant:Tension","theextravagant:PerfectTheBasics"],"picked":"theextravagant:StepBack","floor":6},{"not_picked":["theextravagant:Thrill","theextravagant:GlyphOfSight"],"picked":"theextravagant:PuffUp","floor":7},{"not_picked":["theextravagant:Cutthroat","theextravagant:PerfectTheBasics"],"picked":"theextravagant:Firework","floor":11},{"not_picked":["theextravagant:Pushthrough","theextravagant:Riot"],"picked":"theextravagant:PuffUp","floor":14},{"not_picked":["theextravagant:Redemption","theextravagant:RiskyStrike"],"picked":"theextravagant:Stella","floor":16},{"not_picked":["theextravagant:GarbageCannon+1","theextravagant:Courage"],"picked":"theextravagant:HeavyBlows","floor":18},{"not_picked":["theextravagant:CutTheDeck","theextravagant:SpontaneousStrike"],"picked":"theextravagant:Firework","floor":21},{"not_picked":["ReplayTheSpireMod:Book of Names","infinitespire:Menacing"],"picked":"infinitespire:Punishment","floor":23},{"not_picked":["theextravagant:Defy","theextravagant:StepBack"],"picked":"theextravagant:Vintage","floor":23},{"not_picked":["theextravagant:Flashback","theextravagant:CutTheDeck+1"],"picked":"theextravagant:CuttingEdge","floor":28},{"not_picked":["theextravagant:Shake+1","theextravagant:SpontaneousStrike"],"picked":"theextravagant:ShootingStar","floor":31},{"not_picked":["theextravagant:Nihil","theextravagant:Erase"],"picked":"theextravagant:SnakeOil","floor":33},{"not_picked":["theextravagant:Comeback+1","theextravagant:Twitch+1"],"picked":"theextravagant:GlyphOfPower+1","floor":35},{"not_picked":["theextravagant:RustyBuckler","theextravagant:Cutthroat+1"],"picked":"theextravagant:Meditation+1","floor":37},{"not_picked":["Midas Touch","Crow Ritual"],"picked":"Poisoned Strike","floor":38},{"not_picked":["Mind Blast","Sharp Hide"],"picked":"Bandage Up","floor":38},{"not_picked":["theextravagant:Courage","theextravagant:SharpTalons"],"picked":"theextravagant:StepBack","floor":41},{"not_picked":["theextravagant:Cutthroat","theextravagant:Shatter"],"picked":"theextravagant:ShootingStar","floor":44},{"not_picked":["theextravagant:GarbageCannon","theextravagant:SpontaneousStrike+1"],"picked":"theextravagant:StepBack+1","floor":46},{"not_picked":["theextravagant:ZeroHero","theextravagant:SpontaneousStrike"],"picked":"theextravagant:AuroraForm","floor":48}],"player_experience":135382,"relics_obtained":[{"floor":7,"key":"Mango"},{"floor":9,"key":"aspiration:FetidBarrel"},{"floor":14,"key":"Odd Mushroom"},{"floor":23,"key":"aspiration:KMNothing"},{"floor":24,"key":"Necronomicon"},{"floor":26,"key":"aspiration:KMNothing"},{"floor":30,"key":"aspiration:KMNothing"},{"floor":43,"key":"aspiration:KMNothing"},{"floor":44,"key":"aspiration:KMNothing"},{"floor":49,"key":"Ring of Panic"},{"floor":49,"key":"Ring of Hypnosis"}],"event_choices":[{"damage_healed":0,"gold_gain":0,"cards_transformed":["theextravagant:SlyStrike"],"player_choice":"Change","damage_taken":0,"max_hp_gain":0,"max_hp_loss":0,"event_name":"Living Wall","floor":0,"gold_loss":0,"cards_obtained":["theextravagant:HeavyBlows"]},{"damage_healed":0,"gold_gain":175,"player_choice":"AGREE","damage_taken":0,"max_hp_gain":0,"max_hp_loss":0,"event_name":"Liars Game","floor":2,"gold_loss":0,"cards_obtained":["Doubt"]},{"cards_removed":["Doubt"],"damage_healed":0,"gold_gain":0,"player_choice":"Card Removal","damage_taken":7,"max_hp_gain":0,"max_hp_loss":0,"event_name":"Golden Wing","floor":3,"gold_loss":0},{"damage_healed":0,"gold_gain":75,"player_choice":"Gather Gold","damage_taken":11,"max_hp_gain":0,"max_hp_loss":0,"event_name":"World of Goop","floor":8,"gold_loss":0},{"damage_healed":0,"gold_gain":0,"player_choice":"Agree","damage_taken":0,"max_hp_gain":0,"max_hp_loss":0,"event_name":"conspire:LoneGhost","floor":13,"gold_loss":0},{"damage_healed":0,"gold_gain":0,"player_choice":"Fought Mushrooms","damage_taken":0,"max_hp_gain":0,"max_hp_loss":0,"event_name":"Mushrooms","floor":14,"gold_loss":0},{"damage_healed":0,"gold_gain":0,"player_choice":"Obtained Book","damage_taken":16,"max_hp_gain":0,"max_hp_loss":0,"event_name":"Cursed Tome","floor":24,"gold_loss":0},{"cards_removed":["infinitespire:FinalStrike"],"damage_healed":0,"gold_gain":0,"player_choice":"Removed Attack","damage_taken":0,"max_hp_gain":0,"max_hp_loss":0,"event_name":"Falling","floor":36,"gold_loss":0},{"damage_healed":0,"gold_gain":0,"player_choice":"Memory 3","damage_taken":10,"max_hp_gain":0,"max_hp_loss":0,"event_name":"SensoryStone","floor":38,"gold_loss":0},{"damage_healed":0,"gold_gain":0,"player_choice":"Leave","damage_taken":0,"max_hp_gain":0,"max_hp_loss":0,"event_name":"conspire:Investor","floor":39,"gold_loss":0}],"is_beta":false,"boss_relics":[{"not_picked":["Runic Pyramid","aspiration:FutureDiary"],"picked":"halation:Prosthetics"},{"not_picked":["aspiration:KMNothing","aspiration:KMNothing"],"picked":"aspiration:KMNothing"}],"items_purged_floors":[20],"is_endless":true,"potions_floor_spawned":[4,6,14,18,33,35,46],"killed_by":"infinitespire:MassOfShapes","ascension_level":0}}