{"host":"za1qviwhp34x909e","time":1613456742,"event":{"mods":["Act Like it!","BaseMod","Colored Map","Colored Powertips","Downfall","Highlight Path","Hubris","Koishi","Marisa????????","Minty Spire (QoL Compilation)","Quick Restart","Reimu??????","Replay The Spire","StSLib","The Servant 0.9.4"],"gold_per_floor":[109,109,129,204,218,257,5,25,52,70,91,91,91,131,131,131,131],"floor_reached":16,"language":"ENG","playtime":971,"items_purged":[],"score":112,"play_id":"a9f1de2e-45d5-44d4-b153-b0264caf8297","local_time":"20210216002542","is_ascension_mode":false,"campfire_choices":[{"data":"Koishi:SubconsciousSweep","floor":13,"key":"SMITH"},{"data":"Koishi:TerrifyingSpectre","floor":15,"key":"SMITH"}],"circlet_count":0,"master_deck":["Koishi:BasicStrike","Koishi:BasicStrike","Koishi:BasicStrike","Koishi:BasicStrike","Koishi:BasicDefend","Koishi:BasicDefend","Koishi:BasicDefend","Koishi:BasicDefend","Koishi:Provoke","Koishi:HauntingSlash","Koishi:ParalyzingFear+1","Koishi:RacingHeart","Koishi:SubconsciousSweep+1","Koishi:GeneticsOfTheUnconscious","Koishi:ImGoingToCallYouNow+1","Koishi:DreadfulBlow","Koishi:MindNumbingTerror","Koishi:Jaunt","Koishi:TerrifyingSpectre+1"],"relics":["Koishi:ImaginaryFriend","Pet Ghost","Golden Idol","Tiny Chest","Lee\u0027s Waffle","Boot","Molten Egg 2"],"acts_visited":["Exordium"],"potions_floor_usage":[6,14,14,16],"damage_taken":[{"damage":3,"enemies":"Small Slimes","floor":1,"turns":4},{"damage":1,"enemies":"Jaw Worm","floor":3,"turns":4},{"damage":0,"enemies":"Cultist","floor":5,"turns":3},{"damage":19,"enemies":"3 Sentries","floor":6,"turns":6},{"damage":2,"enemies":"Looter","floor":8,"turns":4},{"damage":0,"enemies":"2 Fungi Beasts","floor":10,"turns":2},{"damage":6,"enemies":"Large Slime","floor":11,"turns":7},{"damage":26,"enemies":"Gremlin Nob","floor":14,"turns":4},{"damage":45,"enemies":"Hexaghost","floor":16,"turns":11}],"seed_played":"3447952011719315895","potions_obtained":[{"floor":3,"key":"Fruit Juice"},{"floor":5,"key":"hexamod:SoulburnPotion"},{"floor":8,"key":"Block Potion"},{"floor":11,"key":"EssenceOfSteel"},{"floor":14,"key":"MagicPotion:ReiMu"}],"is_trial":false,"path_per_floor":["M","?","M","?","M","E","$","M","T","M","M","?","R","E","R","B"],"character_chosen":"KOISHI","items_purchased":["Lee\u0027s Waffle","Koishi:ImGoingToCallYouNow+1"],"campfire_rested":0,"item_purchase_floors":[7,7],"current_hp_per_floor":[58,56,56,45,46,27,63,63,63,63,58,58,58,44,44,0,0],"gold":131,"neow_bonus":"RANDOM_COMMON_RELIC","is_daily":false,"chose_seed":false,"campfire_upgraded":2,"win_rate":0.0,"timestamp":1613456742,"path_taken":["M","?","M","?","M","E","$","?","T","M","M","?","R","E","R","BOSS"],"items_purchased_type":["Relic","Card"],"build_version":"2020-12-22","purchased_purges":0,"victory":false,"max_hp_per_floor":[60,56,56,56,56,56,63,63,63,63,63,63,63,68,68,68,68],"card_choices":[{"not_picked":["Koishi:ReflexRadar","Koishi:SpiritedAway"],"picked":"Koishi:ParalyzingFear","floor":1},{"not_picked":["Koishi:PhilosophyOfTheDespised","Koishi:ReleaseOfTheId"],"picked":"Koishi:RacingHeart","floor":3},{"not_picked":["Koishi:StingingMind","Koishi:UnconsciousUprising"],"picked":"Koishi:SubconsciousSweep","floor":5},{"not_picked":["Koishi:StingingMind","Koishi:Jaunt"],"picked":"Koishi:GeneticsOfTheUnconscious","floor":6},{"not_picked":["Koishi:BramblyRoseGarden","Koishi:Possession"],"picked":"Koishi:DreadfulBlow","floor":8},{"not_picked":["Koishi:RorschachInDanmaku","Koishi:PhantomBarrier"],"picked":"Koishi:MindNumbingTerror","floor":10},{"not_picked":["Koishi:PhantomBarrier","Koishi:ParalyzingFear"],"picked":"Koishi:Jaunt","floor":11},{"not_picked":["Koishi:PhantomBarrier","Koishi:RorschachInDanmaku"],"picked":"Koishi:TerrifyingSpectre","floor":14}],"player_experience":737972,"relics_obtained":[{"floor":6,"key":"Tiny Chest"},{"floor":9,"key":"Boot"},{"floor":14,"key":"Molten Egg 2"}],"event_choices":[{"damage_healed":0,"gold_gain":0,"player_choice":"Lose Max HP","damage_taken":0,"relics_obtained":["Golden Idol"],"max_hp_gain":0,"max_hp_loss":4,"event_name":"Golden Idol","floor":2,"gold_loss":0},{"damage_healed":0,"gold_gain":75,"player_choice":"Gather Gold","damage_taken":11,"max_hp_gain":0,"max_hp_loss":0,"event_name":"World of Goop","floor":4,"gold_loss":0},{"damage_healed":0,"gold_gain":0,"player_choice":"Upgraded","damage_taken":0,"max_hp_gain":0,"max_hp_loss":0,"event_name":"Upgrade Shrine","floor":12,"gold_loss":0,"cards_upgraded":["Koishi:ParalyzingFear"]}],"is_beta":false,"boss_relics":[],"items_purged_floors":[],"is_endless":false,"potions_floor_spawned":[3,5,8,11,14],"killed_by":"Hexaghost","ascension_level":0}}