{"host":"f76wcztdlwlduum6","time":1613436883,"event":{"mods":["BaseMod","BetterRewards","Colored Powertips","Minty Spire (QoL Compilation)","Quick Restart","Rare Cards Sparkle","Relic Stats","StSLib","SuperFastMode","everything is the same but u backflip on backflip"],"gold_per_floor":[109,34,109,122,122,166,184,224,224,248,248,286,306,320,320,410,410,430,430,443,12,12,12,48,48,48,318,356,375,414,455,455,551,551,570,626,12,234,250,284,303,303,328,328,363,388,411,454,454,454,454,454,454,3,44,44],"floor_reached":57,"language":"ENG","playtime":3025,"items_purged":["Strike_G","Strike_G","Defend_G","Defend_G","Strike_G","Defend_G","Crippling Poison","Crippling Poison"],"score":4036,"play_id":"ee45967f-30b6-489f-93ea-893ba301dc09","local_time":"20210215185443","is_ascension_mode":true,"campfire_choices":[{"data":"Venomology","floor":11,"key":"SMITH"},{"data":"Neutralize","floor":15,"key":"SMITH"},{"data":"Well Laid Plans","floor":23,"key":"SMITH"},{"data":"Blade Dance","floor":25,"key":"SMITH"},{"floor":32,"key":"REST"},{"floor":42,"key":"RECALL"},{"data":"Concentrate","floor":49,"key":"SMITH"},{"floor":53,"key":"DIG"}],"circlet_count":0,"master_deck":["AscendersBane","Survivor","Neutralize+1","Master of Strategy","Finesse","Accuracy","Venomology+1","Accuracy","Flash of Steel","Blade Dance+1","PiercingWail","Backflip","Well Laid Plans+1","Concentrate+1","Accuracy","Acrobatics+1","Die Die Die","Deadly Poison","Doppelganger","PiercingWail+1","Blade Dance","Backflip+1","Finesse","Infinite Blades+1","Infinite Blades+1","Accuracy+1","Finisher+1","Malaise","Acrobatics+1","Escape Plan+1","Infinite Blades+1","Escape Plan+1","Blade Dance","Backflip+1","Concentrate+1","Dark Shackles","Leg Sweep","Backflip","Flechettes+1"],"relics":["Ring of the Snake","TungstenRod","Chemical X","Thread and Needle","Bronze Scales","Oddly Smooth Stone","Boot","Prayer Wheel","ClockworkSouvenir","Golden Idol","Letter Opener","Mummified Hand","Mercury Hourglass","The Courier","Pandora\u0027s Box","MutagenicStrength","Membership Card","Frozen Egg 2","MealTicket","Sundial","Molten Egg 2","Omamori","Red Mask","Incense Burner","Calling Bell","Bag of Marbles","Ninja Scroll","Peace Pipe","Mango","Shovel","InkBottle","Singing Bowl","Vajra","Orichalcum","Bag of Preparation","Art of War","Toy Ornithopter","Bottled Lightning","Snake Skull","TwistedFunnel","Anchor","Happy Flower","Strawberry","Lantern","Blue Candle"],"acts_visited":["Exordium","TheCity","TheBeyond","TheEnding"],"potions_floor_usage":[1,4,6,6,8,10,12,12,12,16,20,24,24,28,30,31,33,33,36,39,45,46,47,48,48,51,51,55,56],"damage_taken":[{"damage":0,"enemies":"2 Louse","floor":1,"turns":2},{"damage":0,"enemies":"Small Slimes","floor":4,"turns":3},{"damage":6,"enemies":"3 Sentries","floor":6,"turns":6},{"damage":0,"enemies":"Jaw Worm","floor":7,"turns":3},{"damage":12,"enemies":"Gremlin Nob","floor":8,"turns":4},{"damage":0,"enemies":"Blue Slaver","floor":10,"turns":2},{"damage":0,"enemies":"3 Sentries","floor":12,"turns":4},{"damage":1,"enemies":"Large Slime","floor":13,"turns":3},{"damage":8,"enemies":"Gremlin Gang","floor":14,"turns":2},{"damage":0,"enemies":"Hexaghost","floor":16,"turns":5},{"damage":0,"enemies":"3 Byrds","floor":18,"turns":2},{"damage":4,"enemies":"Shell Parasite","floor":20,"turns":3},{"damage":0,"enemies":"Gremlin Leader","floor":24,"turns":2},{"damage":0,"enemies":"Book of Stabbing","floor":28,"turns":2},{"damage":0,"enemies":"3 Cultists","floor":29,"turns":3},{"damage":0,"enemies":"Masked Bandits","floor":30,"turns":2},{"damage":0,"enemies":"Gremlin Leader","floor":31,"turns":3},{"damage":12,"enemies":"Automaton","floor":33,"turns":4},{"damage":0,"enemies":"3 Darklings","floor":35,"turns":2},{"damage":0,"enemies":"2 Orb Walkers","floor":36,"turns":3},{"damage":12,"enemies":"3 Shapes","floor":39,"turns":1},{"damage":0,"enemies":"Reptomancer","floor":40,"turns":2},{"damage":7,"enemies":"Maw","floor":41,"turns":4},{"damage":0,"enemies":"Giant Head","floor":45,"turns":3},{"damage":1,"enemies":"3 Darklings","floor":46,"turns":2},{"damage":12,"enemies":"4 Shapes","floor":47,"turns":2},{"damage":13,"enemies":"Nemesis","floor":48,"turns":3},{"damage":1,"enemies":"Time Eater","floor":50,"turns":5},{"damage":9,"enemies":"Awakened One","floor":51,"turns":4},{"damage":0,"enemies":"Shield and Spear","floor":55,"turns":2},{"damage":59,"enemies":"The Heart","floor":56,"turns":6}],"seed_played":"-3263095561825333267","potions_obtained":[{"floor":4,"key":"Swift Potion"},{"floor":6,"key":"SpeedPotion"},{"floor":13,"key":"AttackPotion"},{"floor":28,"key":"GamblersBrew"},{"floor":29,"key":"CunningPotion"},{"floor":30,"key":"SkillPotion"},{"floor":36,"key":"Fire Potion"},{"floor":41,"key":"AttackPotion"},{"floor":47,"key":"Fire Potion"}],"is_trial":false,"path_per_floor":["M","?","?","M","?","E","M","E","T","M","R","E","M","M","R","B",null,"M","?","M","$","?","R","E","R","T","?","E","M","?","E","R","B",null,"M","?","$","?","M","E","M","R","T","?","E","M","M","E","R","B","B",null,"R","$","E","B",null],"character_chosen":"THE_SILENT","items_purchased":["TungstenRod","Chemical X","Thread and Needle","Master of Strategy","Bronze Scales","Oddly Smooth Stone","Finesse","Accuracy","Venomology","Boot","Accuracy","Flash of Steel","Prayer Wheel","ClockworkSouvenir","Membership Card","Frozen Egg 2","MealTicket","Infinite Blades+1","Shovel","InkBottle","Singing Bowl","Vajra","Orichalcum","Snake Skull","TwistedFunnel","Anchor","Happy Flower","Strawberry","Lantern","Dark Shackles","Leg Sweep","Backflip"],"campfire_rested":1,"item_purchase_floors":[0,0,0,0,0,0,0,0,0,0,0,0,0,0,21,21,21,37,37,37,37,37,37,54,54,54,54,54,54,54,54,54],"current_hp_per_floor":[59,59,49,49,49,43,43,31,31,31,31,31,30,22,22,22,51,51,51,47,47,47,47,47,47,47,19,19,19,19,19,37,25,51,51,65,74,74,66,68,65,65,65,65,65,66,56,43,43,42,43,77,77,95,95,41],"gold":44,"neow_bonus":"","is_daily":false,"chose_seed":false,"campfire_upgraded":5,"win_rate":0.0,"timestamp":1613436883,"path_taken":["M","?","?","M","?","E","M","E","T","M","R","E","M","M","R","BOSS","M","?","M","$","?","R","E","R","T","?","E","?","?","E","R","BOSS","M","?","$","?","M","E","M","R","T","?","E","M","M","E","R","BOSS","BOSS","R","$","E","BOSS"],"items_purchased_type":["Relic","Relic","Relic","Card","Relic","Relic","Card","Card","Card","Relic","Card","Card","Relic","Relic","Relic","Relic","Relic","Card","Relic","Relic","Relic","Relic","Relic","Relic","Relic","Relic","Relic","Relic","Relic","Card","Card","Card"],"build_version":"2020-12-22","purchased_purges":8,"victory":true,"max_hp_per_floor":[66,66,66,66,60,60,60,60,60,60,60,60,60,60,60,60,60,60,60,60,60,60,60,60,60,60,60,60,60,60,60,60,60,60,60,74,74,74,78,80,84,84,84,84,84,86,88,88,88,88,88,88,88,95,95,95],"relic_stats":{"Singing Bowl":14,"Snake Skull":[563],"Bag of Preparation":[4],"Boot":[226],"Shovel":1,"Mummified Hand":[130],"Sundial":[10],"Prayer Wheel":14,"MealTicket":20,"Chemical X":[20],"InkBottle":[43],"Ring of the Snake":[62],"Happy Flower":[120],"counters":[174,777],"Golden Idol":240,"Blue Candle":[0],"Letter Opener":[598],"Orichalcum":[60],"Mercury Hourglass":[361],"Peace Pipe":1,"Bronze Scales":[626],"Pandora\u0027s Box":["Deadly Poison","Catalyst","Doppelganger"],"Art of War":[4],"obtain_stats":[{"TwistedFunnel":0,"Whetstone":53,"Bottled Tornado":47,"Boot":8,"Sling":21,"Blood Vial":48,"Sundial":13,"MealTicket":21,"Fusion Hammer":17,"downfall:ExtraCursedKey":19,"HandDrill":0,"Kunai":12,"Pear":0,"Blue Candle":14,"Eternal Feather":0,"Tingsha":21,"Pen Nib":5,"Guardian:PocketSentry":0,"Paper Crane":28,"Akabeko":19,"MutagenicStrength":19,"Pandora\u0027s Box":17,"Unceasing Top":8,"Ring of the Serpent":34,"Lantern":29,"Regal Pillow":26,"Singing Bowl":0,"Torii":54,"sneckomod:BlankCard":23,"Bag of Preparation":54,"Cursed Key":17,"Smiling Mask":43,"Ancient Tea Set":23,"Shovel":29,"WristBlade":34,"Ninja Scroll":34,"Toolbox":47,"Chemical X":0,"Guardian:BottledAnomaly":0,"InkBottle":37,"Ring of the Snake":2,"Lee\u0027s Waffle":41,"The Specimen":37,"Golden Idol":5,"Thread and Needle":30,"The Courier":0,"PreservedInsect":6,"Omamori":19,"Frozen Egg 2":21,"bronze:BronzeIdol":43,"Ornamental Fan":13,"Art of War":31,"Bottled Lightning":55,"hexamod:BolsterEngine":43,"Toy Ornithopter":48,"Ice Cream":39,"champ:DuelingGlove":29,"Mark of the Bloom":42,"Calipers":0,"Gremlin Horn":53,"Nilry\u0027s Codex":28,"CeramicFish":0,"Vajra":6,"HoveringKite":11,"Centennial Puzzle":41,"HornCleat":0,"DollysMirror":35,"Strawberry":53,"Prayer Wheel":0,"Toxic Egg 2":34,"Happy Flower":0,"Oddly Smooth Stone":8,"Letter Opener":4,"War Paint":7,"Question Card":0,"OrangePellets":48,"Bottled Flame":21,"Bronze Scales":7,"Molten Egg 2":28,"Black Star":17,"Pocketwatch":0,"Darkstone Periapt":26,"bronze:ElectromagneticCoil":34,"bronze:BronzeCore":0,"Mango":47,"Snake Skull":10,"Juzu Bracelet":0,"Incense Burner":0,"PrismaticShard":14,"ClockworkSouvenir":0,"Nunchaku":9,"Tough Bandages":0,"Mummified Hand":31,"downfall:HeartBlessingBlue":0,"Slimebound:StickyStick":0,"Pantograph":40,"Tiny Chest":23,"Red Mask":30,"hexamod:CandleOfCauterizing":46,"Orichalcum":37,"Medical Kit":8,"White Beast Statue":24,"Mercury Hourglass":2,"Peace Pipe":46,"Calling Bell":34,"Strange Spoon":37,"Anchor":0,"CaptainsWheel":47,"Coffee Dripper":34,"Bag of Marbles":0,"Membership Card":8,"TungstenRod":0},{"TwistedFunnel":115,"Whetstone":82,"Bottled Tornado":81,"Boot":4,"Sling":11,"Blood Vial":24,"Sundial":34,"MealTicket":155,"Fusion Hammer":66,"downfall:ExtraCursedKey":67,"HandDrill":55,"Kunai":6,"Pear":26,"Blue Candle":6,"Eternal Feather":26,"Tingsha":94,"Pen Nib":87,"Guardian:PocketSentry":55,"Paper Crane":42,"Akabeko":67,"MutagenicStrength":154,"Pandora\u0027s Box":153,"Unceasing Top":4,"Ring of the Serpent":132,"Lantern":14,"Regal Pillow":42,"Singing Bowl":0,"Torii":83,"sneckomod:BlankCard":42,"Bag of Preparation":141,"Cursed Key":36,"Smiling Mask":49,"Ancient Tea Set":69,"Shovel":44,"WristBlade":102,"Ninja Scroll":161,"Toolbox":24,"Chemical X":26,"Guardian:BottledAnomaly":55,"InkBottle":163,"Ring of the Snake":57,"Lee\u0027s Waffle":48,"The Specimen":75,"Golden Idol":145,"Thread and Needle":44,"The Courier":55,"PreservedInsect":60,"Omamori":67,"Frozen Egg 2":11,"bronze:BronzeIdol":22,"Ornamental Fan":90,"Art of War":45,"Bottled Lightning":114,"hexamod:BolsterEngine":22,"Toy Ornithopter":170,"Ice Cream":106,"champ:DuelingGlove":71,"Mark of the Bloom":135,"Calipers":84,"Gremlin Horn":82,"Nilry\u0027s Codex":13,"CeramicFish":55,"Vajra":30,"HoveringKite":121,"Centennial Puzzle":20,"HornCleat":84,"DollysMirror":17,"Strawberry":53,"Prayer Wheel":0,"Toxic Egg 2":73,"Happy Flower":55,"Oddly Smooth Stone":62,"Letter Opener":28,"War Paint":61,"Question Card":0,"OrangePellets":24,"Bottled Flame":11,"Bronze Scales":3,"Molten Egg 2":70,"Black Star":8,"Pocketwatch":26,"Darkstone Periapt":128,"bronze:ElectromagneticCoil":17,"bronze:BronzeCore":0,"Mango":51,"Snake Skull":32,"Juzu Bracelet":0,"Incense Burner":55,"PrismaticShard":91,"ClockworkSouvenir":84,"Nunchaku":62,"Tough Bandages":115,"Mummified Hand":15,"downfall:HeartBlessingBlue":26,"Slimebound:StickyStick":55,"Pantograph":77,"Tiny Chest":69,"Red Mask":159,"hexamod:CandleOfCauterizing":50,"Orichalcum":163,"Medical Kit":4,"White Beast Statue":128,"Mercury Hourglass":1,"Peace Pipe":24,"Calling Bell":73,"Strange Spoon":104,"Anchor":55,"CaptainsWheel":81,"Coffee Dripper":46,"Bag of Marbles":55,"Membership Card":4,"TungstenRod":115},{"TwistedFunnel":614,"Whetstone":288,"Bottled Tornado":281,"Boot":22,"Sling":37,"Blood Vial":79,"Sundial":110,"MealTicket":722,"Fusion Hammer":236,"downfall:ExtraCursedKey":238,"HandDrill":213,"Kunai":25,"Pear":88,"Blue Candle":25,"Eternal Feather":88,"Tingsha":386,"Pen Nib":308,"Guardian:PocketSentry":213,"Paper Crane":142,"Akabeko":238,"MutagenicStrength":719,"Pandora\u0027s Box":717,"Unceasing Top":20,"Ring of the Serpent":651,"Lantern":46,"Regal Pillow":142,"Singing Bowl":0,"Torii":290,"sneckomod:BlankCard":142,"Bag of Preparation":677,"Cursed Key":118,"Smiling Mask":175,"Ancient Tea Set":243,"Shovel":149,"WristBlade":457,"Ninja Scroll":738,"Toolbox":79,"Chemical X":88,"Guardian:BottledAnomaly":213,"InkBottle":743,"Ring of the Snake":218,"Lee\u0027s Waffle":170,"The Specimen":260,"Golden Idol":688,"Thread and Needle":149,"The Courier":213,"PreservedInsect":221,"Omamori":238,"Frozen Egg 2":37,"bronze:BronzeIdol":73,"Ornamental Fan":329,"Art of War":155,"Bottled Lightning":595,"hexamod:BolsterEngine":73,"Toy Ornithopter":760,"Ice Cream":492,"champ:DuelingGlove":249,"Mark of the Bloom":658,"Calipers":296,"Gremlin Horn":288,"Nilry\u0027s Codex":45,"CeramicFish":213,"Vajra":99,"HoveringKite":624,"Centennial Puzzle":70,"HornCleat":296,"DollysMirror":60,"Strawberry":196,"Prayer Wheel":0,"Toxic Egg 2":255,"Happy Flower":213,"Oddly Smooth Stone":227,"Letter Opener":93,"War Paint":224,"Question Card":0,"OrangePellets":79,"Bottled Flame":37,"Bronze Scales":18,"Molten Egg 2":246,"Black Star":27,"Pocketwatch":88,"Darkstone Periapt":642,"bronze:ElectromagneticCoil":60,"bronze:BronzeCore":0,"Mango":185,"Snake Skull":104,"Juzu Bracelet":0,"Incense Burner":213,"PrismaticShard":346,"ClockworkSouvenir":296,"Nunchaku":227,"Tough Bandages":614,"Mummified Hand":48,"downfall:HeartBlessingBlue":88,"Slimebound:StickyStick":213,"Pantograph":266,"Tiny Chest":243,"Red Mask":731,"hexamod:CandleOfCauterizing":180,"Orichalcum":743,"Medical Kit":20,"White Beast Statue":642,"Mercury Hourglass":3,"Peace Pipe":79,"Calling Bell":255,"Strange Spoon":479,"Anchor":213,"CaptainsWheel":281,"Coffee Dripper":163,"Bag of Marbles":213,"Membership Card":22,"TungstenRod":614}],"TungstenRod":84,"Toy Ornithopter":15},"card_choices":[{"not_picked":["Reflex","Acrobatics"],"picked":"Blade Dance","floor":1},{"not_picked":["Deflect","Sucker Punch"],"picked":"PiercingWail","floor":1},{"not_picked":["Outmaneuver","Flying Knee"],"picked":"Crippling Poison","floor":4},{"not_picked":["Sucker Punch","Storm of Steel","Flying Knee"],"picked":"SKIP","floor":4},{"not_picked":["Dagger Throw","Sucker Punch","Slice"],"picked":"SKIP","floor":6},{"not_picked":["Choke","Dagger Spray"],"picked":"Backflip","floor":7},{"not_picked":["Dagger Spray","Quick Slash"],"picked":"Well Laid Plans","floor":7},{"not_picked":["Expertise","Dagger Throw","Underhanded Strike"],"picked":"SKIP","floor":8},{"not_picked":["Calculated Gamble","Outmaneuver"],"picked":"Concentrate","floor":10},{"not_picked":["Outmaneuver","Storm of Steel","Flying Knee"],"picked":"SKIP","floor":10},{"not_picked":["Calculated Gamble","Skewer"],"picked":"Accuracy","floor":12},{"not_picked":["Well Laid Plans","Flying Knee"],"picked":"Crippling Poison","floor":13},{"not_picked":["Distraction","Bane","Heel Hook"],"picked":"SKIP","floor":13},{"not_picked":["Crippling Poison","Outmaneuver"],"picked":"Acrobatics","floor":14},{"not_picked":["Endless Agony","Eviscerate","Cloak And Dagger"],"picked":"SKIP","floor":14},{"not_picked":["Unload","Night Terror"],"picked":"Die Die Die","floor":16},{"not_picked":["Finisher","Dodge and Roll"],"picked":"PiercingWail+1","floor":18},{"not_picked":["Flying Knee","Deadly Poison+1"],"picked":"Blade Dance","floor":18},{"not_picked":["Flying Knee","Predator","Deflect"],"picked":"SKIP","floor":20},{"not_picked":["Underhanded Strike","Calculated Gamble","Deflect"],"picked":"SKIP","floor":20},{"not_picked":["Deadly Poison+1","Outmaneuver"],"picked":"Backflip+1","floor":24},{"not_picked":["Blur","Quick Slash+1"],"picked":"Infinite Blades+1","floor":28},{"not_picked":["Leg Sweep","Flechettes+1"],"picked":"Infinite Blades+1","floor":29},{"not_picked":["Underhanded Strike+1","Dodge and Roll"],"picked":"Accuracy+1","floor":29},{"not_picked":["Masterful Stab+1","Noxious Fumes+1"],"picked":"Finisher+1","floor":31},{"not_picked":["Glass Knife+1","Bullet Time"],"picked":"Malaise","floor":33},{"not_picked":["Flying Knee+1","Reflex"],"picked":"Acrobatics+1","floor":35},{"not_picked":["Cloak And Dagger","Setup+1"],"picked":"Escape Plan+1","floor":35},{"not_picked":["Deflect","Dodge and Roll","Predator+1"],"picked":"Singing Bowl","floor":39},{"not_picked":["Underhanded Strike+1","Expertise+1","Riddle With Holes+1"],"picked":"Singing Bowl","floor":39},{"not_picked":["Riddle With Holes+1","Poisoned Stab+1","PiercingWail+1"],"picked":"Singing Bowl","floor":40},{"not_picked":["Dodge and Roll","Bane+1","Masterful Stab+1"],"picked":"Singing Bowl","floor":41},{"not_picked":["Infinite Blades+1","PiercingWail","Predator+1"],"picked":"Singing Bowl","floor":41},{"not_picked":["Expertise","Tactician"],"picked":"Escape Plan+1","floor":45},{"not_picked":["A Thousand Cuts+1","Well Laid Plans+1"],"picked":"Blade Dance","floor":46},{"not_picked":["Cloak And Dagger","Sucker Punch+1","Flying Knee+1"],"picked":"Singing Bowl","floor":46},{"not_picked":["Blade Dance","Deflect+1","Slice+1"],"picked":"Singing Bowl","floor":47},{"not_picked":["Cloak And Dagger+1","Dash+1"],"picked":"Backflip+1","floor":47},{"not_picked":["Predator+1","Slice+1"],"picked":"Concentrate+1","floor":48},{"not_picked":["Noxious Fumes+1","Dagger Throw+1"],"picked":"Flechettes+1","floor":55}],"player_experience":328488,"relics_obtained":[{"floor":6,"key":"Letter Opener"},{"floor":8,"key":"Mummified Hand"},{"floor":9,"key":"Mercury Hourglass"},{"floor":12,"key":"The Courier"},{"floor":24,"key":"Sundial"},{"floor":26,"key":"Molten Egg 2"},{"floor":28,"key":"Omamori"},{"floor":30,"key":"Red Mask"},{"floor":31,"key":"Incense Burner"},{"floor":34,"key":"Bag of Marbles"},{"floor":34,"key":"Ninja Scroll"},{"floor":34,"key":"Peace Pipe"},{"floor":36,"key":"Mango"},{"floor":40,"key":"Bag of Preparation"},{"floor":45,"key":"Art of War"},{"floor":48,"key":"Toy Ornithopter"},{"floor":53,"key":"Bottled Lightning"},{"floor":55,"key":"Blue Candle"}],"event_choices":[{"cards_removed":["Strike_G"],"damage_healed":0,"gold_gain":0,"player_choice":"Card Removal","damage_taken":0,"max_hp_gain":0,"max_hp_loss":0,"event_name":"The Cleric","floor":2,"gold_loss":75},{"damage_healed":0,"gold_gain":75,"player_choice":"Gather Gold","damage_taken":11,"max_hp_gain":0,"max_hp_loss":0,"event_name":"World of Goop","floor":3,"gold_loss":0},{"damage_healed":0,"gold_gain":0,"player_choice":"Lose Max HP","damage_taken":0,"relics_obtained":["Golden Idol"],"max_hp_gain":0,"max_hp_loss":6,"event_name":"Golden Idol","floor":5,"gold_loss":0},{"damage_healed":0,"gold_gain":0,"player_choice":"Inject Mutagens","damage_taken":0,"relics_obtained":["MutagenicStrength"],"max_hp_gain":0,"max_hp_loss":0,"event_name":"Drug Dealer","floor":19,"gold_loss":0},{"cards_removed":["Catalyst"],"damage_healed":0,"gold_gain":0,"player_choice":"Elegance","damage_taken":0,"max_hp_gain":0,"max_hp_loss":0,"event_name":"Back to Basics","floor":22,"gold_loss":0},{"damage_healed":0,"gold_gain":270,"player_choice":"GOLD GOLD GOLD CARD ","damage_taken":33,"max_hp_gain":0,"max_hp_loss":0,"event_name":"Knowing Skull","floor":27,"potions_obtained":[],"gold_loss":0,"cards_obtained":["Finesse"]},{"damage_healed":0,"gold_gain":0,"player_choice":"Fought Bandits","damage_taken":0,"max_hp_gain":0,"max_hp_loss":0,"event_name":"Masked Bandits","floor":30,"gold_loss":0},{"damage_healed":0,"gold_gain":0,"player_choice":"Fight","damage_taken":0,"max_hp_gain":0,"max_hp_loss":0,"event_name":"Mysterious Sphere","floor":36,"gold_loss":0},{"damage_healed":0,"gold_gain":222,"player_choice":"Wore Mask","damage_taken":0,"max_hp_gain":0,"max_hp_loss":0,"event_name":"Tomb of Lord Red Mask","floor":38,"gold_loss":0},{"damage_healed":0,"gold_gain":0,"player_choice":"Upgraded","damage_taken":0,"max_hp_gain":0,"max_hp_loss":0,"event_name":"Upgrade Shrine","floor":44,"gold_loss":0,"cards_upgraded":["Acrobatics"]}],"is_beta":false,"boss_relics":[{"not_picked":["Cursed Key","Philosopher\u0027s Stone"],"picked":"Pandora\u0027s Box"},{"not_picked":["SlaversCollar","Snecko Eye"],"picked":"Calling Bell"}],"items_purged_floors":[0,0,0,0,0,0,21,37],"is_endless":false,"potions_floor_spawned":[4,6,7,13,20,28,29,30,35,36,41,47],"ascension_level":20}}