{"host":"vwka2qk9gnqpphov","time":1613518758,"event":{"mods":["BaseMod","Minty Spire (QoL Compilation)"],"gold_per_floor":[109,109,123,123,140,140,65,65,65,82,82,101,134,147,147,275,275,300,300,122,142,17,17,17,17,85,85,99,116,145,159,159,257,257,273,273,373,393,407,407,407,426,480,480,496,496,496,55,55,55,55,55,7,39,39],"floor_reached":56,"language":"ENG","playtime":5393,"items_purged":["Strike_G","Sucker Punch","Leg Sweep","Endless Agony"],"score":1157,"play_id":"9e16cf51-8a39-4342-a17e-60061d4f17af","local_time":"20210216173918","is_ascension_mode":false,"campfire_choices":[{"data":"Backflip","floor":6.0,"key":"SMITH"},{"data":"Poisoned Stab","floor":8.0,"key":"SMITH"},{"floor":15.0,"key":"REST"},{"data":"Skewer","floor":23.0,"key":"SMITH"},{"data":"Footwork","floor":27.0,"key":"SMITH"},{"data":"Bouncing Flask","floor":32.0,"key":"SMITH"},{"floor":40.0,"key":"RECALL"},{"data":"Tactician","floor":44,"key":"SMITH"},{"data":"PiercingWail","floor":47,"key":"SMITH"},{"data":"Prepared","floor":49,"key":"SMITH"},{"data":"Well Laid Plans","floor":52,"key":"SMITH"}],"circlet_count":0,"master_deck":["Survivor","Neutralize+1","Backflip+1","Backflip","Poisoned Stab+1","PiercingWail+1","Skewer+1","Well Laid Plans+1","Blur+1","Prepared+1","Bouncing Flask+1","Dash","Footwork+1","Catalyst+1","Tactician+1","Catalyst+1","Finesse+1"],"relics":["Ring of the Snake","Vajra","Bloody Idol","Odd Mushroom","Pandora\u0027s Box","Ginger","Singing Bowl","Bird Faced Urn","SlaversCollar","War Paint","Ice Cream"],"acts_visited":["Exordium","TheCity","TheBeyond","TheEnding"],"potions_floor_usage":[50,54,55],"damage_taken":[{"damage":0.0,"enemies":"Cultist","floor":1.0,"turns":5.0},{"damage":0.0,"enemies":"2 Louse","floor":3.0,"turns":2.0},{"damage":0.0,"enemies":"Jaw Worm","floor":5.0,"turns":4.0},{"damage":0.0,"enemies":"Exordium Wildlife","floor":10.0,"turns":4.0},{"damage":0.0,"enemies":"Looter","floor":12.0,"turns":3.0},{"damage":1.0,"enemies":"The Mushroom Lair","floor":13.0,"turns":6.0},{"damage":0.0,"enemies":"2 Fungi Beasts","floor":14.0,"turns":3.0},{"damage":21.0,"enemies":"Hexaghost","floor":16.0,"turns":10.0},{"damage":0.0,"enemies":"Shell Parasite","floor":18.0,"turns":5.0},{"damage":7.0,"enemies":"2 Thieves","floor":21.0,"turns":4.0},{"damage":9.0,"enemies":"Shelled Parasite and Fungi","floor":28.0,"turns":8.0},{"damage":0.0,"enemies":"Centurion and Healer","floor":29.0,"turns":7.0},{"damage":15.0,"enemies":"Slavers","floor":30.0,"turns":9.0},{"damage":0.0,"enemies":"Snake Plant","floor":31.0,"turns":4.0},{"damage":20.0,"enemies":"Collector","floor":33.0,"turns":8.0},{"damage":0.0,"enemies":"3 Shapes","floor":35.0,"turns":5.0},{"damage":13.0,"enemies":"3 Darklings","floor":38.0,"turns":13.0},{"damage":0.0,"enemies":"Transient","floor":39.0,"turns":5.0},{"damage":20,"enemies":"Spire Growth","floor":42,"turns":9},{"damage":0,"enemies":"Maw","floor":45,"turns":6},{"damage":2,"enemies":"Donu and Deca","floor":50,"turns":11},{"damage":16,"enemies":"Shield and Spear","floor":54,"turns":7},{"damage":48,"enemies":"The Heart","floor":55,"turns":8}],"seed_played":"-986854161413095613","potions_obtained":[{"floor":10.0,"key":"Weak Potion"},{"floor":13.0,"key":"LiquidBronze"},{"floor":16.0,"key":"Dexterity Potion"},{"floor":21.0,"key":"Strength Potion"},{"floor":28.0,"key":"Dexterity Potion"},{"floor":30.0,"key":"FearPotion"},{"floor":33.0,"key":"CunningPotion"},{"floor":35.0,"key":"EntropicBrew"},{"floor":38.0,"key":"FearPotion"}],"is_trial":false,"path_per_floor":["M","?","M","?","M","R","$","R","T","M","?","M","?","M","R","B",null,"M","?","$","M","$","R","?","T","T","R","M","M","E","M","R","B",null,"M","?","?","M","M","R","?","M","T","R","M","?","R","$","R","B",null,"R","$","E","B",null],"character_chosen":"THE_SILENT","items_purchased":["Footwork","Finesse","Dexterity Potion","War Paint","Dexterity Potion"],"campfire_rested":1,"item_purchase_floors":[20,48,48,48,53],"current_hp_per_floor":[70,70,70,56,56,56,56,56,56,56,56,56,55,55,65,44,65,65,65,65,58,58,58,58,58,63,63,61,68,58,67,67,56,73,75,75,75,73,79,79,79,64,69,69,80,80,80,80,80,81,81,81,81,74,30],"gold":39,"neow_bonus":"UPGRADE_CARD","is_daily":false,"chose_seed":false,"campfire_upgraded":9,"win_rate":0.0,"timestamp":1613518758,"path_taken":["M","?","M","?","M","R","?","R","T","?","?","M","?","M","R","BOSS","M","?","$","M","$","R","?","?","T","R","M","M","E","M","R","BOSS","M","?","?","M","?","R","?","M","T","R","M","?","R","$","R","BOSS","R","$","E","BOSS"],"items_purchased_type":["Card","Card","Potion","Relic","Potion"],"build_version":"2020-12-22","purchased_purges":4,"victory":true,"max_hp_per_floor":[70,70,70,70,70,70,70,70,70,70,65,65,65,65,65,65,65,65,65,65,65,65,65,65,65,65,65,67,69,69,71,71,73,73,75,75,75,77,79,79,79,79,79,79,81,81,81,81,81,81,81,81,81,83,83],"card_choices":[{"not_picked":["Deflect","Flying Knee"],"picked":"Backflip","floor":1.0},{"not_picked":["Bane","Deflect"],"picked":"Backflip","floor":3.0},{"not_picked":["Cloak And Dagger","Backflip"],"picked":"Poisoned Stab","floor":5.0},{"not_picked":["Sucker Punch","Choke","Expertise"],"picked":"SKIP","floor":10.0},{"not_picked":["Slice","Adrenaline"],"picked":"PiercingWail","floor":12.0},{"not_picked":["Dagger Spray","Acrobatics"],"picked":"Skewer","floor":14.0},{"not_picked":["Bane","Dagger Spray","Endless Agony"],"picked":"SKIP","floor":18.0},{"not_picked":["Blur","Underhanded Strike+1","PiercingWail+1"],"picked":"SKIP","floor":21.0},{"not_picked":["Dagger Spray","Dash","Sucker Punch+1"],"picked":"Singing Bowl","floor":28.0},{"not_picked":["Escape Plan+1","PiercingWail+1","Finisher"],"picked":"Singing Bowl","floor":29.0},{"not_picked":["Backflip+1","Bane+1"],"picked":"Catalyst+1","floor":30.0},{"not_picked":["Choke+1","PiercingWail+1","Sucker Punch"],"picked":"Singing Bowl","floor":31.0},{"not_picked":["Unload","Venomology","Burst"],"picked":"Singing Bowl","floor":33.0},{"not_picked":["Calculated Gamble","Acrobatics","Dagger Throw"],"picked":"Singing Bowl","floor":35.0},{"not_picked":["Prepared+1","Poisoned Stab","Endless Agony"],"picked":"Singing Bowl","floor":38.0},{"not_picked":["Underhanded Strike+1","Malaise","Acrobatics"],"picked":"Singing Bowl","floor":39.0},{"not_picked":["Prepared+1","Masterful Stab+1"],"picked":"Tactician","floor":42},{"not_picked":["Flying Knee+1","Cloak And Dagger+1","Well Laid Plans+1"],"picked":"Singing Bowl","floor":45},{"not_picked":["Leg Sweep","Tactician","Backstab+1"],"picked":"Singing Bowl","floor":54}],"player_experience":817989,"relics_obtained":[{"floor":9.0,"key":"Vajra"},{"floor":13.0,"key":"Odd Mushroom"},{"floor":25.0,"key":"Ginger"},{"floor":26.0,"key":"Singing Bowl"},{"floor":30.0,"key":"Bird Faced Urn"},{"floor":54,"key":"Ice Cream"}],"event_choices":[{"damage_healed":0.0,"max_hp_gain":0.0,"max_hp_loss":0.0,"gold_gain":0.0,"event_name":"Liars Game","player_choice":"Ignored","floor":2.0,"gold_loss":0.0,"damage_taken":0.0},{"damage_healed":0.0,"max_hp_gain":0.0,"max_hp_loss":0.0,"gold_gain":0.0,"event_name":"Shining Light","player_choice":"Entered Light","floor":4.0,"gold_loss":0.0,"damage_taken":14.0,"cards_upgraded":["Strike_G","Defend_G"]},{"damage_healed":0.0,"max_hp_gain":0.0,"max_hp_loss":5.0,"gold_gain":0.0,"event_name":"Golden Idol","player_choice":"Lose Max HP","floor":11.0,"gold_loss":0.0,"damage_taken":0.0,"relics_obtained":["Golden Idol"]},{"damage_healed":0.0,"max_hp_gain":0.0,"max_hp_loss":0.0,"gold_gain":0.0,"event_name":"Mushrooms","player_choice":"Fought Mushrooms","floor":13.0,"gold_loss":0.0,"damage_taken":0.0},{"damage_healed":0.0,"max_hp_gain":0.0,"max_hp_loss":0.0,"gold_gain":0.0,"event_name":"Vampires","player_choice":"Ignored","floor":19.0,"gold_loss":0.0,"damage_taken":0.0},{"damage_healed":0.0,"max_hp_gain":0.0,"max_hp_loss":0.0,"gold_gain":0.0,"event_name":"Forgotten Altar","player_choice":"Gave Idol","floor":24.0,"relics_lost":["Golden Idol"],"gold_loss":0.0,"damage_taken":0.0,"relics_obtained":["Bloody Idol"]},{"cards_removed":["Flying Knee"],"damage_healed":0.0,"max_hp_gain":0.0,"max_hp_loss":0.0,"gold_gain":0.0,"event_name":"Falling","player_choice":"Removed Attack","floor":36.0,"gold_loss":0.0,"damage_taken":0.0},{"damage_healed":0.0,"max_hp_gain":0.0,"max_hp_loss":0.0,"gold_gain":100.0,"event_name":"Golden Shrine","player_choice":"Pray","floor":37.0,"gold_loss":0.0,"damage_taken":0.0},{"damage_healed":0,"gold_gain":0,"player_choice":"Ignored","damage_taken":0,"max_hp_gain":0,"max_hp_loss":0,"event_name":"Mysterious Sphere","floor":41,"gold_loss":0},{"damage_healed":0,"gold_gain":0,"player_choice":"Copied","damage_taken":0,"max_hp_gain":0,"max_hp_loss":0,"event_name":"Duplicator","floor":46,"gold_loss":0,"cards_obtained":["Catalyst"]}],"is_beta":false,"boss_relics":[{"not_picked":["SacredBark","WristBlade"],"picked":"Pandora\u0027s Box"},{"not_picked":["Astrolabe","Cursed Key"],"picked":"SlaversCollar"}],"items_purged_floors":[7,20,22,48],"is_endless":false,"potions_floor_spawned":[10,13,16,21,28,30,33,35,38],"ascension_level":0}}