{"host":"fxrgx7wt2cpkbhka","time":1613473008,"event":{"mods":["AchievementEnabler","BaseMod","Colored Powertips","Dark Map","Minty Spire (QoL Compilation)","Permanent Neow","Quick Restart","Slay-I","StSLib","Waifu the Spire"],"gold_per_floor":[115,129,304,321,334,334,361,361,385,385,385,402,176,195,195,296,296,308,308,279,254,270,270,270,282,329,329,329],"floor_reached":27,"language":"ENG","playtime":1063,"items_purged":[],"score":333,"play_id":"a6ffd14d-eebd-4569-9164-9871fe676992","local_time":"20210216025648","is_ascension_mode":true,"campfire_choices":[{"data":"Dodge and Roll","floor":6,"key":"SMITH"},{"data":"Neutralize","floor":8,"key":"SMITH"},{"data":"Survivor","floor":10,"key":"SMITH"},{"floor":15,"key":"REST"},{"floor":23,"key":"REST"}],"circlet_count":0,"master_deck":["AscendersBane","Strike_G","Strike_G","Strike_G","Strike_G","Strike_G","Defend_G","Defend_G","Defend_G","Defend_G","Defend_G","Survivor+1","Neutralize+1","Dodge and Roll+1","Masterful Stab","Masterful Stab+1","Noxious Fumes","Backflip","Adrenaline","Footwork","Dodge and Roll"],"relics":["Ring of the Snake","Omamori","Potion Belt","Bag of Marbles","Pen Nib","SlaversCollar","Strawberry"],"acts_visited":["Exordium","TheCity"],"potions_floor_usage":[7,25,25],"damage_taken":[{"damage":0,"enemies":"Cultist","floor":1,"turns":5},{"damage":2,"enemies":"2 Louse","floor":2,"turns":5},{"damage":3,"enemies":"Jaw Worm","floor":4,"turns":4},{"damage":0,"enemies":"2 Fungi Beasts","floor":5,"turns":4},{"damage":26,"enemies":"3 Sentries","floor":7,"turns":15},{"damage":0,"enemies":"Looter","floor":12,"turns":3},{"damage":1,"enemies":"3 Louse","floor":14,"turns":2},{"damage":9,"enemies":"The Guardian","floor":16,"turns":15},{"damage":13,"enemies":"Shell Parasite","floor":18,"turns":7},{"damage":20,"enemies":"2 Thieves","floor":20,"turns":5},{"damage":25,"enemies":"Chosen and Byrds","floor":22,"turns":9},{"damage":4,"enemies":"Centurion and Healer","floor":25,"turns":8},{"damage":44,"enemies":"Masked Bandits","floor":27,"turns":3}],"seed_played":"612179329786609980","potions_obtained":[{"floor":1,"key":"DistilledChaos"},{"floor":5,"key":"SkillPotion"},{"floor":12,"key":"Strength Potion"},{"floor":22,"key":"Regen Potion"}],"is_trial":false,"path_per_floor":["M","M","?","M","M","R","E","R","T","R","?","M","$","M","R","B",null,"M","?","M","$","M","R","?","M","T","?"],"character_chosen":"THE_SILENT","items_purchased":["Noxious Fumes","Pen Nib","Dodge and Roll"],"campfire_rested":2,"item_purchase_floors":[13,13,21],"current_hp_per_floor":[63,61,61,58,58,58,32,32,32,32,32,32,32,31,52,43,63,50,50,30,30,5,26,26,37,44,0,0],"gold":329,"neow_bonus":"RANDOM_COMMON_RELIC","is_daily":false,"chose_seed":false,"campfire_upgraded":3,"win_rate":0.0,"timestamp":1613473008,"path_taken":["M","M","?","M","M","R","E","R","T","R","?","?","$","M","R","BOSS","M","?","M","$","M","R","?","M","T","?"],"items_purchased_type":["Card","Relic","Card"],"build_version":"2020-12-22","purchased_purges":0,"victory":false,"max_hp_per_floor":[70,70,70,70,70,70,70,70,70,70,70,70,70,70,70,70,70,70,70,70,70,70,70,70,70,77,77,77],"card_choices":[{"not_picked":["Well Laid Plans","Acrobatics"],"picked":"Dodge and Roll","floor":1},{"not_picked":["Backflip","Bane"],"picked":"Masterful Stab","floor":2},{"not_picked":["Dodge and Roll","Accuracy"],"picked":"Masterful Stab","floor":4},{"not_picked":["Dagger Spray","PiercingWail","Expertise"],"picked":"SKIP","floor":5},{"not_picked":["Tools of the Trade","Concentrate","Blade Dance"],"picked":"SKIP","floor":7},{"not_picked":["Dagger Throw","Deflect","Heel Hook"],"picked":"SKIP","floor":12},{"not_picked":["Concentrate","Eviscerate"],"picked":"Backflip","floor":14},{"not_picked":["Burst","Unload"],"picked":"Adrenaline","floor":16},{"not_picked":["Outmaneuver","Cloak And Dagger"],"picked":"Footwork","floor":18},{"not_picked":["Acrobatics+1","Bane","Dagger Spray+1"],"picked":"SKIP","floor":20},{"not_picked":["Dagger Throw","Underhanded Strike","Expertise"],"picked":"SKIP","floor":22},{"not_picked":["Deadly Poison","Dagger Spray","Expertise+1"],"picked":"SKIP","floor":25}],"player_experience":784777,"relics_obtained":[{"floor":7,"key":"Potion Belt"},{"floor":9,"key":"Bag of Marbles"},{"floor":26,"key":"Strawberry"}],"event_choices":[{"damage_healed":0,"gold_gain":175,"player_choice":"AGREE","damage_taken":0,"max_hp_gain":0,"max_hp_loss":0,"event_name":"Liars Game","floor":3,"gold_loss":0,"cards_obtained":["Doubt"]},{"damage_healed":0,"gold_gain":0,"player_choice":"Upgraded","damage_taken":0,"max_hp_gain":0,"max_hp_loss":0,"event_name":"Upgrade Shrine","floor":11,"gold_loss":0,"cards_upgraded":["Masterful Stab"]},{"damage_healed":0,"gold_gain":0,"player_choice":"Ignored","damage_taken":0,"max_hp_gain":0,"max_hp_loss":0,"event_name":"Ghosts","floor":19,"gold_loss":0},{"damage_healed":0,"gold_gain":0,"player_choice":"Smashed Altar","damage_taken":0,"max_hp_gain":0,"max_hp_loss":0,"event_name":"Forgotten Altar","floor":24,"gold_loss":0,"cards_obtained":["Decay"]},{"damage_healed":0,"gold_gain":0,"player_choice":"Fought Bandits","damage_taken":0,"max_hp_gain":0,"max_hp_loss":0,"event_name":"Masked Bandits","floor":27,"gold_loss":0}],"is_beta":false,"boss_relics":[{"not_picked":["Snecko Eye","Empty Cage"],"picked":"SlaversCollar"}],"items_purged_floors":[],"is_endless":false,"potions_floor_spawned":[1,5,12,22],"killed_by":"Masked Bandits","ascension_level":11}}