{"host":"2e3z4r48quhw80cc","time":1613473453,"event":{"mods":["BaseMod","Minty Spire (QoL Compilation)","Quick Restart","StSLib","SuperFastMode"],"gold_per_floor":[360,310,373,150,150,150,183,195,195,210,225,175,175,211,211,336,336,357,357,16,35,50,50,74,74,99,137,151,151,170,204,204,204,204],"floor_reached":33,"language":"KOR","playtime":861,"items_purged":["Strike_R","Strike_R","Defend_R"],"score":416,"play_id":"7909f61f-7e18-48b5-8969-bbe9240f1816","local_time":"20210216200413","is_ascension_mode":true,"campfire_choices":[{"data":"Uppercut","floor":6.0,"key":"SMITH"},{"data":"Strike_R","floor":15.0,"key":"SMITH"},{"floor":23.0,"key":"REST"},{"data":"Feel No Pain","floor":25.0,"key":"SMITH"},{"floor":29.0,"key":"REST"},{"floor":32.0,"key":"REST"}],"circlet_count":0,"master_deck":["Strike_R+1","Strike_R","Defend_R+1","Defend_R","Defend_R","Bash","Uppercut+1","Sword Boomerang+1","Headbutt+1","Iron Wave+1","Double Tap+1","CurseOfTheBell","Twin Strike+1","Feel No Pain+1","Immolate+1","Dropkick+1","Rampage+1","Offering"],"relics":["Burning Blood","Medical Kit","Molten Egg 2","Smiling Mask","Golden Idol","Tiny Chest","Calling Bell","Happy Flower","Question Card","Bird Faced Urn","War Paint","Centennial Puzzle","CaptainsWheel","Pantograph"],"acts_visited":["Exordium","TheCity"],"potions_floor_usage":[],"damage_taken":[{"damage":3.0,"enemies":"Jaw Worm","floor":1.0,"turns":5.0},{"damage":36.0,"enemies":"Lagavulin","floor":7.0,"turns":6.0},{"damage":0.0,"enemies":"Small Slimes","floor":8.0,"turns":3.0},{"damage":0.0,"enemies":"Cultist","floor":10.0,"turns":3.0},{"damage":2.0,"enemies":"Looter","floor":11.0,"turns":4.0},{"damage":18.0,"enemies":"3 Sentries","floor":14.0,"turns":6.0},{"damage":29.0,"enemies":"Hexaghost","floor":16.0,"turns":10.0},{"damage":11.0,"enemies":"Spheric Guardian","floor":18.0,"turns":3.0},{"damage":18.0,"enemies":"3 Byrds","floor":21.0,"turns":3.0},{"damage":34.0,"enemies":"Snake Plant","floor":22.0,"turns":5.0},{"damage":18.0,"enemies":"Snecko","floor":24.0,"turns":3.0},{"damage":0.0,"enemies":"Slavers","floor":27.0,"turns":1.0},{"damage":12.0,"enemies":"3 Cultists","floor":28.0,"turns":4.0},{"damage":18.0,"enemies":"Shelled Parasite and Fungi","floor":30.0,"turns":4.0},{"damage":32.0,"enemies":"Gremlin Leader","floor":31.0,"turns":5.0},{"damage":37,"enemies":"Automaton","floor":33,"turns":6}],"seed_played":"-5004717532635305596","potions_obtained":[{"floor":1.0,"key":"LiquidBronze"},{"floor":14.0,"key":"Dexterity Potion"},{"floor":18.0,"key":"SkillPotion"},{"floor":19.0,"key":"FearPotion"},{"floor":19.0,"key":"SteroidPotion"}],"is_trial":false,"path_per_floor":["M","?","?","$","?","R","E","M","T","M","M","$","?","E","R","B",null,"M","?","$","M","M","R","M","R","T","E","M","R","M","E","R","B"],"character_chosen":"IRONCLAD","items_purchased":["Medical Kit","War Paint","Feel No Pain","Immolate+1"],"campfire_rested":3,"item_purchase_floors":[4,20,20,20],"current_hp_per_floor":[72,72,72,72,77,77,47,53,53,59,63,63,44,32,32,9,60,55,55,55,43,17,40,30,30,30,36,30,53,43,19,42,32,32],"gold":204,"neow_bonus":"TWO_FIFTY_GOLD","is_daily":false,"chose_seed":false,"campfire_upgraded":3,"win_rate":0.0,"timestamp":1613473453,"path_taken":["M","?","?","$","?","R","E","?","T","M","M","?","?","E","R","BOSS","M","?","$","M","M","R","?","R","T","E","M","R","M","E","R","BOSS"],"items_purchased_type":["Relic","Relic","Card","Card"],"build_version":"2020-12-22","purchased_purges":3,"victory":false,"max_hp_per_floor":[72,72,72,72,77,77,77,77,77,77,77,77,77,77,77,77,77,77,77,77,77,77,77,77,77,77,77,77,77,77,77,77,77,77],"card_choices":[{"not_picked":["Clash","Wild Strike"],"picked":"Uppercut","floor":1.0},{"not_picked":["Searing Blow+1","Headbutt+1"],"picked":"Sword Boomerang+1","floor":7.0},{"not_picked":["Havoc","Infernal Blade","Perfected Strike+1"],"picked":"SKIP","floor":8.0},{"not_picked":["Clash+1","Carnage+1"],"picked":"Headbutt+1","floor":10.0},{"not_picked":["Rupture","Whirlwind+1"],"picked":"Iron Wave+1","floor":11.0},{"not_picked":["Reckless Charge+1","Whirlwind+1","Intimidate"],"picked":"SKIP","floor":14.0},{"not_picked":["Fiend Fire+1","Barricade"],"picked":"Double Tap","floor":16.0},{"not_picked":["Spot Weakness","Second Wind+1","Thunderclap+1"],"picked":"Twin Strike+1","floor":18.0},{"not_picked":["Anger+1","Iron Wave+1","Wild Strike+1","Hemokinesis+1"],"picked":"SKIP","floor":21.0},{"not_picked":["Body Slam+1","Pommel Strike+1","Perfected Strike+1"],"picked":"Dropkick+1","floor":22.0},{"not_picked":["Wild Strike+1","Burning Pact","Sword Boomerang+1","Sentinel"],"picked":"SKIP","floor":24.0},{"not_picked":["Carnage+1","Sever Soul+1","Dark Embrace"],"picked":"Rampage+1","floor":27.0},{"not_picked":["Reckless Charge+1","Intimidate","Twin Strike+1","Pommel Strike+1"],"picked":"SKIP","floor":28.0},{"not_picked":["Fire Breathing","Sever Soul+1","Double Tap","Twin Strike+1"],"picked":"SKIP","floor":30.0},{"not_picked":["Perfected Strike+1","Battle Trance","Dual Wield"],"picked":"Offering","floor":31.0}],"player_experience":194889,"relics_obtained":[{"floor":7.0,"key":"Molten Egg 2"},{"floor":9.0,"key":"Smiling Mask"},{"floor":14.0,"key":"Tiny Chest"},{"floor":17.0,"key":"Happy Flower"},{"floor":17.0,"key":"Question Card"},{"floor":17.0,"key":"Bird Faced Urn"},{"floor":26.0,"key":"Centennial Puzzle"},{"floor":27.0,"key":"CaptainsWheel"},{"floor":31.0,"key":"Pantograph"}],"event_choices":[{"cards_removed":["Strike_R"],"damage_healed":0.0,"max_hp_gain":0.0,"max_hp_loss":0.0,"gold_gain":0.0,"event_name":"The Cleric","player_choice":"Card Removal","floor":2.0,"gold_loss":50.0,"damage_taken":0.0},{"damage_healed":0.0,"max_hp_gain":0.0,"max_hp_loss":0.0,"gold_gain":63.0,"event_name":"Golden Wing","player_choice":"Gained Gold","floor":3.0,"gold_loss":0.0,"damage_taken":0.0},{"damage_healed":0.0,"max_hp_gain":5.0,"max_hp_loss":0.0,"gold_gain":0.0,"event_name":"Big Fish","player_choice":"Donut","floor":5.0,"gold_loss":0.0,"damage_taken":0.0},{"damage_healed":0.0,"max_hp_gain":0.0,"max_hp_loss":0.0,"gold_gain":0.0,"event_name":"Golden Idol","player_choice":"Take Damage","floor":13.0,"gold_loss":0.0,"damage_taken":19.0,"relics_obtained":["Golden Idol"]},{"damage_healed":0.0,"max_hp_gain":0.0,"max_hp_loss":0.0,"gold_gain":0.0,"event_name":"Lab","player_choice":"Got Potions","floor":19.0,"gold_loss":0.0,"damage_taken":0.0}],"is_beta":false,"boss_relics":[{"not_picked":["Runic Dome","Cursed Key"],"picked":"Calling Bell"}],"items_purged_floors":[4,12,20],"is_endless":false,"potions_floor_spawned":[1,14,18,21,24],"killed_by":"Automaton","ascension_level":6}}