{"host":"w8nqcs0ctzdu49un","time":1613458537,"event":{"mods":["Act Like it!","BaseMod","Better Altar","Better Skull","Better Third Choice","BetterRewards","Infinite Spire","Minty Spire (QoL Compilation)","Pale of the Ancients","Shade Mod","Shop Mod","Spicy Shops","StSLib","The Bladedancer","The Bug Knight","The Construct","The Cursed","The Disciple","The Hierophant","The Jungle","The Mystic","The Necromancer","The Poker Player","The Runesmith","Thieving Mod","thorton"],"gold_per_floor":[114,41,58,35,35,35,55,85,85,113,125,137,149,161,173,283,295,325,73,90,90,90,121,121,121,166,166,166,200,300,300,300,399,399,417,436,436,396,397,397,415,415,466,466,485,485,502,522,522,522,522,522],"floor_reached":50,"language":"ENG","playtime":4021,"items_purged":["Regret"],"score":532,"play_id":"2ceb990a-e491-4cce-9ed7-c9f06c4b8316","local_time":"20210216005537","is_ascension_mode":false,"metric_token":1682,"campfire_choices":[{"data":"PokerPlayerMod:TrumpStrike","floor":6,"key":"SMITH"},{"floor":11,"key":"REST"},{"floor":13,"key":"REST"},{"data":"PokerPlayerMod:HeartStrike","floor":15,"key":"SMITH"},{"data":"PokerPlayerMod:GamblerForm","floor":24,"key":"SMITH"},{"data":"PokerPlayerMod:ThinkingTime","floor":28,"key":"SMITH"},{"floor":32,"key":"DIG"},{"floor":40,"key":"DIG"},{"floor":44,"key":"REST"},{"floor":49,"key":"REST"}],"circlet_count":0,"master_deck":["PokerPlayerMod:Diamond1","PokerPlayerMod:Diamond2","PokerPlayerMod:Diamond3","PokerPlayerMod:Diamond4","PokerPlayerMod:Diamond5","PokerPlayerMod:Spade1","PokerPlayerMod:Spade2","PokerPlayerMod:Spade3","PokerPlayerMod:Spade4","PokerPlayerMod:Club1","PokerPlayerMod:Club2","PokerPlayerMod:Heart2","PokerPlayerMod:TrumpStrike+1","PokerPlayerMod:BadJoker","PokerPlayerMod:Mulligan","PokerPlayerMod:Diamond3","PokerPlayerMod:Club9","PokerPlayerMod:Spade3","PokerPlayerMod:DartThrow","PokerPlayerMod:HeartStrike+1","PokerPlayerMod:MagicTrick","PokerPlayerMod:Club2","PokerPlayerMod:Club3","PokerPlayerMod:Club4","PokerPlayerMod:Club5","PokerPlayerMod:Club6","PokerPlayerMod:GamblerForm+1","PokerPlayerMod:RiskyBet","PokerPlayerMod:Diamond9","PokerPlayerMod:Raise","PokerPlayerMod:Sharpen+1","PokerPlayerMod:Mulligan","PokerPlayerMod:ThinkingTime+1","PokerPlayerMod:MagicTrick","PokerPlayerMod:Club6","PokerPlayerMod:Diamond3","infinitespire:NeuralNetwork","PokerPlayerMod:Club9","PokerPlayerMod:Configure+1","PokerPlayerMod:GamblerForm+1","PokerPlayerMod:CardPrinter+1","PokerPlayerMod:HeartStrike+1","PokerPlayerMod:VarietyAttack+1"],"relics":["PokerPlayerMod:DeckCase","FossilizedHelix","Blood Vial","HornCleat","Molten Egg 2","Happy Flower","construct:WeddingRing","HollowMod:LifeEnderRelic","Anchor","betterThird:NestCultRelic","Potion Belt","Peace Pipe","Bottled Tornado","Shovel","Orichalcum","MerchantsRug","Lantern","Strawberry"],"acts_visited":["Exordium","TheCity","TheBeyond"],"potions_floor_usage":[16,16,16,23,30,30,41,41,41,41,41,45,47,48,48],"damage_taken":[{"damage":0,"enemies":"Small Slimes","floor":1,"turns":2},{"damage":0,"enemies":"2 Louse","floor":3,"turns":1},{"damage":0,"enemies":"infinitespire:Voidling","floor":7,"turns":2},{"damage":12,"enemies":"Lagavulin","floor":8,"turns":4},{"damage":25,"enemies":"HollowMod:MossKnight","floor":10,"turns":6},{"damage":17,"enemies":"Slime Boss","floor":16,"turns":6},{"damage":4,"enemies":"3 Byrds","floor":18,"turns":3},{"damage":0,"enemies":"2 Thieves","floor":20,"turns":2},{"damage":6,"enemies":"HollowMod:Nosk","floor":23,"turns":7},{"damage":15,"enemies":"Nightmare","floor":29,"turns":7},{"damage":0,"enemies":"Colosseum Slavers","floor":30,"turns":3},{"damage":9,"enemies":"Colosseum Nobs","floor":30,"turns":4},{"damage":50,"enemies":"Collector","floor":33,"turns":8},{"damage":0,"enemies":"Orb Walker","floor":35,"turns":3},{"damage":9,"enemies":"3 Shapes","floor":36,"turns":3},{"damage":15,"enemies":"Transient","floor":41,"turns":5},{"damage":7,"enemies":"4 Shapes","floor":45,"turns":4},{"damage":10,"enemies":"Sphere and 2 Shapes","floor":47,"turns":5},{"damage":44,"enemies":"Transient","floor":48,"turns":5},{"damage":43,"enemies":"Donu and Deca","floor":50,"turns":5}],"seed_played":"-4716024236618022117","potions_obtained":[{"floor":1,"key":"Dexterity Potion"},{"floor":3,"key":"Explosive Potion"},{"floor":7,"key":"ColorlessPotion"},{"floor":16,"key":"Dexterity Potion"},{"floor":18,"key":"LiquidMemories"},{"floor":20,"key":"FearPotion"},{"floor":35,"key":"BlessingOfTheForge"},{"floor":38,"key":"LiquidBronze"},{"floor":38,"key":"EntropicBrew"},{"floor":38,"key":"SteroidPotion"},{"floor":45,"key":"Explosive Potion"},{"floor":48,"key":"Ancient Potion"}],"is_trial":false,"path_per_floor":["M","$","M","$","?","R","M","E","T","E","R","?","R","?","R","B",null,"M","$","M","?","?","E","R","?","T","?","R","NM","?","AVR","R","B",null,"M","M","?","?","$","R","M","?","T","R","M","AVR","M","M","R","B"],"character_chosen":"THE_POKER_PLAYER","items_purchased":["PokerPlayerMod:Club9","PokerPlayerMod:DartThrow","PokerPlayerMod:Diamond9","PokerPlayerMod:Raise","MerchantsRug","DuplicationPotion"],"campfire_rested":4,"item_purchase_floors":[2,4,19,19,39,39],"current_hp_per_floor":[47,47,47,47,47,47,47,35,35,22,36,24,38,38,38,23,47,43,43,45,45,45,41,41,41,41,41,41,32,35,35,35,3,47,47,43,43,43,43,43,30,30,37,52,47,47,42,13,28,0,0,0],"gold":522,"neow_bonus":"ONE_RARE_RELIC","is_daily":false,"chose_seed":false,"campfire_upgraded":4,"win_rate":0.0,"timestamp":1613458537,"path_taken":["M","$","M","$","?","R","M","E","T","E","R","?","R","?","R","BOSS","M","$","M","?","?","E","R","?","T","?","R","NM","?","AVR","R","BOSS","M","M","?","?","$","R","?","?","T","R","M","AVR","M","M","R","BOSS"],"items_purchased_type":["Card","Card","Card","Card","Relic","Potion"],"build_version":"2020-12-22","purchased_purges":1,"victory":false,"max_hp_per_floor":[47,47,47,47,47,47,47,47,47,47,47,47,47,47,47,47,47,47,47,47,47,47,47,47,47,47,47,47,47,47,47,47,47,47,47,47,45,45,45,45,45,45,52,52,52,52,52,52,52,52,52,52],"card_choices":[{"not_picked":["PokerPlayerMod:FillThePot","PokerPlayerMod:Overdeal"],"picked":"PokerPlayerMod:Diamond3","floor":1},{"not_picked":["PokerPlayerMod:ClubsClub","PokerPlayerMod:Club1"],"picked":"PokerPlayerMod:Spade3","floor":3},{"not_picked":["PokerPlayerMod:Overdeal","PokerPlayerMod:Diamond4"],"picked":"PokerPlayerMod:HeartStrike","floor":7},{"not_picked":["PokerPlayerMod:ClubShade","PokerPlayerMod:Configure","PokerPlayerMod:Overdeal"],"picked":"SKIP","floor":8},{"not_picked":["PokerPlayerMod:HiddenCard","PokerPlayerMod:CloakAndDiamond"],"picked":"PokerPlayerMod:MagicTrick","floor":10},{"not_picked":["PokerPlayerMod:Duplicate","PokerPlayerMod:Diamond7"],"picked":"PokerPlayerMod:GamblerForm","floor":16},{"not_picked":["PokerPlayerMod:SpadeStrike+1","PokerPlayerMod:DiamondStrike+1"],"picked":"PokerPlayerMod:RiskyBet","floor":18},{"not_picked":["PokerPlayerMod:Diamond2","PokerPlayerMod:Trickery+1"],"picked":"PokerPlayerMod:Sharpen+1","floor":20},{"not_picked":["PokerPlayerMod:Spade2","PokerPlayerMod:DartThrow+1"],"picked":"PokerPlayerMod:MagicTrick","floor":23},{"not_picked":["PokerPlayerMod:Extraction","PokerPlayerMod:ClubShade"],"picked":"PokerPlayerMod:Club6","floor":29},{"not_picked":["PokerPlayerMod:Diamond2","PokerPlayerMod:Club2"],"picked":"PokerPlayerMod:Diamond3","floor":30},{"not_picked":["PokerPlayerMod:Spade9","PokerPlayerMod:Diamond9"],"picked":"PokerPlayerMod:Club9","floor":33},{"not_picked":["PokerPlayerMod:Raise","PokerPlayerMod:Spade2","PokerPlayerMod:Spade1"],"picked":"SKIP","floor":35},{"not_picked":["PokerPlayerMod:Spade2","PokerPlayerMod:Trickery+1","PokerPlayerMod:Heart4"],"picked":"SKIP","floor":36},{"not_picked":["PokerPlayerMod:Diamond3","PokerPlayerMod:Overdeal+1"],"picked":"PokerPlayerMod:Configure+1","floor":41},{"not_picked":["PokerPlayerMod:Club3","PokerPlayerMod:Diamond2"],"picked":"PokerPlayerMod:CardPrinter+1","floor":45},{"not_picked":["PokerPlayerMod:Club5","PokerPlayerMod:SpadeStrike+1"],"picked":"PokerPlayerMod:HeartStrike+1","floor":47},{"not_picked":["PokerPlayerMod:DartThrow+1","PokerPlayerMod:MagicTrick+1"],"picked":"PokerPlayerMod:VarietyAttack+1","floor":48}],"player_experience":1352866,"relics_obtained":[{"floor":8,"key":"HornCleat"},{"floor":9,"key":"Molten Egg 2"},{"floor":10,"key":"MawBank"},{"floor":23,"key":"HollowMod:LifeEnderRelic"},{"floor":26,"key":"Anchor"},{"floor":29,"key":"Potion Belt"},{"floor":30,"key":"Peace Pipe"},{"floor":30,"key":"Bottled Tornado"},{"floor":32,"key":"Orichalcum"},{"floor":40,"key":"Lantern"},{"floor":43,"key":"Strawberry"}],"event_choices":[{"damage_healed":0,"gold_gain":0,"player_choice":"Box","damage_taken":0,"relics_obtained":["Blood Vial"],"max_hp_gain":0,"max_hp_loss":0,"event_name":"Big Fish","floor":5,"gold_loss":0,"cards_obtained":["Regret"]},{"damage_healed":0,"gold_gain":0,"player_choice":"Relic ","damage_taken":12,"max_hp_gain":0,"max_hp_loss":0,"event_name":"betterThird:BetterScrap","floor":12,"gold_loss":0,"cards_obtained":["Blood for Blood"]},{"damage_healed":0,"gold_gain":0,"player_choice":"Jackpot","damage_taken":0,"max_hp_gain":0,"max_hp_loss":0,"event_name":"PokerPlayerMod:ExordiumClub","floor":14,"gold_loss":0,"cards_obtained":["PokerPlayerMod:Club2","PokerPlayerMod:Club3","PokerPlayerMod:Club4","PokerPlayerMod:Club5","PokerPlayerMod:Club6"]},{"damage_healed":0,"gold_gain":0,"player_choice":"Jackpot","damage_taken":0,"max_hp_gain":0,"max_hp_loss":0,"event_name":"PokerPlayerMod:ExordiumClub","floor":14,"gold_loss":0,"cards_obtained":["PokerPlayerMod:Club2","PokerPlayerMod:Club3","PokerPlayerMod:Club4","PokerPlayerMod:Club5","PokerPlayerMod:Club6"]},{"damage_healed":0,"gold_gain":0,"player_choice":"Jackpot","damage_taken":0,"max_hp_gain":0,"max_hp_loss":0,"event_name":"PokerPlayerMod:ExordiumClub","floor":14,"gold_loss":0,"cards_obtained":["PokerPlayerMod:Club2","PokerPlayerMod:Club3","PokerPlayerMod:Club4","PokerPlayerMod:Club5","PokerPlayerMod:Club6"]},{"damage_healed":0,"gold_gain":0,"player_choice":"Jackpot","damage_taken":0,"max_hp_gain":0,"max_hp_loss":0,"event_name":"PokerPlayerMod:ExordiumClub","floor":14,"gold_loss":0,"cards_obtained":["PokerPlayerMod:Club2","PokerPlayerMod:Club3","PokerPlayerMod:Club4","PokerPlayerMod:Club5","PokerPlayerMod:Club6"]},{"damage_healed":0,"gold_gain":0,"player_choice":"Jackpot","damage_taken":0,"max_hp_gain":0,"max_hp_loss":0,"event_name":"PokerPlayerMod:ExordiumClub","floor":14,"gold_loss":0,"cards_obtained":["PokerPlayerMod:Club2","PokerPlayerMod:Club3","PokerPlayerMod:Club4","PokerPlayerMod:Club5","PokerPlayerMod:Club6"]},{"damage_healed":0,"gold_gain":0,"player_choice":"Copied","damage_taken":0,"max_hp_gain":0,"max_hp_loss":0,"event_name":"PokerPlayerMod:BackToBasicsPoker","floor":21,"gold_loss":0,"cards_obtained":["PokerPlayerMod:Mulligan"]},{"damage_healed":0,"gold_gain":0,"player_choice":"Think Hard","damage_taken":0,"max_hp_gain":0,"max_hp_loss":0,"event_name":"PokerPlayerMod:Vampires","floor":22,"gold_loss":0,"cards_obtained":["PokerPlayerMod:ThinkingTime"]},{"damage_healed":0,"gold_gain":0,"player_choice":"Opened","damage_taken":0,"relics_obtained":["infinitespire:Eraser"],"max_hp_gain":0,"max_hp_loss":0,"event_name":"The Mausoleum","floor":25,"gold_loss":0},{"damage_healed":0,"gold_gain":0,"player_choice":"Madness","damage_taken":0,"relics_obtained":["betterThird:NestCultRelic"],"max_hp_gain":0,"max_hp_loss":0,"event_name":"betterThird:BetterNest","floor":27,"gold_loss":0},{"damage_healed":0,"gold_gain":0,"player_choice":"Fight","damage_taken":0,"max_hp_gain":0,"max_hp_loss":0,"event_name":"Colosseum","floor":30,"gold_loss":0},{"damage_healed":0,"gold_gain":0,"player_choice":"Fought Nobs","damage_taken":0,"max_hp_gain":0,"max_hp_loss":0,"event_name":"Colosseum","floor":30,"gold_loss":0},{"damage_healed":0,"gold_gain":0,"player_choice":"Max HP","damage_taken":0,"max_hp_gain":0,"max_hp_loss":2,"event_name":"Winding Halls","floor":37,"gold_loss":0},{"damage_healed":0,"gold_gain":0,"player_choice":"Bought 3 Potions","damage_taken":0,"max_hp_gain":0,"max_hp_loss":0,"event_name":"The Woman in Blue","floor":38,"gold_loss":0},{"damage_healed":0,"gold_gain":0,"player_choice":"Copied","damage_taken":0,"max_hp_gain":0,"max_hp_loss":0,"event_name":"Duplicator","floor":42,"gold_loss":0,"cards_obtained":["PokerPlayerMod:GamblerForm"]}],"is_beta":false,"boss_relics":[{"not_picked":["PokerPlayerMod:AceCard","SacredBark"],"picked":"construct:WeddingRing"},{"not_picked":["Runesmith:UraniumAnvil","Cursed Key"],"picked":"thethorton:CrushedCigarette"}],"items_purged_floors":[19],"is_endless":true,"potions_floor_spawned":[1,3,7,16,18,20,35,45,48],"killed_by":"Donu and Deca","ascension_level":0}}