{"host":"4qp30tywltrhkmjj","time":1613510043,"event":{"mods":["2.2 Compatiblity","AchievementEnabler","Act Like it!","Ascension Unlocker","Aspiration","BaseMod","Bestiary","Better Altar","Better Match","Better Note","Better Skull","Better Third Choice","BetterRewards","CCEM2","CapriCore","Challenge The Spire","Colored Map","Colored Powertips","Conjunction","Conspire","Defuse TimeMaze Blight","Displayed Cursed Tome","Downfall","EXCEPTION","Emptier Cage","Energized Spire","Exacting","Gold Saver","Halation","Highlight Path","Hubris","Infinite Spire","Jedi Mod","Lobotomy","LobotomyExtend","Magitek Elite","Minty Spire (QoL Compilation)","Poor People Problems","Replay The Spire","SacredBarkPlus","Shop Mod","Spicy Shops","Spire Arcade","StSLib","The Blue Laboratory","Transform Curses","Uncapped","Unceasing Turn Reminder","Wandering Minibosses","Yuri Mod"],"gold_per_floor":[1341,1360,1379,1396,1396,1413,1413,1713,969,969,1029,1048,1048,384,401,499,499,499,514,439,234,234,234,234,234,245,256,266,166,199,99,99,111,212,212,112,132,149,149,149,149,149,161,191,210,310,310,310,339,357,357,357,391,88,88,88,88],"floor_reached":58,"language":"ENG","playtime":2758,"items_purged":[],"score":1514,"play_id":"9247e6a5-b9d7-44c7-8748-ca3b2e5bbcd9","local_time":"20210216221403","is_ascension_mode":true,"campfire_choices":[{"floor":1.0,"key":"DIG"},{"floor":10.0,"key":"DIG"},{"floor":13.0,"key":"DIG"},{"floor":18.0,"key":"DIG"},{"floor":29.0,"key":"RECALL"},{"floor":31.0,"key":"DIG"},{"floor":36.0,"key":"DIG"},{"floor":47.0,"key":"DIG"},{"floor":55.0,"key":"DIG"}],"circlet_count":0,"master_deck":["bronze:Strike","bronze:Strike","bronze:Strike","bronze:Strike","bronze:Defend","bronze:Defend","bronze:Defend","bronze:Defend","bronze:Replicate+1","bronze:Goto","bronze:Philosophize+1","bronze:ChosenStrike+1","bronze:Overheat","bronze:NullPointer","bronze:FollowUp","expansioncontent:LastStand","bronze:CloningBeam","bronze:Invalidate","bronze:CutThrough","bronze:Iterate","bronze:InfiniteBeams","bronze:CleanCode","bronze:ClassDefault+1","bronze:Library","bronze:Overload+1","GoldRush","bronze:FunctionCard","bronze:HardenedForm","bronze:Optimize","bronze:Flail+1","bronze:Terminator+1"],"relics":["bronze:BronzeCore","Shovel","LetterFromLob","Incense Burner","CCEMRelics:PocketTank","CCEMRelics:SpiritsEdge","Ginger","hubris:SlimyHat","halation:TwoAmDonut","aspiration:FetidBarrel","Lee\u0027s Waffle","hubris:PeanutButter","energizedSpire:SpiderWeb","infinitespire:ShieldingShard","ReplayTheSpireMod:TigerMarble","Guardian:GemstoneGun","halation:Thesaurus","Du-Vu Doll","CCEMRelics:FakeTeeth","jedi:crownofsimplicity","downfall:HeartBlessingBlue","ReplayTheSpireMod:Shallot","downfall:HeartBlessingRed","Slimebound:StickyStick","hubris:TerracottaHorce","downfall:HeartBlessingGreen","Replay:Accelerometer","HonorFeather","MagicBullet_r","Gaze_r","Art of War","Toy Ornithopter","Akabeko","hubris:Reverence","CCEMRelics:SoftDrink","hubris:MedicalManual","aspiration:TomeofQuesting","Replay:Baseball","Blue Candle"],"acts_visited":["Exordium","TheCity","TheBeyond","TheEnding"],"potions_floor_usage":[56,56,56],"damage_taken":[{"damage":1.0,"enemies":"Jaw Worm","floor":2.0,"turns":5.0},{"damage":4.0,"enemies":"Cultist","floor":3.0,"turns":4.0},{"damage":0.0,"enemies":"2 Louse","floor":4.0,"turns":2.0},{"damage":0.0,"enemies":"downfall:LooterAlt","floor":6.0,"turns":2.0},{"damage":10.0,"enemies":"downfall:FleeingMerchant","floor":9.0,"turns":4.0},{"damage":0.0,"enemies":"Large Slime","floor":12.0,"turns":2.0},{"damage":3.0,"enemies":"downfall:FleeingMerchant","floor":14.0,"turns":5.0},{"damage":0.0,"enemies":"2 Fungi Beasts","floor":15.0,"turns":2.0},{"damage":17.0,"enemies":"WA_ARCHETYPE_RETAIN","floor":16.0,"turns":4.0},{"damage":1.0,"enemies":"Shell Parasite","floor":19.0,"turns":3.0},{"damage":5.0,"enemies":"downfall:FleeingMerchant","floor":21.0,"turns":4.0},{"damage":0.0,"enemies":"Chosen","floor":26.0,"turns":2.0},{"damage":0.0,"enemies":"Snecko","floor":27.0,"turns":1.0},{"damage":0.0,"enemies":"Chosen and Byrds","floor":28.0,"turns":2.0},{"damage":0.0,"enemies":"Book of Stabbing","floor":30.0,"turns":3.0},{"damage":0.0,"enemies":"Snake Plant","floor":33.0,"turns":1.0},{"damage":0.0,"enemies":"DF_ARCHETYPE_CLAW","floor":34.0,"turns":4.0},{"damage":0.0,"enemies":"3 Darklings","floor":37.0,"turns":3.0},{"damage":0.0,"enemies":"Orb Walker","floor":38.0,"turns":1.0},{"damage":0.0,"enemies":"Orb Walker","floor":41.0,"turns":1.0},{"damage":0.0,"enemies":"Orb Walker","floor":41.0,"turns":1.0},{"damage":0.0,"enemies":"Transient","floor":43.0,"turns":5.0},{"damage":2.0,"enemies":"4 Shapes","floor":44.0,"turns":3.0},{"damage":0.0,"enemies":"Writhing Mass","floor":45.0,"turns":2.0},{"damage":0.0,"enemies":"downfall:LadyInBlue","floor":46.0,"turns":4.0},{"damage":0.0,"enemies":"Giant Head","floor":49.0,"turns":3.0},{"damage":8.0,"enemies":"Transient","floor":50.0,"turns":5.0},{"damage":0.0,"enemies":"IC_BLOCK_ARCHETYPE","floor":51.0,"turns":1.0},{"damage":0.0,"enemies":"downfall:CharBossMerchant","floor":53.0,"turns":3.0},{"damage":3,"enemies":"downfall:NeowBoss","floor":56,"turns":7},{"damage":21,"enemies":"downfall:NeowBossFinal","floor":57,"turns":7}],"seed_played":"-4621217692334544015","potions_obtained":[{"floor":3.0,"key":"blueLaboratory:AbyssPotion"},{"floor":6.0,"key":"Flashbang"},{"floor":11.0,"key":"Ancient Potion"},{"floor":11.0,"key":"blueLaboratory:HorrorPotion"},{"floor":12.0,"key":"jedi:wingpotion"},{"floor":16.0,"key":"Explosive Potion"},{"floor":27.0,"key":"blueLaboratory:Moonshine"},{"floor":28.0,"key":"Flashbang"},{"floor":33.0,"key":"blueLaboratory:BottleOfRum"},{"floor":34.0,"key":"blueLaboratory:CorrosionFlask"},{"floor":37.0,"key":"blueLaboratory:Moonshine"},{"floor":46.0,"key":"blueLaboratory:HummingbirdPotion"},{"floor":46.0,"key":"blueLaboratory:PyrophylliteBrew"},{"floor":46.0,"key":"jedi:hoardpotion"},{"floor":49.0,"key":"Explosive Potion"}],"is_trial":false,"path_per_floor":["R_BF","M","M","M","?","M","T","?","$","R","?","M","R","$","M","B",null,"R","M","?","$","?","PTL","PTL","T","M","M","M","R","E","R","?","M","B",null,"R_BF","M","M","$","?","?","T","M","M","M","?","R","AVR","E","M","B",null,"E","$","R","B","B",null],"character_chosen":"THE_AUTOMATON","items_purchased":["CCEMRelics:PocketTank","CCEMRelics:SpiritsEdge","Ginger","expansioncontent:LastStand","bronze:Iterate","bronze:InfiniteBeams","aspiration:FetidBarrel","Lee\u0027s Waffle","hubris:PeanutButter","ReplayTheSpireMod:TigerMarble","Guardian:GemstoneGun","halation:Thesaurus","aspiration:TomeofQuesting","Replay:Baseball"],"campfire_rested":0,"item_purchase_floors":[9,9,9,9,14,14,14,14,14,21,21,21,54,54],"current_hp_per_floor":[77,76,72,72,72,72,72,72,62,62,43,43,43,84,84,67,84,84,83,83,78,45,45,45,45,45,45,45,55,55,55,55,55,55,84,84,84,84,84,84,94,94,94,92,92,92,94,94,94,86,86,92,92,92,94,91,70],"gold":88,"neow_bonus":"TEN_PERCENT_HP_BONUS","is_daily":false,"chose_seed":false,"campfire_upgraded":0,"win_rate":0.0,"timestamp":1613510043,"path_taken":["R_BF","M","M","M","?","?","T","?","$","R","?","M","R","$","M","BOSS","R","M","?","$","?","PTL","PTL","T","M","M","M","R","E","R","?","M","BOSS","R_BF","M","M","$","?","?","T","M","M","M","?","R","AVR","E","M","BOSS","E","$","R","BOSS","BOSS"],"items_purchased_type":["Relic","Relic","Relic","Card","Card","Card","Relic","Relic","Relic","Relic","Relic","Relic","Relic","Relic"],"build_version":"2020-12-22","purchased_purges":0,"victory":true,"max_hp_per_floor":[77,77,77,77,77,77,77,77,77,77,77,77,77,84,84,84,84,84,84,84,84,84,84,84,84,84,84,84,94,94,94,94,94,94,94,94,94,94,94,94,94,94,94,94,94,94,94,94,94,94,94,94,94,94,94,94,94],"card_choices":[{"not_picked":["bronze:Turbo","bronze:BronzeArmor"],"picked":"bronze:Philosophize","floor":2.0},{"not_picked":["bronze:Branch","bronze:BuggyMess"],"picked":"bronze:ChosenStrike","floor":3.0},{"not_picked":["bronze:BronzeOrb","bronze:Philosophize"],"picked":"bronze:Overheat","floor":4.0},{"not_picked":["bronze:OilSpill","bronze:Shield"],"picked":"bronze:NullPointer","floor":6.0},{"not_picked":["bronze:WildBeam","bronze:Turbo"],"picked":"bronze:FollowUp","floor":9.0},{"not_picked":["bronze:Shield","bronze:Boost"],"picked":"bronze:CloningBeam","floor":11.0},{"not_picked":["bronze:Overheat","bronze:BuggyMess"],"picked":"bronze:Invalidate","floor":12.0},{"not_picked":["bronze:Separator","bronze:BronzeArmor"],"picked":"bronze:CutThrough","floor":14.0},{"not_picked":["bronze:Boost","bronze:OilSpill","bronze:ForceShield"],"picked":"SKIP","floor":15.0},{"not_picked":["bronze:HardenedForm","bronze:FindAndReplace"],"picked":"bronze:CleanCode","floor":16.0},{"not_picked":["bronze:OilSpill","bronze:WhirlingStrike+1"],"picked":"bronze:ClassDefault+1","floor":19.0},{"not_picked":["bronze:Separator","bronze:DelayedSlice","bronze:FollowUp+1"],"picked":"SKIP","floor":21.0},{"not_picked":["bronze:Frontload","bronze:FineTuning+1","bronze:DigitalCarnage+1"],"picked":"SKIP","floor":26.0},{"not_picked":["bronze:BuggyMess","bronze:Constructor"],"picked":"bronze:Library","floor":27.0},{"not_picked":["bronze:BitShift","bronze:NullPointer"],"picked":"bronze:Overload+1","floor":28.0},{"not_picked":["bronze:DelayedGuard","bronze:Refactor","bronze:Branch"],"picked":"SKIP","floor":30.0},{"not_picked":["bronze:Constructor+1","bronze:GetLatest"],"picked":"bronze:Hardcode","floor":33.0},{"not_picked":["bronze:ThunderWave","bronze:ShipIt"],"picked":"bronze:HardenedForm","floor":34.0},{"not_picked":["bronze:Overheat","bronze:Turbo","bronze:BitShift"],"picked":"SKIP","floor":37.0},{"not_picked":["bronze:FollowUp","bronze:Turbo+1"],"picked":"bronze:Optimize","floor":38.0},{"not_picked":["bronze:FindAndReplace","bronze:FineTuning","bronze:DelayedSlice+1"],"picked":"SKIP","floor":43.0},{"not_picked":["bronze:Turbo+1","bronze:Flail+1","bronze:Backtrace"],"picked":"SKIP","floor":44.0},{"not_picked":["bronze:Overheat","bronze:DigitalCarnage+1","bronze:BugBarrage"],"picked":"SKIP","floor":45.0},{"not_picked":["bronze:Optimize","bronze:Safeguard+1","bronze:CutThrough+1"],"picked":"SKIP","floor":49.0},{"not_picked":["bronze:Invalidate","bronze:FineTuning"],"picked":"bronze:Flail+1","floor":50.0},{"not_picked":["bronze:Constructor+1","bronze:Overload"],"picked":"bronze:Terminator+1","floor":53.0}],"player_experience":472016,"relics_obtained":[{"floor":1.0,"key":"Shovel"},{"floor":2.0,"key":"LetterFromLob"},{"floor":7.0,"key":"Incense Burner"},{"floor":10.0,"key":"hubris:SlimyHat"},{"floor":13.0,"key":"halation:TwoAmDonut"},{"floor":18.0,"key":"infinitespire:ShieldingShard"},{"floor":30.0,"key":"ReplayTheSpireMod:Shallot"},{"floor":31.0,"key":"Slimebound:StickyStick"},{"floor":36.0,"key":"Replay:Accelerometer"},{"floor":42.0,"key":"Art of War"},{"floor":46.0,"key":"Toy Ornithopter"},{"floor":47.0,"key":"Akabeko"},{"floor":49.0,"key":"CCEMRelics:SoftDrink"},{"floor":53.0,"key":"hubris:MedicalManual"},{"floor":55.0,"key":"Blue Candle"}],"event_choices":[{"damage_healed":0.0,"max_hp_gain":0.0,"max_hp_loss":0.0,"gold_gain":0.0,"event_name":"Big Fish","player_choice":"Box","floor":8.0,"gold_loss":0.0,"damage_taken":0.0,"relics_obtained":["Old Coin"],"cards_obtained":["Regret"]},{"damage_healed":0.0,"max_hp_gain":0.0,"max_hp_loss":0.0,"gold_gain":0.0,"event_name":"betterMatch:BetterMatch","player_choice":"3","floor":20.0,"gold_loss":0.0,"damage_taken":0.0,"cards_obtained":[]},{"damage_healed":0.0,"max_hp_gain":0.0,"max_hp_loss":0.0,"gold_gain":0.0,"event_name":"betterSkull:BetterSkull","player_choice":"RE RE ","floor":22.0,"gold_loss":0.0,"damage_taken":37.0,"cards_upgraded":[],"relics_obtained":["CCEMRelics:FakeTeeth","jedi:crownofsimplicity"]},{"damage_healed":0.0,"max_hp_gain":0.0,"max_hp_loss":0.0,"gold_gain":0.0,"event_name":"betterSkull:BetterSkull","player_choice":"RE RE ","floor":22.0,"gold_loss":0.0,"damage_taken":37.0,"cards_upgraded":[],"relics_obtained":["CCEMRelics:FakeTeeth","jedi:crownofsimplicity"]},{"cards_removed":["GoldRush"],"damage_healed":0.0,"max_hp_gain":0.0,"max_hp_loss":0.0,"gold_gain":0.0,"event_name":"betterNote:BetterNote","player_choice":"Take \u0026 Give","floor":32.0,"gold_loss":0.0,"damage_taken":0.0,"cards_obtained":["GoldRush"]}],"is_beta":false,"boss_relics":[{"not_picked":["energizedSpire:CursedPentagram","hubris:HollowSoul"],"picked":"energizedSpire:SpiderWeb"},{"not_picked":["Runic Pyramid","CCEMRelics:ReaperScythe"],"picked":"hubris:TerracottaHorce"}],"items_purged_floors":[],"is_endless":false,"potions_floor_spawned":[3,6,12,16,27,28,33,34,37,41,44,45,49],"ascension_level":6}}