{"host":"6q3dr8ktfc8vdn9h","time":1613507059,"event":{"mods":["2.2 Compatiblity","AchievementEnabler","Act Like it!","AlwaysNeverKeys","Ascension Reborn","Aspiration","BaseMod","Better Note","BetterRewards","Challenge The Spire","Colored Powertips","Conspire","Downfall","Energized Spire","Gensokyo","GifTheSpireLib","Gold Saver","Halation","Hallownest","Hubris","Humility","Infinite Spire","Jedi Mod","Minty Spire (QoL Compilation)","Pale of the Ancients","Permanent Neow","Prisma Mod","Quick Restart","Rare Cards Sparkle","RatMod","Replay The Spire","Shop Mod","Spicy Shops","Spikes Relics","StSLib","Stuff the Spire","SuperFastMode","Synergy Search","The Jungle","Unceasing Turn Reminder"],"gold_per_floor":[306,306,306,322,342,374,374,401,456,456,466,478,38,52,52,152,152,167,186,199,212,230,249,249,279,304,214,247,247,264,278,278,375,375,375,375],"floor_reached":35,"language":"ENG","playtime":735,"items_purged":[],"score":613,"play_id":"eb860c56-353d-47de-8763-e87d2a165445","local_time":"20210216152419","is_ascension_mode":false,"campfire_choices":[{"data":"Intimidate","floor":7,"key":"SMITH"},{"data":"Battle Trance","floor":10,"key":"SMITH"},{"floor":15,"key":"DIG"},{"data":"Eclipse","floor":24,"key":"SMITH"},{"data":"jedi:strikingstrike","floor":29,"key":"SMITH"},{"data":"Demonic Infusion","floor":32,"key":"SMITH"}],"circlet_count":0,"master_deck":["Strike_R","Strike_R","Strike_R+1","Strike_R","Defend_R+1","Defend_R+1","Defend_R+1","Defend_R","Bash+1","Cleave","hubris:InfiniteBlow+96","Battle Trance+1","Intimidate+1","Rage","ReplayTheSpireMod:Limb From Limb","jedi:strikingstrike+1","Eclipse+1","Replay:Undeath\u0027s Touch","Heavy Blade+1","Pommel Strike+1","Disarm","Life Link","StuffTheSpire:RockThrow","Seeing Red+1","Demonic Infusion+1","Sword Boomerang","Berserk"],"relics":["Burning Blood","War Paint","jedi:HeartOfTheCards","conspire:TopHat","Centennial Puzzle","Anchor","ReplayTheSpireMod:Spearhead","aspiration:Nostalgia","m_DevilBlood","Replay:Bottled Flurry","energizedSpire:NeverEndingSparkler","jedi:shrinkray","SpikesRelics:DaevaFist","Ice Cream","halation:Prosthetics"],"acts_visited":["Exordium","TheCity","TheBeyond"],"potions_floor_usage":[21,23,33,35],"damage_taken":[{"damage":4,"enemies":"2 Louse","floor":1,"turns":3},{"damage":0,"enemies":"conspire:RoseBush","floor":4,"turns":2},{"damage":0,"enemies":"Cultist","floor":5,"turns":1},{"damage":0,"enemies":"Gremlin Nob","floor":6,"turns":1},{"damage":1,"enemies":"Replay:BlueRogue","floor":8,"turns":3},{"damage":4,"enemies":"conspire:2 RoseBushes","floor":11,"turns":5},{"damage":5,"enemies":"Exordium Thugs","floor":12,"turns":3},{"damage":0,"enemies":"Blue Slaver","floor":14,"turns":2},{"damage":0,"enemies":"Fading Forest","floor":16,"turns":1},{"damage":0,"enemies":"Chosen","floor":18,"turns":1},{"damage":24,"enemies":"Spheric Guardian","floor":19,"turns":4},{"damage":0,"enemies":"conspire:HollyBat","floor":20,"turns":1},{"damage":2,"enemies":"Centurion and Healer","floor":21,"turns":3},{"damage":0,"enemies":"Snecko","floor":22,"turns":1},{"damage":10,"enemies":"Snake Plant","floor":23,"turns":3},{"damage":0,"enemies":"Gremlin Leader","floor":25,"turns":1},{"damage":0,"enemies":"conspire:Head Lice","floor":28,"turns":3},{"damage":9,"enemies":"Shelled Parasite and Fungi","floor":30,"turns":3},{"damage":0,"enemies":"Centurion and Healer","floor":31,"turns":2},{"damage":0,"enemies":"Champ","floor":33,"turns":2},{"damage":52,"enemies":"3 Darklings","floor":35,"turns":3}],"seed_played":"2728585927497687267","potions_obtained":[{"floor":5,"key":"Block Potion"},{"floor":8,"key":"Swift Potion"},{"floor":16,"key":"FearPotion"},{"floor":23,"key":"Swift Potion"},{"floor":28,"key":"Block Potion"},{"floor":31,"key":"hexamod:SoulburnPotion"}],"is_trial":false,"path_per_floor":["M","?","?","M","M","E","R","E","T","R","M","M","$","M","R","B",null,"M","M","M","M","M","M","R","E","T","?","E","R","M","M","R","B",null,"M"],"character_chosen":"IRONCLAD","items_purchased":["Anchor","ReplayTheSpireMod:Spearhead","aspiration:Nostalgia"],"campfire_rested":0,"item_purchase_floors":[13,13,13],"current_hp_per_floor":[80,64,64,70,76,80,80,80,80,80,80,80,80,80,80,80,80,80,62,68,76,80,76,76,80,80,80,80,80,77,80,80,80,45,0,0],"gold":375,"neow_bonus":"RANDOM_COMMON_RELIC","is_daily":false,"chose_seed":false,"campfire_upgraded":5,"win_rate":0.0,"timestamp":1613507059,"path_taken":["M","?","?","M","M","E","R","E","T","R","M","?","$","M","R","BOSS","M","M","M","M","M","M","R","E","T","?","E","R","M","M","R","BOSS","M"],"items_purchased_type":["Relic","Relic","Relic"],"build_version":"2020-12-22","purchased_purges":0,"victory":false,"max_hp_per_floor":[80,80,80,80,80,80,80,80,80,80,80,80,80,80,80,80,80,80,80,80,80,80,80,80,80,80,80,80,80,80,80,80,80,45,45,45],"card_choices":[{"not_picked":["Wild Strike","Entrench"],"picked":"Cleave","floor":1},{"not_picked":["Twin Strike","Flame Barrier","Thunderclap"],"picked":"SKIP","floor":4},{"not_picked":["Havoc","Dropkick"],"picked":"Battle Trance","floor":5},{"not_picked":["Thunderclap","Defy Death"],"picked":"Intimidate","floor":6},{"not_picked":["Carnage","Infernal Blade"],"picked":"Rage","floor":8},{"not_picked":["True Grit","Combust"],"picked":"ReplayTheSpireMod:Limb From Limb","floor":11},{"not_picked":["Clash","StuffTheSpire:Pyroclast","Headbutt"],"picked":"SKIP","floor":12},{"not_picked":["Sword Boomerang","infinitespire:OneForAll"],"picked":"jedi:strikingstrike","floor":14},{"not_picked":["Juggernaut","Immolate"],"picked":"Eclipse","floor":16},{"not_picked":["Iron Wave","hubris:ReadiedAction"],"picked":"Replay:Undeath\u0027s Touch","floor":18},{"not_picked":["Dual Wield","Body Slam"],"picked":"Heavy Blade+1","floor":19},{"not_picked":["Shrug It Off","ReplayTheSpireMod:Strike From Hell"],"picked":"Pommel Strike+1","floor":20},{"not_picked":["Pommel Strike","Body Slam"],"picked":"Disarm","floor":21},{"not_picked":["Bloodletting","jedi:MakeshiftSword"],"picked":"Life Link","floor":22},{"not_picked":["Power Through","Heavy Blade"],"picked":"StuffTheSpire:RockThrow","floor":23},{"not_picked":["Body Slam+1","Barricade"],"picked":"Seeing Red+1","floor":25},{"not_picked":["Perfected Strike","Run Through"],"picked":"Demonic Infusion","floor":28},{"not_picked":["Warcry+1","Heavy Blade"],"picked":"Sword Boomerang","floor":30},{"not_picked":["Sword Boomerang","Cleave","Havoc+1"],"picked":"SKIP","floor":31},{"not_picked":["jedi:harder","Demonic Infusion"],"picked":"Berserk","floor":33}],"player_experience":287108,"relics_obtained":[{"floor":6,"key":"jedi:HeartOfTheCards"},{"floor":8,"key":"conspire:TopHat"},{"floor":9,"key":"Centennial Puzzle"},{"floor":15,"key":"Replay:Bottled Flurry"},{"floor":25,"key":"jedi:shrinkray"},{"floor":26,"key":"SpikesRelics:DaevaFist"},{"floor":28,"key":"Ice Cream"}],"event_choices":[{"damage_healed":0,"gold_gain":0,"player_choice":"Entered Light","damage_taken":16,"max_hp_gain":0,"max_hp_loss":0,"event_name":"Shining Light","floor":2,"gold_loss":0,"cards_upgraded":["Bash","Strike_R"]},{"cards_removed":["Defend_R"],"damage_healed":0,"gold_gain":0,"player_choice":"Take \u0026 Give","damage_taken":0,"max_hp_gain":0,"max_hp_loss":0,"event_name":"betterNote:BetterNote","floor":3,"gold_loss":0,"cards_obtained":["hubris:InfiniteBlow"]},{"cards_removed":["Strike_R"],"damage_healed":0,"gold_gain":0,"player_choice":"Upgrade and Remove","damage_taken":0,"max_hp_gain":0,"max_hp_loss":0,"event_name":"Designer","floor":27,"gold_loss":90,"cards_upgraded":["Defend_R"]}],"is_beta":false,"boss_relics":[{"not_picked":["aspiration:RunicSpoon","conspire:RoyalGoblet"],"picked":"energizedSpire:NeverEndingSparkler"},{"not_picked":["Electric Blood","aspiration:DefectSkillbook"],"picked":"halation:Prosthetics"}],"items_purged_floors":[],"is_endless":false,"potions_floor_spawned":[5,8,16,20,23,28,31],"killed_by":"3 Darklings","ascension_level":0,"is_humility":true}}