{"host":"r6lqs70fdfl5jnjl","time":1613463543,"event":{"mods":["ATMod(阿瑾Mod)","Act Like it!","BaseMod","Chen","Marisa（F雨　魔理沙）","Minty Spire (QoL Compilation)","StSLib","WarShipGirlsR/战舰少女R mod"],"gold_per_floor":[119,294,312,325,325,325,345,345,345,41,56,90,90,107,107,204,204,224,22,121,101,115,142,67,97,178,198,198,213,173,189,189,189,189],"floor_reached":33,"language":"ZHS","playtime":1806,"items_purged":["rmod:strick"],"score":312,"play_id":"08dda9bb-2dff-46d1-a743-1482014cd1a6","local_time":"20210216161903","is_ascension_mode":false,"campfire_choices":[{"data":"rmod:ammunitionsupply","floor":6.0,"key":"SMITH"},{"data":"rmod:saltedfish","floor":8.0,"key":"SMITH"},{"data":"rmod:stealaluminum","floor":15.0,"key":"SMITH"},{"floor":28,"key":"REST"},{"floor":32,"key":"REST"}],"circlet_count":0,"master_deck":["rmod:strick","rmod:strick","rmod:defend","rmod:defend","rmod:defend","rmod:basicallowance","rmod:maingunfire","AT_FamilyPortrait","rmod:ammunitionsupply+1","rmod:luckystar","rmod:unsinkable","rmod:saltedfish+1","rmod:stealaluminum+1","rmod:robin","rmod:intelligenceanalysis","rmod:diamondstrike","rmod:u235","rmod:aluminumsupply","rmod:aviationdawn","rmod:goodsister","rmod:supportaircraftcarrier","rmod:wolves","rmod:ammunitionsupply","rmod:abidefaith","rmod:expedition","rmod:diaomin+1","rmod:heivgo","rmod:aviationdawn","rmod:aviationdawn","rmod:chargemoney","rmod:unsinkable"],"relics":["rmod:firstchargereward","AT_ATBox","HornCleat","AT_Kusabimaru","AT_TrinityForce","rmod:extraamm","Letter Opener","Molten Egg 2"],"acts_visited":["Exordium","TheCity"],"potions_floor_usage":[27,33],"damage_taken":[{"damage":10.0,"enemies":"Small Slimes","floor":1.0,"turns":2.0},{"damage":6.0,"enemies":"Jaw Worm","floor":3.0,"turns":5.0},{"damage":0.0,"enemies":"Cultist","floor":4.0,"turns":3.0},{"damage":4.0,"enemies":"Looter","floor":7.0,"turns":2.0},{"damage":12.0,"enemies":"3 Louse","floor":11.0,"turns":3.0},{"damage":9.0,"enemies":"3 Sentries","floor":12.0,"turns":5.0},{"damage":7.0,"enemies":"Blue Slaver","floor":14.0,"turns":2.0},{"damage":24.0,"enemies":"The Guardian","floor":16.0,"turns":8.0},{"damage":6.0,"enemies":"2 Thieves","floor":18.0,"turns":2.0},{"damage":6.0,"enemies":"Shell Parasite","floor":22.0,"turns":3.0},{"damage":47.0,"enemies":"Slavers","floor":23.0,"turns":5.0},{"damage":13.0,"enemies":"Gremlin Leader","floor":25.0,"turns":4.0},{"damage":0,"enemies":"Snake Plant","floor":27,"turns":3},{"damage":0,"enemies":"Centurion and Healer","floor":29,"turns":2},{"damage":7,"enemies":"Shelled Parasite and Fungi","floor":31,"turns":2},{"damage":51,"enemies":"Automaton","floor":33,"turns":6}],"seed_played":"26908685951415079","potions_obtained":[{"floor":4.0,"key":"Swift Potion"},{"floor":12.0,"key":"SmokeBomb"},{"floor":14.0,"key":"LiquidMemories"},{"floor":25.0,"key":"GamblersBrew"},{"floor":27,"key":"AttackPotion"},{"floor":29,"key":"CultistPotion"}],"is_trial":false,"path_per_floor":["M","?","M","M","?","R","M","R","T","$","M","E","?","M","R","B",null,"M","$","?","?","M","E","?","E","T","M","R","M","$","M","R","B"],"character_chosen":"PRAEFECT","items_purchased":["rmod:stealaluminum","rmod:robin","rmod:aviationdawn","rmod:goodsister","rmod:supportaircraftcarrier","rmod:chargemoney"],"campfire_rested":2,"item_purchase_floors":[10,10,19,19,19,30],"current_hp_per_floor":[72,72,66,66,66,66,62,62,62,62,50,41,41,34,34,10,82,76,76,76,76,70,23,23,10,10,10,34,34,34,27,51,0,0],"gold":189,"neow_bonus":"TEN_PERCENT_HP_BONUS","is_daily":false,"chose_seed":false,"campfire_upgraded":3,"win_rate":0.0,"timestamp":1613463543,"path_taken":["M","?","M","M","?","R","?","R","T","$","M","E","?","M","R","BOSS","M","$","?","?","M","E","?","E","T","M","R","M","$","M","R","BOSS"],"items_purchased_type":["Card","Card","Card","Card","Card","Card"],"build_version":"2020-12-22","purchased_purges":1,"victory":false,"max_hp_per_floor":[82,82,82,82,82,82,82,82,82,82,82,82,82,82,82,82,82,82,82,82,82,82,82,82,82,82,82,82,82,82,82,82,82,82],"card_choices":[{"not_picked":["rmod:unsinkable","rmod:aviationdawn"],"picked":"rmod:ammunitionsupply","floor":1.0},{"not_picked":["rmod:circuitoustactics","rmod:diamondstrike"],"picked":"rmod:luckystar","floor":3.0},{"not_picked":["rmod:aviationdawn","rmod:rockthrower"],"picked":"rmod:unsinkable","floor":4.0},{"not_picked":["rmod:chargemoney","rmod:fuelsupply"],"picked":"rmod:saltedfish","floor":7.0},{"not_picked":["rmod:supportescort","rmod:luckystar","rmod:steelsupply"],"picked":"SKIP","floor":11.0},{"not_picked":["rmod:ammunitionsupply","rmod:luckystar"],"picked":"rmod:intelligenceanalysis","floor":12.0},{"not_picked":["rmod:intelligenceanalysis","rmod:ammunitionsupply"],"picked":"rmod:diamondstrike","floor":14.0},{"not_picked":["rmod:timeschanged","rmod:abidefaith"],"picked":"rmod:u235","floor":16.0},{"not_picked":["rmod:ring","rmod:selfconfidence"],"picked":"rmod:aluminumsupply","floor":18.0},{"not_picked":[],"picked":"rmod:wolves","floor":21.0},{"not_picked":[],"picked":"rmod:ammunitionsupply","floor":21.0},{"not_picked":[],"picked":"rmod:abidefaith","floor":21.0},{"not_picked":["rmod:ammunitionsupply","rmod:fletcherpendant"],"picked":"rmod:expedition","floor":22.0},{"not_picked":["rmod:heivgo","rmod:aluminumsupply"],"picked":"rmod:diaomin+1","floor":23.0},{"not_picked":["rmod:maintain","rmod:garrisonisland+1"],"picked":"rmod:heivgo","floor":25.0},{"not_picked":["rmod:steelsupply","rmod:aluminumsupply+1"],"picked":"rmod:aviationdawn","floor":27},{"not_picked":["rmod:tearstotiara+1","rmod:spoils+1"],"picked":"rmod:aviationdawn","floor":29},{"not_picked":["rmod:intelligenceanalysis+1","rmod:guardianhero"],"picked":"rmod:unsinkable","floor":31}],"player_experience":56783,"relics_obtained":[{"floor":9.0,"key":"HornCleat"},{"floor":12.0,"key":"AT_Kusabimaru"},{"floor":23.0,"key":"rmod:extraamm"},{"floor":25.0,"key":"Letter Opener"},{"floor":26.0,"key":"Molten Egg 2"}],"event_choices":[{"damage_healed":0.0,"max_hp_gain":0.0,"max_hp_loss":0.0,"gold_gain":175.0,"event_name":"Liars Game","player_choice":"AGREE","floor":2.0,"gold_loss":0.0,"damage_taken":0.0,"cards_obtained":["Doubt"]},{"cards_removed":["Doubt"],"damage_healed":0.0,"max_hp_gain":0.0,"max_hp_loss":0.0,"gold_gain":0.0,"event_name":"Fountain of Cleansing","player_choice":"Removed Curses","floor":5.0,"gold_loss":0.0,"damage_taken":0.0},{"cards_removed":["rmod:defend"],"damage_healed":0.0,"max_hp_gain":0.0,"max_hp_loss":0.0,"gold_gain":0.0,"event_name":"Living Wall","player_choice":"Forget","floor":13.0,"gold_loss":0.0,"damage_taken":0.0},{"damage_healed":0.0,"max_hp_gain":0.0,"max_hp_loss":0.0,"gold_gain":99.0,"event_name":"Nest","player_choice":"Stole From Cult","floor":20.0,"gold_loss":0.0,"damage_taken":0.0},{"cards_removed":["rmod:strick"],"damage_healed":0.0,"max_hp_gain":0.0,"max_hp_loss":0.0,"gold_gain":0.0,"event_name":"Beggar","player_choice":"Gave Gold","floor":24.0,"gold_loss":75.0,"damage_taken":0.0}],"is_beta":false,"boss_relics":[{"not_picked":["Empty Cage","Philosopher\u0027s Stone"],"picked":"AT_TrinityForce"}],"items_purged_floors":[10],"is_endless":false,"potions_floor_spawned":[4,12,14,23,25,27,29],"killed_by":"Automaton","ascension_level":0}}