{"host":"gtoa8h4im74f14p0","time":1613494819,"event":{"mods":["AchievementEnabler","BaseMod","Better Silent Start","Block Reminder","Colored Powertips","Custom Start","Downfall","Hermit","Minty Spire (QoL Compilation)","Permanent Neow","Quick Restart","Reliquary","Shop Mod","StSLib","Swap Starting Deck Mod","The Cursed","The Marked"],"gold_per_floor":[112,112,112,130,142,142,172,172,196,196,196],"floor_reached":10,"language":"ENG","playtime":582,"items_purged":[],"score":116,"play_id":"8094c39a-6ef6-41ff-8363-f3131ab98381","local_time":"20210216120019","is_ascension_mode":false,"campfire_choices":[{"data":"Blur","floor":6,"key":"SMITH"},{"floor":8,"key":"REST"}],"circlet_count":0,"master_deck":["Quick Slash","Quick Slash","Quick Slash","Quick Slash","Quick Slash","Blur+1","Dodge and Roll","Dodge and Roll","Dodge and Roll","Dodge and Roll","Poisoned Stab"],"relics":["Ring of the Snake","swapstartingdeckmod:DeadBlossom","reliquary:Firecrackers","reliquary:HotPoker","Vajra"],"acts_visited":["Exordium"],"potions_floor_usage":[7],"damage_taken":[{"damage":0,"enemies":"Cultist","floor":1,"turns":3},{"damage":0,"enemies":"Jaw Worm","floor":4,"turns":5},{"damage":0,"enemies":"Small Slimes","floor":5,"turns":3},{"damage":34,"enemies":"Gremlin Nob","floor":7,"turns":5},{"damage":0,"enemies":"3 Sentries","floor":10,"turns":4}],"seed_played":"-6492084609594716249","potions_obtained":[{"floor":1,"key":"Fire Potion"},{"floor":7,"key":"Energy Potion"}],"is_trial":false,"path_per_floor":["M","T","?","M","M","R","E","R","T","E"],"character_chosen":"THE_SILENT","items_purchased":[],"campfire_rested":1,"item_purchase_floors":[],"current_hp_per_floor":[70,70,70,70,70,70,36,47,47,47,47],"gold":196,"neow_bonus":"","is_daily":false,"chose_seed":false,"campfire_upgraded":1,"win_rate":0.0,"timestamp":1613494819,"path_taken":["M","?","?","M","?","R","E","R","T","E"],"items_purchased_type":[],"build_version":"2020-12-22","purchased_purges":0,"victory":false,"max_hp_per_floor":[70,70,70,70,70,70,70,70,70,70,70],"card_choices":[{"not_picked":["Flechettes","Outmaneuver"],"picked":"Flying Knee","floor":1},{"not_picked":["Cloak And Dagger","Expertise"],"picked":"Poisoned Stab","floor":4},{"not_picked":["Bane","Dagger Throw","Choke"],"picked":"SKIP","floor":5},{"not_picked":["Deadly Poison","Skewer","Catalyst"],"picked":"SKIP","floor":7}],"player_experience":77563,"relics_obtained":[{"floor":2,"key":"reliquary:Firecrackers"},{"floor":7,"key":"reliquary:HotPoker"},{"floor":9,"key":"Vajra"}],"event_choices":[{"cards_removed":["Flying Knee"],"damage_healed":5,"gold_gain":0,"player_choice":"Offered Common","damage_taken":0,"max_hp_gain":0,"max_hp_loss":0,"event_name":"Bonfire Elementals","floor":3,"gold_loss":0},{"cards_removed":["Flying Knee"],"damage_healed":5,"gold_gain":0,"player_choice":"Offered Special","damage_taken":0,"max_hp_gain":0,"max_hp_loss":0,"event_name":"Bonfire Elementals","floor":3,"gold_loss":0}],"is_beta":false,"boss_relics":[],"items_purged_floors":[],"is_endless":false,"potions_floor_spawned":[1,7],"killed_by":"3 Sentries","ascension_level":0}}