{"host":"uzp1tn8qxn9571p9","time":1613443659,"event":{"mods":["Aspiration","BaseMod","Bossed Relics","Colored Map","Colored Powertips","Curses Come First","Hermit","Marisa£®ÏF”Í°°ƒß¿Ì…≥£©","Mimic Mod","Minty Spire (QoL Compilation)","StSLib","The Jungle","The Marked","The Runesmith"],"gold_per_floor":[111,111,111,19,19,64,92,122,122,122,162,207,207,263,263,384,384,427,502,545,545,620,620,679,679,706,759,759,804,847,884,884,985,985,1029,1029,1041,1059,1059,1059,1109,1109,1109,1109,1147,1187,1246,1265,1265,1265],"floor_reached":51,"language":"ZHS","playtime":2817,"items_purged":[],"score":870,"play_id":"5db388a8-44e4-4a0e-a98c-a2d5fbd8c10e","local_time":"20210216104739","is_ascension_mode":true,"campfire_choices":[{"data":"Defend_MRS","floor":13.0,"key":"SMITH"},{"data":"MysteriousBeam","floor":15.0,"key":"SMITH"},{"data":"CasketOfStar","floor":23.0,"key":"SMITH"},{"data":"JA","floor":28.0,"key":"SMITH"},{"data":"Occultation","floor":32.0,"key":"SMITH"},{"data":"Apotheosis","floor":40.0,"key":"SMITH"},{"data":"FinalSpark","floor":42.0,"key":"SMITH"},{"data":"PowerUp","floor":44.0,"key":"SMITH"},{"floor":49.0,"key":"REST"}],"circlet_count":0,"master_deck":["Strike_MRS","Strike_MRS","Strike_MRS","Defend_MRS+1","Defend_MRS+1","Defend_MRS+1","Defend_MRS","MasterSpark","UpSweep","SuperPerseids","WitchOfGreed+1","AlicesGift","DC","PowerUp+1","GrandCross","SporeBomb","MysteriousBeam+1","CasketOfStar+1","MysteriousBeam","UnstableBomb+1","GrandCross","JA+1","GrandCross","Occultation+1","FinalSpark+1","Singularity+1","Panache","Apotheosis+1","Singularity+1","PropBag+1","StarlightTyphoon+1","EnergyFlow"],"relics":["BewitchedHakkero","aspiration:Nostalgia","Ring of the Snake","Bag of Preparation","Bottled Tornado","Lantern","Mango","Tiny House","CaptainsWheel","Letter Opener","MagicBroom","Potion Belt","TungstenRod","Incense Burner","Question Card"],"acts_visited":["Exordium","TheCity","TheBeyond"],"potions_floor_usage":[50,50,50],"damage_taken":[{"damage":0.0,"enemies":"Small Slimes","floor":1.0,"turns":3.0},{"damage":28.0,"enemies":"3 Sentries","floor":6.0,"turns":11.0},{"damage":0.0,"enemies":"2 Louse","floor":7.0,"turns":2.0},{"damage":0.0,"enemies":"Cultist","floor":8.0,"turns":3.0},{"damage":0.0,"enemies":"3 Louse","floor":11.0,"turns":2.0},{"damage":4.0,"enemies":"Gremlin Gang","floor":12.0,"turns":3.0},{"damage":12.0,"enemies":"Lagavulin","floor":14.0,"turns":4.0},{"damage":13.0,"enemies":"The Guardian","floor":16.0,"turns":4.0},{"damage":13.0,"enemies":"3 Byrds","floor":18.0,"turns":5.0},{"damage":0.0,"enemies":"Shell Parasite","floor":20.0,"turns":1.0},{"damage":0.0,"enemies":"Gremlin Leader","floor":24.0,"turns":3.0},{"damage":11.0,"enemies":"Book of Stabbing","floor":27.0,"turns":4.0},{"damage":18.0,"enemies":"Snake Plant","floor":29.0,"turns":3.0},{"damage":1.0,"enemies":"Cultist and Chosen","floor":30.0,"turns":2.0},{"damage":12.0,"enemies":"Centurion and Healer","floor":31.0,"turns":3.0},{"damage":3.0,"enemies":"Collector","floor":33.0,"turns":5.0},{"damage":4.0,"enemies":"3 Darklings","floor":35.0,"turns":3.0},{"damage":6.0,"enemies":"Orb Walker","floor":37.0,"turns":2.0},{"damage":0.0,"enemies":"3 Darklings","floor":38.0,"turns":3.0},{"damage":4.0,"enemies":"Giant Head","floor":41.0,"turns":5.0},{"damage":13.0,"enemies":"Sphere and 2 Shapes","floor":45.0,"turns":5.0},{"damage":24.0,"enemies":"Spire Growth","floor":46.0,"turns":3.0},{"damage":25.0,"enemies":"Reptomancer","floor":47.0,"turns":4.0},{"damage":0.0,"enemies":"Jaw Worm Horde","floor":48.0,"turns":2.0},{"damage":33,"enemies":"Donu and Deca","floor":50,"turns":7}],"seed_played":"4986696023234767545","potions_obtained":[{"floor":1.0,"key":"ColorlessPotion"},{"floor":8.0,"key":"Swift Potion"},{"floor":11.0,"key":"BlessingOfTheForge"},{"floor":12.0,"key":"BlessingOfTheForge"},{"floor":14.0,"key":"FairyPotion"},{"floor":16.0,"key":"SteroidPotion"},{"floor":16.0,"key":"SneckoOil"},{"floor":20.0,"key":"Explosive Potion"},{"floor":24.0,"key":"SteroidPotion"},{"floor":27.0,"key":"Dexterity Potion"},{"floor":29.0,"key":"Energy Potion"},{"floor":30.0,"key":"BlessingOfTheForge"},{"floor":33.0,"key":"FearPotion"},{"floor":37.0,"key":"Weak Potion"},{"floor":41.0,"key":"FearPotion"},{"floor":45.0,"key":"Weak Potion"},{"floor":46.0,"key":"Swift Potion"},{"floor":47.0,"key":"DistilledChaos"},{"floor":48.0,"key":"FearPotion"}],"is_trial":false,"path_per_floor":["M","?","?","$","?","E","M","M","T","?","M","M","R","E","R","B",null,"M","?","M","T","T","R","E","?","T","E","R","M","M","M","R","B",null,"M","?","M","M","?","R","E","R","T","R","M","M","E","M","R","B",null],"character_chosen":"MARISA","items_purchased":["WitchOfGreed","AlicesGift"],"campfire_rested":1,"item_purchase_floors":[4,4],"current_hp_per_floor":[75,68,53,53,53,25,25,25,25,25,25,21,21,23,23,10,89,76,68,68,68,68,68,68,68,68,57,57,39,38,26,26,23,89,85,76,70,70,70,70,66,66,66,66,53,29,4,4,30,26],"gold":1265,"neow_bonus":"NOSTALGIA","is_daily":false,"chose_seed":false,"campfire_upgraded":8,"win_rate":0.0,"timestamp":1613443659,"path_taken":["M","?","?","$","?","E","M","?","T","?","?","M","R","E","R","BOSS","M","?","?","?","?","R","E","?","T","E","R","M","M","M","R","BOSS","M","?","M","M","?","R","E","R","T","R","?","M","E","?","R","BOSS"],"items_purchased_type":["Card","Card"],"build_version":"2020-12-22","purchased_purges":0,"victory":true,"max_hp_per_floor":[75,75,75,75,75,75,75,75,75,75,75,75,75,89,89,89,89,89,89,89,89,89,89,89,89,89,89,89,89,89,89,89,89,89,89,89,89,89,89,89,89,89,89,89,89,89,89,89,89,89],"card_choices":[{"not_picked":["RefractionSpark","GravityBeat"],"picked":"SuperPerseids","floor":1.0},{"not_picked":["Acceleration","UnstableBomb"],"picked":"DC","floor":6.0},{"not_picked":["OneTimeOff","Acceleration"],"picked":"PowerUp","floor":7.0},{"not_picked":["SporeBomb","DragonMeteor","DarkMatter"],"picked":"SKIP","floor":8.0},{"not_picked":["DragonMeteor","MysteriousBeam"],"picked":"GrandCross","floor":11.0},{"not_picked":["AlicesGift","DarkMatter"],"picked":"SporeBomb","floor":12.0},{"not_picked":["OrrerysSun","ChargingUp"],"picked":"MysteriousBeam","floor":14.0},{"not_picked":["FinalSpark","UltimateShortwave"],"picked":"CasketOfStar","floor":16.0},{"not_picked":["GalacticHalo","DC+1"],"picked":"MysteriousBeam","floor":18.0},{"not_picked":["DarkSpark","EnergyRecoil","SporeBomb"],"picked":"SKIP","floor":20.0},{"not_picked":["6A","UltimateShortwave"],"picked":"UnstableBomb+1","floor":24.0},{"not_picked":["6A","OrrerysSun+1"],"picked":"JA","floor":27.0},{"not_picked":["ShootingEcho","DarkMatter","DC"],"picked":"SKIP","floor":29.0},{"not_picked":["Occultation","Acceleration+1"],"picked":"GrandCross","floor":30.0},{"not_picked":["FairyDestructionRay","EnergyRecoil"],"picked":"Occultation","floor":31.0},{"not_picked":["SuperNova","SatelliteIllusion"],"picked":"FinalSpark","floor":33.0},{"not_picked":["SuperPerseids+1","MachineGunSpark+1"],"picked":"Singularity+1","floor":35.0},{"not_picked":["Forethought","Panacea"],"picked":"Panache","floor":36.0},{"not_picked":["Finesse","Swift Strike"],"picked":"Apotheosis","floor":36.0},{"not_picked":["6A+1","DarkMatter+1","DC"],"picked":"SKIP","floor":37.0},{"not_picked":["WitchLeyline","Acceleration+1","DragonMeteor+1"],"picked":"SKIP","floor":38.0},{"not_picked":["GrandCross","NonDirectionalLaser"],"picked":"PropBag+1","floor":41.0},{"not_picked":["MysteriousBeam+1","ChargeUpSpray","DarkSpark"],"picked":"SKIP","floor":45.0},{"not_picked":["GravityBeat","WitchOfGreed","PulseMagic"],"picked":"SKIP","floor":46.0},{"not_picked":["RefractionSpark+1","EarthLightRay"],"picked":"StarlightTyphoon+1","floor":47.0},{"not_picked":["DoubleSpark","ManaConvection","StarBarrage+1"],"picked":"EnergyFlow","floor":48.0}],"player_experience":431958,"relics_obtained":[{"floor":6.0,"key":"Bottled Tornado"},{"floor":9.0,"key":"Lantern"},{"floor":14.0,"key":"Mango"},{"floor":21.0,"key":"CaptainsWheel"},{"floor":22.0,"key":"Letter Opener"},{"floor":24.0,"key":"MagicBroom"},{"floor":26.0,"key":"Potion Belt"},{"floor":27.0,"key":"TungstenRod"},{"floor":41.0,"key":"Incense Burner"},{"floor":47.0,"key":"Question Card"}],"event_choices":[{"cards_removed":["Strike_MRS"],"damage_healed":0.0,"max_hp_gain":0.0,"max_hp_loss":0.0,"gold_gain":0.0,"event_name":"Golden Wing","player_choice":"Card Removal","floor":2.0,"gold_loss":0.0,"damage_taken":7.0},{"damage_healed":0.0,"max_hp_gain":0.0,"max_hp_loss":0.0,"gold_gain":0.0,"event_name":"Shining Light","player_choice":"Entered Light","floor":3.0,"gold_loss":0.0,"damage_taken":15.0,"cards_upgraded":["Defend_MRS","Defend_MRS"]},{"damage_healed":0.0,"max_hp_gain":0.0,"max_hp_loss":0.0,"gold_gain":0.0,"event_name":"WeMeetAgain","player_choice":"Gave Potion","floor":5.0,"gold_loss":0.0,"damage_taken":0.0,"relics_obtained":["Bag of Preparation"]},{"damage_healed":0.0,"max_hp_gain":0.0,"max_hp_loss":0.0,"gold_gain":0.0,"event_name":"Upgrade Shrine","player_choice":"Upgraded","floor":10.0,"gold_loss":0.0,"damage_taken":0.0,"cards_upgraded":["WitchOfGreed"]},{"damage_healed":0.0,"max_hp_gain":0.0,"max_hp_loss":0.0,"gold_gain":75.0,"event_name":"FaceTrader","player_choice":"Touch","floor":19.0,"gold_loss":0.0,"damage_taken":8.0},{"damage_healed":0.0,"max_hp_gain":0.0,"max_hp_loss":0.0,"gold_gain":0.0,"event_name":"The Library","player_choice":"Read","floor":25.0,"gold_loss":0.0,"damage_taken":0.0,"cards_obtained":["GrandCross"]},{"damage_healed":0.0,"max_hp_gain":0.0,"max_hp_loss":0.0,"gold_gain":0.0,"event_name":"SensoryStone","player_choice":"Memory 3","floor":36.0,"gold_loss":0.0,"damage_taken":10.0},{"damage_healed":0.0,"max_hp_gain":0.0,"max_hp_loss":0.0,"gold_gain":0.0,"event_name":"Duplicator","player_choice":"Copied","floor":39.0,"gold_loss":0.0,"damage_taken":0.0,"cards_obtained":["Singularity"]}],"is_beta":false,"boss_relics":[{"not_picked":["Snecko Eye","Cursed Key"],"picked":"Tiny House"},{"not_picked":["Sozu","aspiration:DefectSkillbook"],"picked":"BewitchedHakkero"}],"items_purged_floors":[],"is_endless":false,"potions_floor_spawned":[1,11,16,20,29,33,37,45,48],"ascension_level":1}}