{"host":"Cenci","time":1613496952,"event":{"mods":["BaseMod","Bestiary","Downfall","Highlight Path","Minty Spire (QoL Compilation)","StSLib"],"gold_per_floor":[99,374,374,374,474,374,400,434,451,475,475,510,529,196,210,313,313,313,326,159,175,192,211,211,11,21,34,44,72,82,93,110,214,214,214,224,236,255,255,460,460,471,487,337,337,372,384,411,421,421,421,421],"floor_reached":50,"language":"ENG","playtime":3183,"items_purged":["Parasite","Slimebound:Strike_Slimebound","Slimebound:Strike_Slimebound","Slimebound:Defend_Slimebound"],"score":835,"play_id":"74962d85-93f9-483d-a358-8df925a3c567","local_time":"20210216183552","is_ascension_mode":true,"campfire_choices":[{"floor":1.0,"key":"RECALL"},{"data":"Slimebound:Split","floor":6.0,"key":"SMITH"},{"data":"Slimebound:MegaLick","floor":18.0,"key":"SMITH"},{"data":"Slimebound:MegaLick","floor":25.0,"key":"SMITH"},{"data":"Slimebound:LeechEnergy","floor":35.0,"key":"SMITH"},{"data":"Slimebound:SplitSpecialist","floor":45.0,"key":"SMITH"}],"circlet_count":0,"master_deck":["Slimebound:Tackle","Slimebound:Defend_Slimebound","Slimebound:Defend_Slimebound","Slimebound:Defend_Slimebound","Slimebound:Split+1","Slimebound:CorrosiveSpit","Slimebound:MegaLick+1","Slimebound:SlimeSpikes","Slimebound:MegaLick+1","Slimebound:DouseInSlime+1","Slimebound:ViciousTackle","Slimebound:SplitSpecialist+1","Slimebound:WasteNot","Slimebound:Prepare","Slimebound:LeechingTouch","Thinking Ahead","Slimebound:GoopSpray","Slimebound:SlimeSpikes","Slimebound:SlimeSpikes+1","Slimebound:LeechEnergy","Slimebound:LeechEnergy+1","Slimebound:GoopSpray+1","Slimebound:SlimeSlap","Slimebound:SlimeSpikes","Slimebound:SamplingLick","Slimebound:GoopSpray+1"],"relics":["Slimebound:AbsorbEndCombat","downfall:HeartsMalice","downfall:HeartBlessingRed","MealTicket","Centennial Puzzle","Nunchaku","Sozu","Singing Bowl","downfall:HeartBlessingBlue","downfall:HeartBlessingGreen","Akabeko","Black Star","Darkstone Periapt","Bronze Scales","Mummified Hand","Slimebound:PreparedRelic","InkBottle"],"acts_visited":["Exordium","TheCity","TheBeyond"],"potions_floor_usage":[50],"damage_taken":[{"damage":0.0,"enemies":"2 Louse","floor":3.0,"turns":1.0},{"damage":0.0,"enemies":"Cultist","floor":4.0,"turns":1.0},{"damage":0.0,"enemies":"downfall:Heads","floor":5.0,"turns":1.0},{"damage":26.0,"enemies":"3 Sentries","floor":8.0,"turns":7.0},{"damage":12.0,"enemies":"Jaw Worm","floor":9.0,"turns":3.0},{"damage":33.0,"enemies":"Gremlin Nob","floor":12.0,"turns":5.0},{"damage":11.0,"enemies":"downfall:LooterAlt","floor":13.0,"turns":3.0},{"damage":0.0,"enemies":"downfall:FleeingMerchant","floor":14.0,"turns":4.0},{"damage":0.0,"enemies":"3 Louse","floor":15.0,"turns":3.0},{"damage":32.0,"enemies":"DF_ARCHETYPE_STREAMLINE","floor":16.0,"turns":8.0},{"damage":12.0,"enemies":"Shell Parasite","floor":19.0,"turns":4.0},{"damage":1.0,"enemies":"downfall:FleeingMerchant","floor":20.0,"turns":4.0},{"damage":0.0,"enemies":"Spheric Guardian","floor":21.0,"turns":4.0},{"damage":24.0,"enemies":"Snake Plant","floor":22.0,"turns":4.0},{"damage":0.0,"enemies":"Snecko","floor":23.0,"turns":4.0},{"damage":0.0,"enemies":"Chosen and Byrds","floor":26.0,"turns":4.0},{"damage":0.0,"enemies":"Shelled Parasite and Fungi","floor":27.0,"turns":4.0},{"damage":25.0,"enemies":"Centurion and Healer","floor":28.0,"turns":6.0},{"damage":4.0,"enemies":"Book of Stabbing","floor":29.0,"turns":4.0},{"damage":0.0,"enemies":"Snecko","floor":30.0,"turns":2.0},{"damage":4.0,"enemies":"Snake Plant","floor":31.0,"turns":3.0},{"damage":4.0,"enemies":"Shelled Parasite and Fungi","floor":32.0,"turns":4.0},{"damage":11.0,"enemies":"SI_MIRROR_ARCHETYPE","floor":33.0,"turns":6.0},{"damage":15.0,"enemies":"Orb Walker","floor":36.0,"turns":4.0},{"damage":33.0,"enemies":"3 Shapes","floor":37.0,"turns":6.0},{"damage":0.0,"enemies":"Spire Growth","floor":38.0,"turns":5.0},{"damage":0.0,"enemies":"downfall:FleeingMerchant","floor":40.0,"turns":3.0},{"damage":16.0,"enemies":"Sphere and 2 Shapes","floor":42.0,"turns":4.0},{"damage":5.0,"enemies":"3 Darklings","floor":43.0,"turns":4.0},{"damage":83,"enemies":"Giant Head","floor":46,"turns":10},{"damage":5,"enemies":"Transient","floor":47,"turns":5},{"damage":18,"enemies":"Reptomancer","floor":48,"turns":3},{"damage":0,"enemies":"Jaw Worm Horde","floor":49,"turns":4},{"damage":50,"enemies":"IC_BLOCK_ARCHETYPE","floor":50,"turns":2}],"seed_played":"7762130576425343236","potions_obtained":[{"floor":5.0,"key":"EssenceOfSteel"},{"floor":12.0,"key":"Guardian:BlockOnCardUsePotion"},{"floor":15.0,"key":"Fire Potion"}],"is_trial":false,"path_per_floor":["R","?","M","M","?","R","T","E","M","T","?","E","M","$","M","B",null,"R","M","$","M","M","M","T","R","M","M","M","E","M","M","M","B",null,"R","M","M","M","?","$","T","M","M","$","R","E","M","E","M","B"],"character_chosen":"SLIMEBOUND","items_purchased":["Slimebound:LeechingTouch","Thinking Ahead","Slimebound:LeechEnergy"],"campfire_rested":0,"item_purchase_floors":[14,14,20],"current_hp_per_floor":[59,59,59,59,59,59,59,41,33,33,49,22,13,32,38,10,49,49,41,61,62,42,48,48,58,66,76,61,67,75,77,83,78,84,84,73,48,56,56,79,79,73,78,93,93,18,23,15,23,0,0,0],"gold":421,"neow_bonus":"THREE_ENEMY_KILL","is_daily":false,"chose_seed":false,"campfire_upgraded":5,"win_rate":0.0,"timestamp":1613496952,"path_taken":["R","?","M","?","?","R","T","E","M","?","?","E","M","$","M","BOSS","R","M","$","M","M","M","T","R","M","M","M","E","M","M","M","BOSS","R","M","M","M","?","$","T","?","M","$","R","E","M","E","M","BOSS"],"items_purchased_type":["Card","Card","Card"],"build_version":"2020-11-17","purchased_purges":4,"victory":false,"max_hp_per_floor":[65,65,65,65,65,65,65,65,65,65,65,65,65,62,62,62,62,62,62,62,62,62,62,62,72,74,76,78,80,82,84,86,86,86,86,88,90,90,90,92,92,94,96,96,96,96,98,100,100,100,100,100],"card_choices":[{"not_picked":["Slimebound:SlimeBrawl","Slimebound:Nibble"],"picked":"Slimebound:MegaLick","floor":3.0},{"not_picked":["Slimebound:ItLooksTasty","Slimebound:LeechingTouch"],"picked":"Slimebound:SlimeSpikes","floor":4.0},{"not_picked":["Slimebound:GoopTackle","Slimebound:PressTheAttack"],"picked":"Slimebound:MegaLick","floor":5.0},{"not_picked":["Slimebound:SlimeBrawl","Slimebound:GoopSpray"],"picked":"Slimebound:ViciousTackle","floor":8.0},{"not_picked":["Slimebound:DisruptingSlam","Slimebound:FinishingTackle"],"picked":"Slimebound:SplitSpecialist","floor":9.0},{"not_picked":["Slimebound:AcidTongue","Slimebound:ItLooksTasty"],"picked":"Slimebound:WasteNot","floor":12.0},{"not_picked":["Slimebound:BestDefense","Slimebound:LivingWall"],"picked":"Slimebound:Prepare","floor":13.0},{"not_picked":["Slimebound:ForwardTackle","Slimebound:DivideAndConquer","Slimebound:AcidTongue"],"picked":"SKIP","floor":14.0},{"not_picked":["Slimebound:Grow","Slimebound:SlimeBarrage"],"picked":"Slimebound:GoopSpray","floor":15.0},{"not_picked":["Slimebound:HauntingLick","Slimebound:Grow"],"picked":"Slimebound:SlimeSpikes","floor":19.0},{"not_picked":["Slimebound:Schlurp","Slimebound:SplitLeeching"],"picked":"Slimebound:SlimeSpikes+1","floor":20.0},{"not_picked":["Slimebound:SlimeSpikes","Slimebound:PressTheAttack","Slimebound:RollThrough"],"picked":"SKIP","floor":21.0},{"not_picked":["Slimebound:SplitBruiser+1","Slimebound:SplitMire"],"picked":"Slimebound:LeechEnergy","floor":22.0},{"not_picked":["Slimebound:RejuvenatingLick","Slimebound:RallyTheTroops"],"picked":"Slimebound:GoopSpray+1","floor":23.0},{"not_picked":["Slimebound:FinishingTackle","Slimebound:SplitAcid","Slimebound:LivingWall"],"picked":"Singing Bowl","floor":26.0},{"not_picked":["Slimebound:PressTheAttack","Slimebound:SplitLeeching","Slimebound:FlameTackle"],"picked":"Singing Bowl","floor":27.0},{"not_picked":["Slimebound:ItLooksTasty","Slimebound:HauntingLick","Slimebound:FinishingTackle"],"picked":"Singing Bowl","floor":28.0},{"not_picked":["Slimebound:FormOfPuddle","Slimebound:GoopTackle","Slimebound:SplitBruiser+1"],"picked":"Singing Bowl","floor":29.0},{"not_picked":["Slimebound:GoopTackle","Slimebound:ComboTackle+1","Slimebound:SlimeSpikes"],"picked":"Singing Bowl","floor":30.0},{"not_picked":["Slimebound:ItLooksTasty","Slimebound:Schlurp","Slimebound:Nibble"],"picked":"Singing Bowl","floor":31.0},{"not_picked":["Slimebound:RollThrough","Slimebound:SplitAcid","Slimebound:SplitSpecialist"],"picked":"Singing Bowl","floor":32.0},{"not_picked":["Slimebound:MinionMaster","Slimebound:RallyTheTroops"],"picked":"Slimebound:SlimeSlap","floor":33.0},{"not_picked":["Slimebound:AcidTongue+1","Slimebound:SplitMire+1","Slimebound:ProtectTheBoss+1"],"picked":"Singing Bowl","floor":36.0},{"not_picked":["Slimebound:SplitBruiser","Slimebound:Schlurp","Slimebound:GoopSpray"],"picked":"Singing Bowl","floor":37.0},{"not_picked":["Slimebound:DivideAndConquer+1","Slimebound:RejuvenatingLick+1"],"picked":"Slimebound:SlimeSpikes","floor":38.0},{"not_picked":["Slimebound:Dissolve+1","Slimebound:RejuvenatingLick","Slimebound:SlimeTap"],"picked":"Singing Bowl","floor":40.0},{"not_picked":["Slimebound:SplitSpecialist","Slimebound:SlimeSpikes+1","Slimebound:RollThrough+1"],"picked":"Singing Bowl","floor":42.0},{"not_picked":["Slimebound:SlimeBrawl+1","Slimebound:ComboTackle","Slimebound:OozeBath"],"picked":"Singing Bowl","floor":43.0},{"not_picked":["Slimebound:TongueLash+1","Slimebound:Chomp"],"picked":"Slimebound:SamplingLick","floor":46},{"not_picked":["Slimebound:SplitSpecialist+1","Slimebound:SlimeSpikes+1","Slimebound:ComboTackle+1"],"picked":"Singing Bowl","floor":47},{"not_picked":["Slimebound:SplitSpecialist","Slimebound:SplitAcid+1","Slimebound:SplitMire"],"picked":"Singing Bowl","floor":48},{"not_picked":["Slimebound:TongueLash","Slimebound:SplitLeeching+1"],"picked":"Slimebound:GoopSpray+1","floor":49}],"player_experience":344375,"relics_obtained":[{"floor":7.0,"key":"MealTicket"},{"floor":8.0,"key":"Centennial Puzzle"},{"floor":12.0,"key":"Nunchaku"},{"floor":24.0,"key":"Singing Bowl"},{"floor":29.0,"key":"Akabeko"},{"floor":41.0,"key":"Darkstone Periapt"},{"floor":46,"key":"Bronze Scales"},{"floor":46,"key":"Mummified Hand"},{"floor":48,"key":"Slimebound:PreparedRelic"},{"floor":48,"key":"InkBottle"}],"event_choices":[{"damage_healed":16.0,"max_hp_gain":0.0,"max_hp_loss":0.0,"gold_gain":0.0,"event_name":"Mushrooms","player_choice":"Healed and dodged fight","floor":11.0,"gold_loss":0.0,"damage_taken":0.0,"cards_obtained":["Parasite"]}],"is_beta":true,"boss_relics":[{"not_picked":["SlaversCollar","Philosopher\u0027s Stone"],"picked":"Sozu"},{"not_picked":["Velvet Choker","bronze:MakeshiftBattery"],"picked":"Black Star"}],"items_purged_floors":[14,20,40,44],"is_endless":false,"potions_floor_spawned":[5,12,15,23,26,28,29,33,43,46,47,48,49],"killed_by":"IC_BLOCK_ARCHETYPE","ascension_level":6}}