{"host":"j2zti408atcvju3x","time":1613448593,"event":{"mods":["BaseMod","Minty Spire (QoL Compilation)","Quick Restart","StSLib"],"gold_per_floor":[118,129,129,139,64,64,82,94,171,71,81,81,93,93,93],"floor_reached":14,"language":"ZHS","playtime":699,"items_purged":["Strike_R","Strike_R"],"score":84,"play_id":"15c0d827-2894-491f-892b-3f2eb3facd05","local_time":"20210216120953","is_ascension_mode":false,"campfire_choices":[{"data":"Body Slam","floor":6,"key":"SMITH"},{"data":"Bloodletting","floor":12,"key":"SMITH"}],"circlet_count":0,"master_deck":["Strike_R","Strike_R","Defend_R","Defend_R","Defend_R","Defend_R","Bash","Body Slam+1","Bloodletting+1","Metallicize"],"relics":["Burning Blood","Blood Vial","Bottled Flame"],"acts_visited":["Exordium"],"potions_floor_usage":[14],"damage_taken":[{"damage":3,"enemies":"2 Louse","floor":1,"turns":3},{"damage":1,"enemies":"Jaw Worm","floor":2,"turns":5},{"damage":1,"enemies":"Cultist","floor":4,"turns":4},{"damage":0,"enemies":"Looter","floor":7,"turns":3},{"damage":22,"enemies":"Large Slime","floor":8,"turns":10},{"damage":14,"enemies":"2 Fungi Beasts","floor":11,"turns":4},{"damage":10,"enemies":"3 Louse","floor":13,"turns":5},{"damage":105,"enemies":"Lagavulin","floor":14,"turns":17}],"seed_played":"-1097123505676435449","potions_obtained":[{"floor":2,"key":"FairyPotion"},{"floor":7,"key":"DuplicationPotion"},{"floor":13,"key":"BloodPotion"}],"is_trial":false,"path_per_floor":["M","M","?","M","$","R","M","M","T","$","M","R","M","E"],"character_chosen":"IRONCLAD","items_purchased":[],"campfire_rested":0,"item_purchase_floors":[],"current_hp_per_floor":[80,80,80,80,80,80,80,64,64,64,58,58,56,0,0],"gold":93,"neow_bonus":"RANDOM_COMMON_RELIC","is_daily":false,"chose_seed":false,"campfire_upgraded":2,"win_rate":0.0,"timestamp":1613448593,"path_taken":["M","M","?","M","?","R","M","M","T","$","M","R","M","E"],"items_purchased_type":[],"build_version":"2020-12-22","purchased_purges":2,"victory":false,"max_hp_per_floor":[80,80,80,80,80,80,80,80,80,80,80,80,80,80,80],"card_choices":[{"not_picked":["Iron Wave","Twin Strike"],"picked":"Body Slam","floor":1},{"not_picked":["Perfected Strike","True Grit","Rupture"],"picked":"SKIP","floor":2},{"not_picked":["Dark Embrace","Clash","Pommel Strike"],"picked":"SKIP","floor":4},{"not_picked":["Flex","Headbutt"],"picked":"Bloodletting","floor":7},{"not_picked":["Burning Pact","Flex","Feel No Pain"],"picked":"SKIP","floor":8},{"not_picked":["Fire Breathing","Armaments"],"picked":"Metallicize","floor":11},{"not_picked":["Anger","Headbutt","Heavy Blade"],"picked":"SKIP","floor":13}],"player_experience":11001,"relics_obtained":[{"floor":9,"key":"Bottled Flame"}],"event_choices":[{"cards_removed":["Strike_R"],"damage_healed":0,"gold_gain":0,"player_choice":"Forget","damage_taken":0,"max_hp_gain":0,"max_hp_loss":0,"event_name":"Living Wall","floor":3,"gold_loss":0}],"is_beta":false,"boss_relics":[],"items_purged_floors":[5,10],"is_endless":false,"potions_floor_spawned":[2,7,13],"killed_by":"Lagavulin","ascension_level":0}}