{"host":"3j2m8n0ywf988fwb","time":1613505586,"event":{"mods":["2.2 Compatiblity","AchievementEnabler","Act Like it!","BaseMod","Better Altar","Better Match","Better Note","Better Sensory Stone","Better Skull","Better Third Choice","Colored Map","Colored Powertips","Dark Map","Hallownest","HexUI Lib","Highlight Path","Marked Mod","Mimic Mod","Minty Spire (QoL Compilation)","Random Character Button","Relic Stats","Robot Space Explorer","Ruina","Shapeshifter Mod","Shop Mod","Somnambulant","StSLib","The Bug Knight","The Servant 0.9.4","Unceasing Turn Reminder","Weighted Paths","everything is the same but u backflip on backflip"],"gold_per_floor":[415,431,26,44,54,54,54,54],"floor_reached":7,"language":"ENG","playtime":398,"items_purged":["Strike_G"],"score":65,"play_id":"734fd083-9f8d-4003-860c-efce6a4f613e","local_time":"20210216135946","is_ascension_mode":true,"campfire_choices":[{"floor":6,"key":"REST"}],"circlet_count":0,"master_deck":["AscendersBane","Strike_G","Strike_G","Strike_G","Strike_G","Defend_G","Defend_G","Defend_G","Defend_G","Defend_G","Survivor","Neutralize","CurseOfTheBell","Poisoned Stab","PiercingWail","Noxious Fumes","Bane","Bane"],"relics":["Calling Bell","Potion Belt","Question Card","Old Coin","Mummified Hand"],"acts_visited":["Exordium"],"potions_floor_usage":[7],"damage_taken":[{"damage":23,"enemies":"Cultist","floor":1,"turns":7},{"damage":6,"enemies":"Jaw Worm","floor":2,"turns":5},{"damage":4,"enemies":"2 Louse","floor":4,"turns":3},{"damage":29,"enemies":"Gremlin Gang","floor":5,"turns":5},{"damage":25,"enemies":"3 Sentries","floor":7,"turns":6}],"seed_played":"8844231519148029857","potions_obtained":[{"floor":4,"key":"Explosive Potion"}],"is_trial":false,"path_per_floor":["M","M","$","M","M","R","E"],"character_chosen":"THE_SILENT","items_purchased":["Noxious Fumes","Mummified Hand"],"campfire_rested":1,"item_purchase_floors":[3,3],"current_hp_per_floor":[40,34,34,30,1,22,0,0],"gold":54,"neow_bonus":"BOSS_RELIC","is_daily":false,"chose_seed":false,"campfire_upgraded":0,"win_rate":0.0,"timestamp":1613505586,"path_taken":["M","?","$","M","M","R","E"],"items_purchased_type":["Card","Relic"],"build_version":"2020-12-22","purchased_purges":1,"victory":false,"max_hp_per_floor":[70,70,70,70,70,70,70,70],"relic_stats":{"counters":[5,26],"Mummified Hand":[3],"Question Card":4,"obtain_stats":[{"Calling Bell":0,"Potion Belt":0,"Mummified Hand":3,"Question Card":0,"Ring of the Snake":0,"Old Coin":0},{"Calling Bell":0,"Potion Belt":0,"Mummified Hand":2,"Question Card":0,"Ring of the Snake":0,"Old Coin":0},{"Calling Bell":0,"Potion Belt":0,"Mummified Hand":12,"Question Card":0,"Ring of the Snake":0,"Old Coin":0}]},"card_choices":[{"not_picked":["Prepared","Backflip","Acrobatics"],"picked":"Poisoned Stab","floor":1},{"not_picked":["Quick Slash","Endless Agony","Cloak And Dagger"],"picked":"PiercingWail","floor":2},{"not_picked":["Blur","Distraction","Escape Plan"],"picked":"Bane","floor":4},{"not_picked":["Eviscerate","Dagger Spray","Terror"],"picked":"Bane","floor":5}],"player_experience":981665,"relics_obtained":[{"floor":0,"key":"Potion Belt"},{"floor":0,"key":"Question Card"},{"floor":0,"key":"Old Coin"}],"event_choices":[],"is_beta":false,"boss_relics":[],"items_purged_floors":[3],"is_endless":false,"potions_floor_spawned":[4],"killed_by":"3 Sentries","ascension_level":10}}