{"host":"3mt4w4o4jnuk8q1t","time":1613496517,"event":{"mods":["Act Like it!","BaseMod","Colored Map","Colored Powertips","Decade(王小明)","Gensokyo","GungeonMod","Hermit","Jedi Mod","Marisa（F雨　魔理沙）","Minty Spire (QoL Compilation)","Red Circlet Mod","Reimu（博丽灵梦）","Remilia（蕾米莉亚）","Replay The Spire","Robot Space Explorer","RumiaBox-露米娅的神秘盒子","Shop Mod","Spicy Shops","StSLib","TestMod","The Jungle","Waifu the Spire","Yakumo Yukari mod","Youmu（魂魄妖梦）","[IsaacMod]以撒尖塔","【功能Mod】混沌之环修复补丁","【功能Mod】聪明的最终Boss"],"gold_per_floor":[116,116,116,135,64,5,5,5,5,10,28,44,69,80,80,181,181,201,201,451,451,136,117,117,147,147,147,88,87,123,467,480,480,480,480],"floor_reached":34,"language":"ZHS","playtime":5668,"items_purged":[],"score":431,"play_id":"0976ff85-957d-4450-86de-7bfec6e003ac","local_time":"20210217012837","is_ascension_mode":true,"campfire_choices":[{"floor":15,"key":"RECALL"},{"data":"KamenRideAgito","floor":24,"key":"SMITH"},{"data":"AttackRide","floor":27,"key":"SMITH"},{"data":"AttackRide","floor":33,"key":"SMITH"}],"circlet_count":0,"master_deck":["Decade_Attack","Decade_Attack","Decade_Attack","Decade_Attack","KamenRide","Decade_SpecialSkill","Decade_Defend","Decade_Defend","Decade_Defend","Decade_Defend","FormRideGaruru","DragShield","FormRideStorm+1","DenO_Ax","DenO_Rod","KamenRideAgito+1","FormRideDragon","Kuuga_Rising","UnarmedAttack5","AttackRide+1","RideBooker_Skill_3","NMDAZYYGL","DenO_Climax","FormRideFlame+2","DenO_Sword","Regret","FormRideDogga","FormRideDogga+1","UnarmedAttack1","UnarmedAttack4+1","AttackRide+1","RideBooker_Skill_3+1","Blade_Metal+1","RideBooker_Skill_1+1"],"relics":["Decadriver","HushsDoor","testmod-TestBox","YumHeart","testmod-Alchemist","Happy Flower","Gensokyo:OccultBall","Baka2","jedi:ominousloannote","MerchantsRug","Ccalipers","GodSword4","GodSword5","Tea:ReiMu","Bag of Preparation","testmod-NegativeEmotionEnhancer","Toolbox","DemoMod:ClearGuonStone","Anchor","Blue Doll","DemoMod:GlassGuonStoneRelic"],"acts_visited":["Exordium","Gensokyo:Gensokyo","Gensokyo:Gensokyoer"],"potions_floor_usage":[10,11,13,31,31,31],"damage_taken":[{"damage":0,"enemies":"Gensokyo:2_Kodama","floor":1,"turns":5},{"damage":12,"enemies":"Gensokyo:Gryphon","floor":4,"turns":4},{"damage":33,"enemies":"Gensokyo:Cirno","floor":6,"turns":9},{"damage":52,"enemies":"Gensokyo:Python","floor":7,"turns":10},{"damage":18,"enemies":"Gensokyo:3_Kodama","floor":8,"turns":10},{"damage":10,"enemies":"Gensokyo:CorruptedTreant","floor":10,"turns":4},{"damage":34,"enemies":"Gensokyo:Mamizou","floor":11,"turns":9},{"damage":18,"enemies":"Gensokyo:Python_and_Kodama","floor":12,"turns":2},{"damage":12,"enemies":"Gensokyo:Aya","floor":13,"turns":5},{"damage":0,"enemies":"Gensokyo:Kitsune","floor":14,"turns":3},{"damage":3,"enemies":"Gensokyo:Yukari","floor":16,"turns":10},{"damage":3,"enemies":"Gensokyo:AngelMirror","floor":18,"turns":2},{"damage":0,"enemies":"Gensokyo:CosmicMonolith","floor":21,"turns":1},{"damage":0,"enemies":"Gensokyo:Tenshi","floor":23,"turns":4},{"damage":4,"enemies":"Gensokyo:Koishi","floor":25,"turns":4},{"damage":4,"enemies":"DemoMod:4_Bullet_Kins","floor":28,"turns":3},{"damage":0,"enemies":"DemoMod:4_Bullet_Kins_with_one_veteran","floor":29,"turns":2},{"damage":18,"enemies":"DemoMod:Veteran_shot_gun_kin_and_blue_shotgun_kin_with_gunsinger","floor":30,"turns":3},{"damage":81,"enemies":"DemoMod:Red_and_blue_shotgun_kin_with_gunsinger","floor":31,"turns":6},{"damage":0,"enemies":"DemoMod:Veteran_shot_gun_kin_and_red_shotgun_kin_with_gunsinger","floor":32,"turns":2},{"damage":104,"enemies":"DemoMod:ResourcefulRat","floor":34,"turns":5}],"seed_played":"-3842065403662394932","potions_obtained":[{"floor":7,"key":"SteroidPotion"},{"floor":8,"key":"BlessingOfTheForge"},{"floor":11,"key":"Elixir"},{"floor":12,"key":"LifebloodPotion"},{"floor":25,"key":"Reflective Coating"},{"floor":28,"key":"SteroidPotion"},{"floor":30,"key":"Explosive Potion"}],"is_trial":false,"path_per_floor":["M","?","?","M","$","E","M","M","T","M","E","M","E","M","R","B",null,"M","?","?","M","$","E","R","E","T","R","M","M","M","M","M","R","B"],"character_chosen":"Decade","items_purchased":["jedi:ominousloannote","MerchantsRug","FormRideStorm","Ccalipers","DemoMod:GnawedKey","DenO_Ax","Toolbox","DemoMod:ClearGuonStone","FormRideDogga"],"campfire_rested":0,"item_purchase_floors":[5,5,5,5,5,5,22,22,22],"current_hp_per_floor":[77,77,77,65,65,71,44,65,65,55,77,59,47,47,47,53,77,86,71,71,72,72,77,77,74,92,92,91,94,91,92,93,93,0,0],"gold":480,"neow_bonus":"TEN_PERCENT_HP_BONUS","is_daily":false,"chose_seed":false,"campfire_upgraded":3,"win_rate":0.0,"timestamp":1613496517,"path_taken":["M","?","?","?","?","E","M","?","T","M","E","M","E","?","R","BOSS","M","?","?","M","$","E","R","E","T","R","M","M","M","M","M","R","BOSS"],"items_purchased_type":["Relic","Relic","Card","Relic","Relic","Card","Relic","Relic","Card"],"build_version":"2020-12-22","purchased_purges":0,"victory":false,"max_hp_per_floor":[77,77,77,77,77,77,77,77,77,77,77,77,77,77,77,77,77,86,86,86,87,87,91,91,92,92,92,93,94,91,92,93,93,93,93],"card_choices":[{"not_picked":["Blade_Beat","FormRideTitan"],"picked":"AttackRide","floor":1},{"not_picked":["UnarmedAttack5","UnarmedAttack6"],"picked":"UnarmedAttack1","floor":1},{"not_picked":["Decade_Dash1","KamenRideDecade"],"picked":"FormRideGaruru","floor":4},{"not_picked":["Blade_Kick","Hibiki_Attack2"],"picked":"DragShield","floor":4},{"not_picked":["DragClaw","RideBooker"],"picked":"DenO_Rod","floor":6},{"not_picked":["Blade_Beat","Decade_Dash2"],"picked":"KamenRideAgito","floor":7},{"not_picked":["Hibiki_Attack2","DenO_Rod","DenO_Gun"],"picked":"SKIP","floor":7},{"not_picked":["Blade_Mach","Decade_Defend2"],"picked":"FormRideDragon","floor":8},{"not_picked":["RideBooker_Skill_1","FormRidePegasus"],"picked":"Kuuga_Rising","floor":10},{"not_picked":["UnarmedAttack3","Kiva_Frozen"],"picked":"UnarmedAttack5","floor":10},{"not_picked":["Kiva_Frozen","Decade_Defend2","UnarmedAttack3"],"picked":"SKIP","floor":11},{"not_picked":["DenO_Rod","AutoVajin","Decade_Dash1"],"picked":"SKIP","floor":12},{"not_picked":["Blade_Slash","DragShield","FormRidePegasus"],"picked":"SKIP","floor":12},{"not_picked":["RideBooker_Skill_1","DenO_Gun"],"picked":"AttackRide","floor":13},{"not_picked":["Hibiki_Attack3","UnarmedAttack9","Hibiki_Attack2"],"picked":"SKIP","floor":13},{"not_picked":["Blade_Beat","DenO_Rod"],"picked":"RideBooker_Skill_3","floor":14},{"not_picked":["FormRideAxel","Kiva_Eat"],"picked":"NMDAZYYGL","floor":16},{"not_picked":["FormRideAxel","TimeVent"],"picked":"DenO_Climax","floor":16},{"not_picked":["AttackRide","Blade_Mach+1"],"picked":"FormRideFlame+1","floor":18},{"not_picked":["DenO_Ax","Hibiki_Attack1","Hibiki_Attack3"],"picked":"SKIP","floor":18},{"not_picked":["Blade_Slash","FormRideDragon+1"],"picked":"DenO_Sword","floor":21},{"not_picked":["DenO_Sword","AutoVajin","FormRideDragon"],"picked":"SKIP","floor":23},{"not_picked":["Decade_Illusion+1","FormRideDogga+1","Decade_Dash1"],"picked":"SKIP","floor":28},{"not_picked":["DragClaw","Hibiki_Attack2","Decade_Defend2+1"],"picked":"SKIP","floor":28},{"not_picked":["Decade_Dash1+1","Kabuto_ClockUp","Kuuga_GouramAttack+1"],"picked":"SKIP","floor":29},{"not_picked":["UnarmedAttack3","AutoVajin","Kiva_Frozen"],"picked":"SKIP","floor":29},{"not_picked":["Decade_Dash1","AutoVajin+1"],"picked":"UnarmedAttack1","floor":31},{"not_picked":["KamenRideKuuga+1","UnarmedAttack7+1"],"picked":"UnarmedAttack4+1","floor":31},{"not_picked":["PhotonAcceleration+1","UnarmedAttack6"],"picked":"AttackRide","floor":32},{"not_picked":["FormRideFlame+1","KamenRideKuuga+1"],"picked":"RideBooker_Skill_3+1","floor":32},{"not_picked":["FormRideDragon","Kuuga_GouramAttack"],"picked":"Blade_Metal+1","floor":32},{"not_picked":["MirrorWorld","KamenRideKiva"],"picked":"RideBooker_Skill_1+1","floor":32}],"player_experience":214670,"relics_obtained":[{"floor":1,"key":"Baka"},{"floor":4,"key":"Baka2"},{"floor":6,"key":"RuthlessExorcism:ReiMu"},{"floor":7,"key":"GodSword4"},{"floor":8,"key":"GodSword5"},{"floor":11,"key":"Tea:ReiMu"},{"floor":13,"key":"Gensokyo:OccultBall"},{"floor":13,"key":"Bag of Preparation"},{"floor":16,"key":"Gensokyo:OccultBall"},{"floor":23,"key":"Anchor"},{"floor":25,"key":"Blue Doll"}],"event_choices":[],"is_beta":false,"boss_relics":[{"not_picked":["Sozu","Replay:Grab Bag"],"picked":"testmod-NegativeEmotionEnhancer"},{"not_picked":[]}],"items_purged_floors":[],"is_endless":false,"potions_floor_spawned":[7,8,11,12,16,25,28,30],"killed_by":"DemoMod:ResourcefulRat","ascension_level":1}}