{"host":"v9yiptmoyyuggqjj","time":1613455862,"event":{"mods":["AchievementEnabler","BaseMod","BetterRewards","Card Forge","Colored Map","Colored Powertips","DeckTracker","Highlight Path","Infinite Spire","Minty Spire (QoL Compilation)","Quick Restart","Shop Mod","StSLib","Swap Starting Deck Mod"],"gold_per_floor":[118,130,143,158,175,210,210,210,210],"floor_reached":8,"language":"ENG","playtime":451,"items_purged":[],"score":137,"play_id":"8a24c241-7049-411d-a65c-c6be3d475c19","local_time":"20210215231102","is_ascension_mode":true,"campfire_choices":[{"data":"Chill","floor":7,"key":"SMITH"}],"circlet_count":0,"master_deck":["Blizzard","Blizzard","Blizzard","Blizzard","Blizzard","Chill+1","Coolheaded","Coolheaded","Coolheaded","Coolheaded","Redo","Loop"],"relics":["Cracked Core","Hammer of Thor","Seething Fire","Anvil of the Gods","swapstartingdeckmod:Bellows","Ancient Tea Set"],"acts_visited":["Exordium"],"potions_floor_usage":[8],"damage_taken":[{"damage":0,"enemies":"Small Slimes","floor":1,"turns":3},{"damage":10,"enemies":"2 Louse","floor":2,"turns":3},{"damage":6,"enemies":"Jaw Worm","floor":3,"turns":4},{"damage":2,"enemies":"3 Louse","floor":4,"turns":2},{"damage":2,"enemies":"2 Fungi Beasts","floor":5,"turns":3},{"damage":14,"enemies":"3 Sentries","floor":6,"turns":3},{"damage":21,"enemies":"Gremlin Nob","floor":8,"turns":5}],"seed_played":"4393905642509567552","potions_obtained":[{"floor":2,"key":"Strength Potion"},{"floor":3,"key":"Strength Potion"},{"floor":6,"key":"LiquidBronze"}],"is_trial":false,"path_per_floor":["M","M","M","M","M","E","R","E"],"character_chosen":"DEFECT","items_purchased":[],"campfire_rested":0,"item_purchase_floors":[],"current_hp_per_floor":[68,58,52,50,48,34,34,13,13],"gold":210,"neow_bonus":"","is_daily":false,"chose_seed":false,"campfire_upgraded":1,"win_rate":0.0,"timestamp":1613455862,"path_taken":["M","M","M","M","M","E","R","E"],"items_purchased_type":[],"build_version":"2020-12-22","purchased_purges":0,"victory":false,"max_hp_per_floor":[75,75,75,75,75,75,75,75,75],"card_choices":[{"not_picked":["Leap","Conserve Battery","Hologram"],"picked":"SKIP","floor":1},{"not_picked":["Coolheaded","Leap"],"picked":"Redo","floor":2},{"not_picked":["Leap","Rebound","Coolheaded"],"picked":"SKIP","floor":3},{"not_picked":["Conserve Battery","Beam Cell"],"picked":"Loop","floor":4},{"not_picked":["Go for the Eyes","Beam Cell","Seek"],"picked":"SKIP","floor":5},{"not_picked":["Stack","Barrage","Conserve Battery"],"picked":"SKIP","floor":6}],"player_experience":595329,"relics_obtained":[{"floor":6,"key":"Ancient Tea Set"}],"event_choices":[],"is_beta":false,"boss_relics":[],"items_purged_floors":[],"is_endless":false,"potions_floor_spawned":[2,3,6],"killed_by":"Gremlin Nob","ascension_level":9}}