{"host":"ggy1mjjy92c62u6a","time":1613452179,"event":{"mods":["10 clothes from DAL","ATMod(∞¢Ë™Mod)","Act Like it!","BaseMod","Colored Powertips","GifTheSpireLib","Infinite Spire","Library of Ruina","Library of Ruina Extra","Lobotomy","LobotomyExtend","Minty Spire (QoL Compilation)","Quick Restart","Relic Filter Mod","Relic Stats","Reliquary","Replay The Spire","Shop Mod","Spicy Shops","StSLib","SuperFastMode","TestMod","°æπ¶ƒ‹Mod°øªÏ„Á÷Æª∑–ﬁ∏¥≤π∂°","°æ“≈ŒÔMod°øÀ¿¡È∑® ¶NEW","°æ“≈ŒÔø®≈∆°øREMEMod"],"gold_per_floor":[279,279,296,6,6,6,36,36,118,129,129,129,129,150,150,281,281,281,18,39,39,138,138,163,199,199,213,213,229,267,292,292,522,522,537,611,611,611,611],"floor_reached":38,"language":"ZHS","playtime":1479,"items_purged":[],"score":600,"play_id":"c3fc2214-27c7-4ee6-8b33-c3a30a704788","local_time":"20210216130939","is_ascension_mode":true,"campfire_choices":[{"data":"infinitespire:Punishment","floor":6.0,"key":"SMITH"},{"data":"Bone_Shift","floor":8.0,"key":"SMITH"},{"data":"Bone_Spikes","floor":11.0,"key":"SMITH"},{"data":"Bone_Wall","floor":15.0,"key":"SMITH"},{"data":"Detonate_Bones","floor":23.0,"key":"SMITH"},{"data":"Bone_Armory","floor":28.0,"key":"SMITH"},{"floor":32.0,"key":"REST"}],"circlet_count":0,"master_deck":["Strike_W","Strike_W","Bone_Spikes+1","Bone_Spikes","Defend_W","Defend_W","Bone_Armor","Bone_Wall+1","AT_PowerWithin","Bone_Shift+1","infinitespire:Punishment+1","Strike_W","Injury","Detonate_Bones+1","Creater_Tree+1","Summon_Vampire_Lady","Bone_Armory+1","Bone_Armor","Thousand_Bone_Knives","Grasp_Heart","Spectral_Walk","ReplayTheSpireMod:Splinters","Paverschlev"],"relics":["Vampire_Amulet","REME_ComplimentaryCards","AT_ATBox","testmod-TestBox","CogitoBucket","testmod-Register","LetterFromLob","AT_BladeRuinedKing","AT_PhaseBoots","REME_IWantAll","ReplayTheSpireMod:Shallot","Golden Idol","ReplayTheSpireMod:Onyx Gauntlets","Pen Nib","AT_Manta","infinitespire:Bottled Soul","AT_TheCollector","reliquary:WritOfMandamus","Snack Pack"],"acts_visited":["Exordium","TheCity","TheBeyond"],"potions_floor_usage":[],"damage_taken":[{"damage":1.0,"enemies":"2 Louse","floor":1.0,"turns":2.0},{"damage":8.0,"enemies":"Jaw Worm","floor":3.0,"turns":2.0},{"damage":5.0,"enemies":"Gremlin Nob","floor":7.0,"turns":2.0},{"damage":2.0,"enemies":"Small Slimes","floor":10.0,"turns":1.0},{"damage":0.0,"enemies":"3 Louse","floor":14.0,"turns":2.0},{"damage":21.0,"enemies":"Hexaghost","floor":16.0,"turns":3.0},{"damage":0.0,"enemies":"Spheric Guardian","floor":20.0,"turns":2.0},{"damage":0.0,"enemies":"3 Byrds","floor":24.0,"turns":3.0},{"damage":7.0,"enemies":"Replay:Snechameleon","floor":25.0,"turns":4.0},{"damage":1.0,"enemies":"Snake Plant","floor":27.0,"turns":2.0},{"damage":3.0,"enemies":"3 Cultists","floor":29.0,"turns":3.0},{"damage":14.0,"enemies":"Book of Stabbing","floor":30.0,"turns":3.0},{"damage":24.0,"enemies":"Centurion and Healer","floor":31.0,"turns":2.0},{"damage":13.0,"enemies":"KingOfGreed","floor":33.0,"turns":5.0},{"damage":20.0,"enemies":"3 Shapes","floor":35.0,"turns":2.0},{"damage":11,"enemies":"infinitespire:Three Voidlings","floor":38,"turns":2},{"damage":49,"enemies":"Nightmare_Alpha","floor":38,"turns":3}],"seed_played":"1537454693449548813","potions_obtained":[{"floor":1.0,"key":"Strength Potion"},{"floor":14.0,"key":"FearPotion"},{"floor":24.0,"key":"Weak Potion"},{"floor":36,"key":"Reflective Coating"}],"is_trial":false,"path_per_floor":["M","?","M","$","?","R","E","R","T","M","R","?","?","M","R","B",null,"M","$","M","$","?","R","M","E","T","M","R","M","E","M","R","B",null,"M","?","?","?"],"character_chosen":"NECROMANCER","items_purchased":["AT_BladeRuinedKing","AT_SpeedBoots","Pen Nib","Creater_Tree+1"],"campfire_rested":1,"item_purchase_floors":[4,4,19,19],"current_hp_per_floor":[74,75,67,67,48,48,43,43,43,41,41,41,41,41,41,20,61,61,61,61,61,61,61,67,68,68,70,70,67,64,40,62,58,71,51,51,51,0,0],"gold":611,"neow_bonus":"","is_daily":false,"chose_seed":false,"campfire_upgraded":6,"win_rate":0.0,"timestamp":1613452179,"path_taken":["M","?","M","$","?","R","E","R","T","M","R","?","?","M","R","BOSS","M","$","M","$","?","R","M","E","T","M","R","M","E","M","R","BOSS","M","?","?","?"],"items_purchased_type":["Relic","Relic","Relic","Card"],"build_version":"2020-12-22","purchased_purges":0,"victory":false,"max_hp_per_floor":[75,75,75,75,75,75,75,75,75,75,75,75,75,75,75,75,75,75,75,75,75,75,75,75,75,75,75,75,75,75,75,75,75,75,75,75,75,75,75],"relic_stats":{"counters":[19,45],"Golden Idol":139,"Pen Nib":[4],"obtain_stats":[{"AT_ATBox":0,"testmod-TestBox":0,"AT_Manta":25,"testmod-Register":0,"Golden Idol":13,"AT_BladeRuinedKing":4,"Pen Nib":19,"AT_PhaseBoots":38,"REME_IWantAll":7,"CogitoBucket":0,"AT_SpeedBoots":4,"ReplayTheSpireMod:Shallot":9,"infinitespire:Bottled Soul":26,"AT_TheCollector":30,"Vampire_Amulet":0,"LetterFromLob":1,"Snack Pack":36,"ReplayTheSpireMod:Onyx Gauntlets":17,"reliquary:WritOfMandamus":34,"REME_ComplimentaryCards":0},{"AT_ATBox":0,"testmod-TestBox":0,"AT_Manta":10,"testmod-Register":0,"Golden Idol":4,"AT_BladeRuinedKing":2,"Pen Nib":6,"AT_PhaseBoots":19,"REME_IWantAll":3,"CogitoBucket":0,"AT_SpeedBoots":2,"ReplayTheSpireMod:Shallot":3,"infinitespire:Bottled Soul":10,"AT_TheCollector":13,"Vampire_Amulet":0,"LetterFromLob":1,"Snack Pack":17,"ReplayTheSpireMod:Onyx Gauntlets":6,"reliquary:WritOfMandamus":16,"REME_ComplimentaryCards":0},{"AT_ATBox":0,"testmod-TestBox":0,"AT_Manta":22,"testmod-Register":0,"Golden Idol":7,"AT_BladeRuinedKing":4,"Pen Nib":12,"AT_PhaseBoots":44,"REME_IWantAll":6,"CogitoBucket":0,"AT_SpeedBoots":4,"ReplayTheSpireMod:Shallot":6,"infinitespire:Bottled Soul":22,"AT_TheCollector":30,"Vampire_Amulet":0,"LetterFromLob":2,"Snack Pack":40,"ReplayTheSpireMod:Onyx Gauntlets":12,"reliquary:WritOfMandamus":38,"REME_ComplimentaryCards":0}]},"card_choices":[{"not_picked":["Vampiric_Strike","Negative_Energy_Sphere"],"picked":"Bone_Shift","floor":1.0},{"not_picked":["Negative_Energy_Burst","Blood_Shield","Toxic_Smoke_Screen"],"picked":"SKIP","floor":3.0},{"not_picked":["infinitespire:Menacing","infinitespire:SealOfDarkness+"],"picked":"infinitespire:Punishment","floor":5.0},{"not_picked":["Blood_Shield","Toxic_Smoke_Screen","PosionRing"],"picked":"SKIP","floor":7.0},{"not_picked":["Plague_Bolt","Scare","Slay_Living"],"picked":"SKIP","floor":10.0},{"not_picked":["Hellfire","Violent_Necrosis"],"picked":"Detonate_Bones","floor":14.0},{"not_picked":["Blood_Curse+1","Negative_Energy_Sphere"],"picked":"Summon_Vampire_Lady","floor":20.0},{"not_picked":["Bone_Spikes","Summon_Undead_Army"],"picked":"Bone_Armory","floor":24.0},{"not_picked":["Life_Drain","Spectral_Walk+1"],"picked":"Bone_Armor","floor":25.0},{"not_picked":["Summon_Undead_Army","finger_Of_Death","Life_Drain"],"picked":"SKIP","floor":27.0},{"not_picked":["Blood_Whip+1","Scare","Summon_Undead_Army+1"],"picked":"SKIP","floor":29.0},{"not_picked":["Blood_Is_Power+1","Posionadd+1","Necrotic_Claws"],"picked":"SKIP","floor":30.0},{"not_picked":["Acid_Javelin","PosionWeak"],"picked":"Thousand_Bone_Knives","floor":31.0},{"not_picked":["Time_Jump","Epidemicn"],"picked":"Grasp_Heart","floor":33.0},{"not_picked":["PosionWeak","PosionWeak"],"picked":"Spectral_Walk","floor":35.0},{"not_picked":["ReplayTheSpireMod:Necrogeddon","testmod-HandmadeProducts"],"picked":"Paverschlev","floor":37}],"player_experience":140989,"relics_obtained":[{"floor":1.0,"key":"LetterFromLob"},{"floor":7.0,"key":"REME_IWantAll"},{"floor":9.0,"key":"ReplayTheSpireMod:Shallot"},{"floor":25.0,"key":"AT_Manta"},{"floor":26.0,"key":"infinitespire:Bottled Soul"},{"floor":30.0,"key":"AT_TheCollector"},{"floor":36,"key":"Snack Pack"}],"event_choices":[{"damage_healed":0.0,"max_hp_gain":0.0,"max_hp_loss":0.0,"gold_gain":0.0,"event_name":"Golden Idol","player_choice":"Take Wound","floor":13.0,"gold_loss":0.0,"damage_taken":0.0,"relics_obtained":["Golden Idol"],"cards_obtained":["Injury"]},{"damage_healed":0.0,"max_hp_gain":0.0,"max_hp_loss":0.0,"gold_gain":99.0,"event_name":"Nest","player_choice":"Stole From Cult","floor":22.0,"gold_loss":0.0,"damage_taken":0.0},{"damage_healed":0,"gold_gain":0,"player_choice":"Memory 1","damage_taken":0,"max_hp_gain":0,"max_hp_loss":0,"event_name":"SensoryStone","floor":37,"gold_loss":0}],"is_beta":false,"boss_relics":[{"not_picked":["Replay:Drink Me","Philosopher\u0027s Stone"],"picked":"ReplayTheSpireMod:Onyx Gauntlets"},{"not_picked":["REME_DuelDisc","Empty Cage"],"picked":"reliquary:WritOfMandamus"}],"items_purged_floors":[],"is_endless":false,"potions_floor_spawned":[1,14,16,24,27,29,38],"killed_by":"Nightmare_Alpha","ascension_level":5}}