{"host":"kg3sujd0l7l0va61","time":1613475143,"event":{"mods":["ATMod(阿瑾Mod)","AchievementEnabler","Aspiration","BaseMod","BetterRewards","Challenge The Spire","Colored Powertips","Custom Start","Decade(王小明)","Displayed Cursed Tome","GifTheSpireLib","Hermit","Infinite Spire","KinomotoSakuraMod(木之本樱)","Koishi","KomeijiMod","Marisa（F雨　魔理沙）","Marked Mod","Minty Spire (QoL Compilation)","MostiFishMod","Prisma Mod","Quick Restart","Replay The Spire","RumiaBox-露米娅的神秘盒子","StSLib","The Jungle","Waifu the Spire","WarShipGirlsR/战舰少女R mod"],"gold_per_floor":[119,135,135,135,151,177,177,205,273,273,307,327,345,358,358,463,463,475,475,492,506,516,550,562,562,642,656,148,174,187,42,42,140,140,150,150,150,150,250,281,298,326,326,326,326,357,368,393,393,393],"floor_reached":51,"language":"ZHS","playtime":1835,"items_purged":["Consume","Consume","Ball Lightning"],"score":1565,"play_id":"376d17c8-1c2f-4737-946b-ae17b85e3335","local_time":"20210216193223","is_ascension_mode":true,"campfire_choices":[{"data":"AT_FamilyPortrait","floor":7,"key":"SMITH"},{"data":"Heatsinks","floor":7,"key":"SMITH"},{"data":"AT_StudyProgram","floor":10,"key":"SMITH"},{"data":"Zap","floor":10,"key":"SMITH"},{"data":"MostiFishMod:LinkProtocol","floor":15,"key":"SMITH"},{"data":"Recycle","floor":15,"key":"SMITH"},{"data":"MostiFishMod:Hijack","floor":25,"key":"SMITH"},{"data":"MostiFishMod:StarOceanB","floor":25,"key":"SMITH"},{"data":"MostiFishMod:Nova","floor":32,"key":"SMITH"},{"data":"Hologram","floor":32,"key":"SMITH"},{"data":"Turbo","floor":44,"key":"SMITH"},{"data":"Double Energy","floor":44,"key":"SMITH"}],"circlet_count":0,"master_deck":["Zap+1","Dualcast","AT_FamilyPortrait+1","Flash of Steel","Heatsinks+1","Recycle+1","AT_StudyProgram+1","Gash","Defragment+1","MostiFishMod:LinkProtocol+1","Heatsinks+1","AT_ThunderBolt+1","Gash","MostiFishMod:StarOceanB+1","Leap","AT_ThreeBodyProblem+1","Defragment+1","Crystallizer+1","Hologram+1","MostiFishMod:Hijack+1","Creative AI+1","Panic Button","Capacitor+1","Hello World+1","MostiFishMod:Nova+1","Metamorphosis","Loop+1","MostiFishMod:IntelligentEquipment+1","Capacitor+1","Thunder Strike","Storm+1","Turbo+1","ReplayTheSpireMod:Calculation Training+1","Amplify","MostiFishMod:PushDownKick","Aggregate+1","Double Energy+1","AT_HeatAcrobatics+1","AT_ThunderBolt+1","Aggregate","AT_RobotInSpace+1","MostiFishMod:LinkProtocol"],"relics":["Cracked Core","DaveBox","BirthdayGift-Icosahedron","Replay:Arrowhead","aspiration:EnhancedActuators","Bird Faced Urn","RhineFirstAidKit","SynthV:TestCard","aspiration:BabyByrd","Frozen Egg 2","MagicDraw4","Question Card","Solar Panel","Pandora\u0027s Box","AT_EbonyIvory","MagicDraw2","SynthV","AT_SpeedBoots","MealTicket","DiscerningMonocle","infinitespire:Lucky Rock","Juzu Bracelet","aspiration:RandomNobGenerator","GodSword7","Matryoshka","Orrery","Quantum Egg","Thread and Needle","Potion Belt","aspiration:TomeofQuesting","ClockworkSouvenir","aspiration:HiddenCompartment","ReplayFunnel","Replay:Towering Pillar of Hats","Omamori"],"acts_visited":["Exordium","Exordium","TheBeyond"],"potions_floor_usage":[50,50],"damage_taken":[{"damage":0,"enemies":"Small Slimes","floor":1,"turns":1},{"damage":0,"enemies":"Jaw Worm","floor":2,"turns":2},{"damage":0,"enemies":"Cultist","floor":5,"turns":2},{"damage":0,"enemies":"Lagavulin","floor":6,"turns":3},{"damage":0,"enemies":"3 Sentries","floor":8,"turns":2},{"damage":0,"enemies":"Gremlin Nob","floor":11,"turns":3},{"damage":0,"enemies":"Red Slaver","floor":12,"turns":1},{"damage":10,"enemies":"Gremlin Gang","floor":13,"turns":1},{"damage":0,"enemies":"Large Slime","floor":14,"turns":1},{"damage":0,"enemies":"Fading Forest","floor":16,"turns":4},{"damage":0,"enemies":"theJungle:MUSHROOMGANG","floor":18,"turns":1},{"damage":0,"enemies":"theJungle:5_Spyders","floor":20,"turns":2},{"damage":0,"enemies":"theJungle:JungleHuntersEncounter","floor":21,"turns":1},{"damage":0,"enemies":"Snake Plant","floor":22,"turns":1},{"damage":0,"enemies":"theJungle:Cassacara","floor":23,"turns":2},{"damage":0,"enemies":"theJungle:2_Snecko_Cultists","floor":24,"turns":1},{"damage":0,"enemies":"theJungle:Lyon","floor":27,"turns":1},{"damage":0,"enemies":"theJungle:2_Phrogs","floor":29,"turns":1},{"damage":0,"enemies":"theJungle:Snecko_Cultist_And_Trap","floor":30,"turns":2},{"damage":9,"enemies":"theJungle:FunGuy","floor":33,"turns":3},{"damage":0,"enemies":"3 Shapes","floor":35,"turns":1},{"damage":0,"enemies":"R_Hoarder","floor":40,"turns":2},{"damage":0,"enemies":"Orb Walker","floor":41,"turns":1},{"damage":0,"enemies":"Reptomancer","floor":42,"turns":2},{"damage":0,"enemies":"R_Hoarder","floor":46,"turns":2},{"damage":0,"enemies":"Writhing Mass","floor":47,"turns":1},{"damage":0,"enemies":"Nemesis","floor":48,"turns":1},{"damage":0,"enemies":"infinitespire:MassOfShapes","floor":50,"turns":1}],"seed_played":"8114655251350189006","potions_obtained":[{"floor":1,"key":"Weak Potion"},{"floor":2,"key":"Explosive Potion"},{"floor":12,"key":"Adrenaline Potion"},{"floor":20,"key":"SkillPotion"},{"floor":21,"key":"CalmPotion"},{"floor":33,"key":"Energy Potion"}],"is_trial":false,"path_per_floor":["M","M","?","?","M","E","R","E","T","R","E","M","M","M","R","B",null,"M","?","M","M","M","E","M","R","T","M","$","E","M","$","R","B",null,"M","$","?","?","?","E","M","E","T","R","$","E","M","E","R","B",null],"character_chosen":"DEFECT","items_purchased":["Flash of Steel","Heatsinks","Hello World+1","MostiFishMod:Nova","SynthV","AT_SpeedBoots","DiscerningMonocle","infinitespire:Lucky Rock","Juzu Bracelet","Metamorphosis","Loop+1","GodSword7","Matryoshka","Orrery","Amplify","MostiFishMod:PushDownKick","ClockworkSouvenir","aspiration:HiddenCompartment","ReplayFunnel","AT_ThunderBolt+1","Aggregate"],"campfire_rested":0,"item_purchase_floors":[0,0,28,28,28,28,31,31,31,31,31,36,36,36,36,36,45,45,45,45,45],"current_hp_per_floor":[43,52,52,45,56,70,70,70,70,70,70,70,65,70,70,70,70,70,70,70,70,70,70,70,70,70,70,70,70,70,70,70,70,70,70,70,70,70,70,70,70,70,70,70,70,70,70,70,70,70],"gold":393,"neow_bonus":"","is_daily":false,"chose_seed":false,"campfire_upgraded":12,"win_rate":0.0,"timestamp":1613475143,"path_taken":["M","M","?","?","M","E","R","E","T","R","E","M","M","M","R","BOSS","M","?","?","M","M","E","M","R","T","M","?","E","M","$","R","BOSS","M","$","?","?","?","E","M","E","T","R","$","E","M","E","R","BOSS"],"items_purchased_type":["Card","Card","Card","Card","Relic","Relic","Relic","Relic","Relic","Card","Card","Relic","Relic","Relic","Card","Card","Relic","Relic","Relic","Card","Card"],"build_version":"2020-12-22","purchased_purges":3,"victory":true,"max_hp_per_floor":[70,70,70,70,70,70,70,70,70,70,70,70,70,70,70,70,70,70,70,70,70,70,70,70,70,70,70,70,70,70,70,70,70,70,70,70,70,70,70,70,70,70,70,70,70,70,70,70,70,70],"card_choices":[{"not_picked":["BasicCrystalCard","Conserve Battery"],"picked":"Recycle","floor":1},{"not_picked":["Tempest","Rebound","Self Repair","Barrage","Leap"],"picked":"SKIP","floor":2},{"not_picked":["Conserve Battery","Rebound","ReplayTheSpireMod:System Scan","Stack"],"picked":"AT_StudyProgram","floor":5},{"not_picked":["Stack","Fusion","Steam","Go for the Eyes"],"picked":"Gash","floor":6},{"not_picked":["Streamline","Redo","MostiFishMod:Overload","Genetic Algorithm"],"picked":"Defragment+1","floor":8},{"not_picked":["Turbo","Hologram","Redo","Blizzard","Cold Snap"],"picked":"MostiFishMod:LinkProtocol","floor":11},{"not_picked":["Beam Cell","Turbo","Barrage","Stack","Ball Lightning"],"picked":"Heatsinks+1","floor":12},{"not_picked":["BasicCrystalCard","Stack","MostiFishMod:GatherIntelligence","Rip and Tear","Steam"],"picked":"AT_ThunderBolt+1","floor":13},{"not_picked":["Sweeping Beam","Leap","MostiFishMod:PushDownKick","Redo","AT_HeatAcrobatics"],"picked":"Gash","floor":14},{"not_picked":["Buffer+1","MostiFishMod:Culaccino","Rainbow","MostiFishMod:Prepare+1","Core Surge"],"picked":"MostiFishMod:StarOceanB","floor":16},{"not_picked":["Barrage+1","AT_HeatAcrobatics","Sweeping Beam","Turbo","Hologram"],"picked":"Consume","floor":18},{"not_picked":["Undo","Redo+1","Steam+1","BasicCrystalCard","Auto Shields+1","Conserve Battery"],"picked":"SKIP","floor":20},{"not_picked":["Gash+1","Reinforced Body","Chaos","AT_ThunderBolt+1","AT_HeatAcrobatics"],"picked":"Hologram","floor":21},{"not_picked":["Ball Lightning","MostiFishMod:Impulse","AT_HeatAcrobatics","Beam Cell","Streamline"],"picked":"MostiFishMod:Hijack","floor":22},{"not_picked":["BasicCrystalCard","Leap","AT_HeatAcrobatics","Fusion","Barrage"],"picked":"Creative AI+1","floor":23},{"not_picked":["Steam","Doom and Gloom","Conserve Battery","Barrage","Steam Power"],"picked":"Panic Button","floor":24},{"not_picked":["MostiFishMod:PushDownKick","Gash","Panic Button+1","ReplaySort","BasicCrystalCard+1"],"picked":"Capacitor+1","floor":27},{"not_picked":["Leap","Conserve Battery","Hello World+1","Hologram+1","Barrage"],"picked":"MostiFishMod:TalkingToTheRain+1","floor":29},{"not_picked":["Streamline+1","Rebound+1","Steam Power+1","Sweeping Beam","Ball Lightning","BasicCrystalCard+1"],"picked":"SKIP","floor":30},{"not_picked":["MostiFishMod:StrandedSiren+1","MostiFishMod:Prepare+1","MostiFishMod:Hijack","Amplify","MostiFishMod:StarOceanB"],"picked":"MostiFishMod:IntelligentEquipment+1","floor":33},{"not_picked":["Recycle+1","Barrage","Compile Driver","BasicCrystalCard+1","MostiFishMod:GatherIntelligence+1"],"picked":"Capacitor+1","floor":35},{"not_picked":["Scrape+1","Compile Driver+1","Go for the Eyes+1","Ball Lightning","Reprogram"],"picked":"Thunder Strike","floor":36},{"not_picked":["ReplaySort+1","Leap","Conserve Battery+1","BootSequence+1","Hologram"],"picked":"Storm+1","floor":36},{"not_picked":["ReplayGash+1","Coolheaded","Sweeping Beam","AT_DarkMatter+1","Rebound+1"],"picked":"Turbo","floor":36},{"not_picked":["Doom and Gloom","Leap+1","MostiFishMod:ActiveDefenseSystem+1","Streamline+1","Cold Snap"],"picked":"ReplayTheSpireMod:Calculation Training+1","floor":36},{"not_picked":["MostiFishMod:GatherIntelligence","Leap+1","Barrage+1","Go for the Eyes+1","Chill"],"picked":"Aggregate+1","floor":40},{"not_picked":["Steam Power","Steam","Streamline+1","Chill","Fusion+1"],"picked":"Double Energy","floor":41},{"not_picked":["MostiFishMod:PushDownKick+1","Cold Snap+1","Machine Learning+1","Reinforced Body+1","ReplayTheSpireMod:System Scan"],"picked":"AT_HeatAcrobatics+1","floor":42},{"not_picked":["Go for the Eyes+1","Cold Snap","Static Discharge+1","Fusion","Beam Cell+1","Barrage"],"picked":"SKIP","floor":46},{"not_picked":["Rebound","Beam Cell","Panic Button","MostiFishMod:FluxCapactior","Turbo+1"],"picked":"AT_RobotInSpace+1","floor":47},{"not_picked":["ReplayRNGCard","Turbo","Go for the Eyes+1","MostiFishMod:PushDownKick+1","Stack","Gash+1"],"picked":"SKIP","floor":48}],"player_experience":68894,"relics_obtained":[{"floor":1,"key":"SynthV:TestCard"},{"floor":6,"key":"Frozen Egg 2"},{"floor":8,"key":"MagicDraw4"},{"floor":9,"key":"Question Card"},{"floor":11,"key":"Solar Panel"},{"floor":23,"key":"AT_EbonyIvory"},{"floor":26,"key":"MagicDraw2"},{"floor":29,"key":"MealTicket"},{"floor":40,"key":"Quantum Egg"},{"floor":42,"key":"Thread and Needle"},{"floor":43,"key":"Potion Belt"},{"floor":43,"key":"aspiration:TomeofQuesting"},{"floor":46,"key":"Replay:Towering Pillar of Hats"},{"floor":48,"key":"Omamori"}],"event_choices":[{"cards_removed":["Strike_B"],"damage_healed":0,"gold_gain":0,"player_choice":"Card Removal","damage_taken":7,"max_hp_gain":0,"max_hp_loss":0,"event_name":"Golden Wing","floor":4,"gold_loss":0},{"cards_removed":["Streamline"],"damage_healed":5,"gold_gain":0,"player_choice":"Offered Common","damage_taken":0,"max_hp_gain":0,"max_hp_loss":0,"event_name":"Bonfire Elementals","floor":19,"gold_loss":0},{"cards_removed":["Streamline"],"damage_healed":5,"gold_gain":0,"player_choice":"Offered Special","damage_taken":0,"max_hp_gain":0,"max_hp_loss":0,"event_name":"Bonfire Elementals","floor":19,"gold_loss":0},{"damage_healed":0,"gold_gain":0,"player_choice":"Ignored","damage_taken":0,"max_hp_gain":0,"max_hp_loss":0,"event_name":"SecretPortal","floor":38,"gold_loss":0},{"damage_healed":0,"gold_gain":100,"player_choice":"Pray","damage_taken":0,"max_hp_gain":0,"max_hp_loss":0,"event_name":"Golden Shrine","floor":39,"gold_loss":0},{"damage_healed":0,"gold_gain":0,"cards_transformed":["MostiFishMod:TalkingToTheRain"],"player_choice":"Transformed","damage_taken":0,"max_hp_gain":0,"max_hp_loss":0,"event_name":"Transmorgrifier","floor":49,"gold_loss":0,"cards_obtained":["MostiFishMod:LinkProtocol"]}],"is_beta":false,"boss_relics":[{"not_picked":["Inserter","aspiration:SecretTechniqueScroll"],"picked":"Pandora\u0027s Box"},{"not_picked":["Busted Crown","aspiration:RunicSpoon"],"picked":"aspiration:RandomNobGenerator"}],"items_purged_floors":[31,36,45],"is_endless":false,"potions_floor_spawned":[1,2,12,13,14,20,21,23,24,30,33,40,41,46],"ascension_level":5}}