{"host":"knk89g45d3vzr5fm","time":1613438652,"event":{"mods":["2.2 Compatiblity","BaseMod","Downfall","Minty Spire (QoL Compilation)","Relic Stats","Reliquary","Replay The Spire","StSLib","The Marked"],"gold_per_floor":[99,110,110,126,41,59,59,85,185,213,13,41,52,77,93,192,192,192,211,53,71,171,71,149,149,41,41,72,72,91,106,120,220,220,220,229,229,248,267,331,331,377,425,425,277,277,354,355,387,385,385,445,12,12,3,11],"floor_reached":57,"language":"FRA","playtime":4641,"items_purged":["downfall:Malfunctioning","sneckomod:Unknown","sneckomod:Defend"],"score":1819,"play_id":"f6cac942-ae72-4859-9c25-5246e67cf20e","local_time":"20210216022412","is_ascension_mode":true,"campfire_choices":[{"data":"sneckomod:TailWhip","floor":1,"key":"SMITH"},{"floor":11,"key":"REST"},{"floor":18,"key":"RECALL"},{"floor":23,"key":"REST"},{"data":"Hemogenesis","floor":25,"key":"SMITH"},{"data":"expansioncontent:LastStand","floor":29,"key":"SMITH"},{"data":"sneckomod:UnknownBoss","floor":35,"key":"SMITH"},{"floor":44,"key":"REST"},{"floor":54,"key":"REST"}],"circlet_count":0,"master_deck":["AscendersBane","sneckomod:Defend","sneckomod:TailWhip+1","sneckomod:SnekBite+1","sneckomod:Unknown","sneckomod:UnknownExhaust","sneckomod:UnknownCommonAttack+1","sneckomod:UnknownClassHEXA_GHOST_PURPLE","sneckomod:QuickBite","Hemogenesis+1","sneckomod:UnknownClassHEXA_GHOST_PURPLE","sneckomod:UnknownUncommonPower","sneckomod:CheapStock","sneckomod:SerpentIdol+1","sneckomod:UnknownBoss+1","sneckomod:Nope","sneckomod:UnknownClassHEXA_GHOST_PURPLE","sneckomod:ImprovisedGuard","sneckomod:UnknownDraw","sneckomod:PureSnecko","expansioncontent:LastStand+1","sneckomod:MasterEye","sneckomod:SnakeSap","sneckomod:SerpentIdol+1","sneckomod:GlitteringGambit","sneckomod:UnknownRarePower","sneckomod:UnknownDraw+1","sneckomod:SnekBeam+1","hexamod:FourthSeal","sneckomod:Rotation+1","sneckomod:SoulCleanse+1","expansioncontent:StudyTheSpire","Reprogram+1","sneckomod:SerpentMind","hexamod:SixthSeal","sneckomod:Memorize"],"relics":["Empty Cage","Bottled Lightning","Du-Vu Doll","downfall:HeartBlessingGreen","downfall:HeartBlessingBlue","Akabeko","reliquary:WritOfMandamus","reliquary:FerryPass","TungstenRod","Quantum Egg","downfall:HeartBlessingRed","Onion Ring","ReplayTheSpireMod:CursedCoin","reliquary:GummyVitamins","Snecko Eye","Ginger","reliquary:TridentHead","reliquary:JackalopeAntler","Membership Card","Slimebound:StickyStick","ReplayTheSpireMod:Ninjato","Unceasing Top","War Paint","OrangePellets","CaptainsWheel","Ornamental Fan"],"acts_visited":["Exordium","TheCity","TheBeyond","TheEnding"],"potions_floor_usage":[10,12,13,15,22,22,31,33,33,43,52,56,56],"damage_taken":[{"damage":0,"enemies":"Cultist","floor":2,"turns":3},{"damage":0,"enemies":"Small Slimes","floor":4,"turns":3},{"damage":0,"enemies":"downfall:FleeingMerchant","floor":5,"turns":4},{"damage":0,"enemies":"Jaw Worm","floor":6,"turns":1},{"damage":26,"enemies":"Gremlin Nob","floor":8,"turns":4},{"damage":26,"enemies":"3 Sentries","floor":10,"turns":5},{"damage":26,"enemies":"Gremlin Nob","floor":12,"turns":4},{"damage":41,"enemies":"Gremlin Gang","floor":13,"turns":5},{"damage":4,"enemies":"Exordium Wildlife","floor":14,"turns":3},{"damage":1,"enemies":"3 Louse","floor":15,"turns":3},{"damage":27,"enemies":"SI_SHIV_ARCHETYPE","floor":16,"turns":13},{"damage":10,"enemies":"Spheric Guardian","floor":19,"turns":3},{"damage":10,"enemies":"downfall:FleeingMerchant","floor":20,"turns":4},{"damage":14,"enemies":"downfall:LooterAlt2","floor":21,"turns":5},{"damage":34,"enemies":"Colosseum Nobs","floor":22,"turns":7},{"damage":10,"enemies":"downfall:FleeingMerchant","floor":26,"turns":4},{"damage":1,"enemies":"Gremlin Leader","floor":28,"turns":7},{"damage":25,"enemies":"Snecko","floor":30,"turns":5},{"damage":15,"enemies":"Snake Plant","floor":31,"turns":2},{"damage":16,"enemies":"3 Cultists","floor":32,"turns":4},{"damage":54,"enemies":"WA_ARCHETYPE_CALM","floor":33,"turns":9},{"damage":7,"enemies":"3 Darklings","floor":36,"turns":5},{"damage":1,"enemies":"Orb Walker","floor":38,"turns":2},{"damage":18,"enemies":"Transient","floor":39,"turns":5},{"damage":0,"enemies":"Giant Head","floor":40,"turns":6},{"damage":10,"enemies":"4 Shapes","floor":42,"turns":4},{"damage":21,"enemies":"Reptomancer","floor":43,"turns":3},{"damage":0,"enemies":"downfall:FleeingMerchant","floor":45,"turns":1},{"damage":3,"enemies":"downfall:FleeingMerchant","floor":47,"turns":4},{"damage":0,"enemies":"Maw","floor":48,"turns":5},{"damage":24,"enemies":"Jaw Worm Horde","floor":49,"turns":3},{"damage":3,"enemies":"DF_ARCHETYPE_ORBS","floor":50,"turns":4},{"damage":33,"enemies":"downfall:CharBossMerchant","floor":52,"turns":6},{"damage":8,"enemies":"downfall:NeowBoss","floor":55,"turns":5},{"damage":39,"enemies":"downfall:NeowBossFinal","floor":56,"turns":6}],"seed_played":"-5664738479824499709","potions_obtained":[{"floor":2,"key":"sneckomod:MuddlingPotion"},{"floor":6,"key":"SteroidPotion"},{"floor":8,"key":"AttackPotion"},{"floor":12,"key":"FairyPotion"},{"floor":12,"key":"Reflective Coating"},{"floor":13,"key":"DistilledChaos"},{"floor":15,"key":"Languid Potion"},{"floor":21,"key":"EssenceOfSteel"},{"floor":22,"key":"Guardian:BlockOnCardUsePotion"},{"floor":28,"key":"CultistPotion"},{"floor":28,"key":"DistilledChaos"},{"floor":31,"key":"hexamod:SoulburnPotion"},{"floor":40,"key":"Slimebound:ThreeZeroPotion"},{"floor":40,"key":"Guardian:BlockOnCardUsePotion"},{"floor":47,"key":"Death Potion"},{"floor":52,"key":"Venom Potion"}],"is_trial":false,"path_per_floor":["R","M","?","M","$","M","T","E","?","E","R","E","M","M","M","B",null,"R","M","$","M","?","R","T","R","$","?","E","R","M","M","M","B",null,"R","M","?","M","M","E","T","M","E","R","?","?","?","M","M","B",null,"E","$","R","B","B",null],"character_chosen":"THE_SNECKO","items_purchased":["sneckomod:UnknownClassHEXA_GHOST_PURPLE","sneckomod:QuickBite","reliquary:FerryPass","ReplayTheSpireMod:CursedCoin","sneckomod:PureSnecko","expansioncontent:LastStand","Membership Card","Slimebound:StickyStick","ReplayTheSpireMod:Ninjato","expansioncontent:StudyTheSpire","OrangePellets","CaptainsWheel","Ornamental Fan","Elixir"],"campfire_rested":4,"item_purchase_floors":[5,5,20,26,26,26,45,45,45,45,53,53,53,53],"current_hp_per_floor":[81,81,81,81,81,81,81,55,55,34,74,53,17,13,17,29,82,82,80,75,66,49,79,79,79,77,77,84,84,74,67,87,41,88,88,89,89,96,101,103,103,96,75,103,103,103,100,103,79,84,98,65,65,95,95,64],"gold":11,"neow_bonus":"BOSS_RELIC","is_daily":false,"chose_seed":false,"campfire_upgraded":4,"win_rate":0.0,"timestamp":1613438652,"path_taken":["R","M","?","M","?","M","T","E","?","E","R","E","?","M","M","BOSS","R","M","$","?","?","R","T","R","$","?","E","R","M","M","M","BOSS","R","M","?","M","M","E","T","?","E","R","?","?","?","M","M","BOSS","E","$","R","BOSS","BOSS"],"items_purchased_type":["Card","Card","Relic","Relic","Card","Card","Relic","Relic","Relic","Card","Relic","Relic","Relic","Potion"],"build_version":"2020-12-22","purchased_purges":3,"victory":true,"max_hp_per_floor":[90,90,90,90,90,90,90,90,90,90,100,100,100,100,100,100,100,100,103,103,103,103,103,103,103,103,103,103,103,103,103,103,103,103,103,103,103,103,103,103,103,103,103,103,103,103,103,103,103,103,103,103,103,103,103,103],"relic_stats":{"OrangePellets":[12],"counters":[35,157],"Ornamental Fan":[68],"Snecko Eye":[79,80,90,71],"Ginger":[13],"War Paint":["sneckomod:SerpentIdol","sneckomod:SerpentIdol"],"obtain_stats":[{"downfall:HeartBlessingGreen":11,"Ginger":40,"sneckomod:SneckoSoul":0,"Empty Cage":0,"reliquary:FerryPass":20,"reliquary:TridentHead":41,"downfall:HeartBlessingBlue":11,"Slimebound:StickyStick":45,"ReplayTheSpireMod:Ninjato":45,"downfall:HeartBlessingRed":23,"ReplayTheSpireMod:CursedCoin":26,"Quantum Egg":22,"War Paint":52,"Akabeko":12,"Du-Vu Doll":10,"reliquary:JackalopeAntler":43,"OrangePellets":53,"CaptainsWheel":53,"Ornamental Fan":53,"Snecko Eye":34,"Onion Ring":24,"reliquary:GummyVitamins":28,"Bottled Lightning":8,"Membership Card":45,"reliquary:WritOfMandamus":17,"TungstenRod":22,"Unceasing Top":47},{"downfall:HeartBlessingGreen":6,"Ginger":25,"sneckomod:SneckoSoul":0,"Empty Cage":0,"reliquary:FerryPass":13,"reliquary:TridentHead":25,"downfall:HeartBlessingBlue":6,"Slimebound:StickyStick":28,"ReplayTheSpireMod:Ninjato":28,"downfall:HeartBlessingRed":15,"ReplayTheSpireMod:CursedCoin":16,"Quantum Egg":15,"War Paint":33,"Akabeko":7,"Du-Vu Doll":6,"reliquary:JackalopeAntler":27,"OrangePellets":33,"CaptainsWheel":33,"Ornamental Fan":33,"Snecko Eye":21,"Onion Ring":15,"reliquary:GummyVitamins":17,"Bottled Lightning":5,"Membership Card":28,"reliquary:WritOfMandamus":11,"TungstenRod":15,"Unceasing Top":29},{"downfall:HeartBlessingGreen":20,"Ginger":116,"sneckomod:SneckoSoul":0,"Empty Cage":0,"reliquary:FerryPass":55,"reliquary:TridentHead":116,"downfall:HeartBlessingBlue":20,"Slimebound:StickyStick":124,"ReplayTheSpireMod:Ninjato":124,"downfall:HeartBlessingRed":67,"ReplayTheSpireMod:CursedCoin":71,"Quantum Egg":67,"War Paint":146,"Akabeko":24,"Du-Vu Doll":20,"reliquary:JackalopeAntler":123,"OrangePellets":146,"CaptainsWheel":146,"Ornamental Fan":146,"Snecko Eye":98,"Onion Ring":67,"reliquary:GummyVitamins":78,"Bottled Lightning":15,"Membership Card":124,"reliquary:WritOfMandamus":48,"TungstenRod":67,"Unceasing Top":128}],"TungstenRod":51,"Unceasing Top":[1]},"card_choices":[{"not_picked":["sneckomod:WideSting","sneckomod:UnknownCommonAttack"],"picked":"sneckomod:UnknownExhaust","floor":2},{"not_picked":["sneckomod:UnknownClassMARKED_PURPLE_COLOR","sneckomod:IronFang"],"picked":"sneckomod:UnknownCommonAttack","floor":4},{"not_picked":["sneckomod:UnknownClassPURPLE","sneckomod:SoulRoll"],"picked":"sneckomod:UnknownRareAttack","floor":5},{"not_picked":["sneckomod:DiceBlock","sneckomod:UnknownClassTHE_BRONZE_AUTOMATON","sneckomod:UnknownClassTHE_CHAMP_GRAY"],"picked":"SKIP","floor":6},{"not_picked":["sneckomod:SnakeSap","sneckomod:IronFang"],"picked":"sneckomod:Memorize","floor":8},{"not_picked":["sneckomod:Unknown1Cost","sneckomod:WideSting"],"picked":"sneckomod:UnknownClassHEXA_GHOST_PURPLE","floor":10},{"not_picked":["sneckomod:DiceBoulder","sneckomod:IronFang","sneckomod:UnknownStrike"],"picked":"SKIP","floor":12},{"not_picked":["sneckomod:DefensiveFlair","sneckomod:UnknownCommonAttack"],"picked":"sneckomod:UnknownUncommonPower","floor":13},{"not_picked":["sneckomod:TrashToTreasure","sneckomod:UnknownCommonAttack"],"picked":"sneckomod:CheapStock","floor":14},{"not_picked":["sneckomod:QuickBite","sneckomod:UnknownBlock"],"picked":"sneckomod:SerpentIdol","floor":15},{"not_picked":["sneckomod:DangerNoodle","sneckomod:Mudshield"],"picked":"sneckomod:UnknownBoss","floor":16},{"not_picked":["sneckomod:ImprovisedAttack+1","sneckomod:RainOfDice"],"picked":"sneckomod:Nope","floor":19},{"not_picked":["sneckomod:ImprovisedGuard","sneckomod:Nope"],"picked":"sneckomod:UnknownClassHEXA_GHOST_PURPLE","floor":20},{"not_picked":["sneckomod:SlitherStrike","sneckomod:Unknown1Cost"],"picked":"sneckomod:ImprovisedGuard","floor":21},{"not_picked":["sneckomod:TrashToTreasure","sneckomod:UnknownClassRED"],"picked":"sneckomod:UnknownDexterity+1","floor":22},{"not_picked":["sneckomod:ImprovisedAttack+1","sneckomod:Nope"],"picked":"sneckomod:UnknownDraw","floor":26},{"not_picked":["sneckomod:ImprovisedAttack","sneckomod:DefensiveFlair+1","sneckomod:UnknownClassPURPLE"],"picked":"SKIP","floor":28},{"not_picked":["sneckomod:UnknownDraw","sneckomod:RainOfDice"],"picked":"sneckomod:MasterEye","floor":30},{"not_picked":["sneckomod:TrashToTreasure","sneckomod:Mudshield"],"picked":"sneckomod:SnakeSap","floor":31},{"not_picked":["sneckomod:UnknownCommonAttack","sneckomod:UnknownBlock"],"picked":"sneckomod:SerpentIdol","floor":32},{"not_picked":["sneckomod:Cheat","sneckomod:SoulExchange"],"picked":"sneckomod:GlitteringGambit","floor":33},{"not_picked":["sneckomod:MorePower","sneckomod:Transmogrify"],"picked":"sneckomod:UnknownRarePower","floor":33},{"not_picked":["sneckomod:UnknownClassTHE_CHAMP_GRAY+1","sneckomod:Unknown1Cost","sneckomod:UnknownClassGUARDIAN+1"],"picked":"SKIP","floor":36},{"not_picked":["sneckomod:UnknownBlock","sneckomod:MixItUp"],"picked":"sneckomod:UnknownDraw+1","floor":38},{"not_picked":["sneckomod:UnknownClassTHE_BRONZE_AUTOMATON+1","sneckomod:UnknownBlock"],"picked":"sneckomod:SnekBeam+1","floor":39},{"not_picked":["sneckomod:QuickBite","sneckomod:UnknownClassBLUE+1","sneckomod:UnknownClassTHE_CHAMP_GRAY+1"],"picked":"SKIP","floor":40},{"not_picked":["hexamod:FirstSeal","hexamod:SecondSeal"],"picked":"hexamod:FourthSeal","floor":42},{"not_picked":["sneckomod:UnknownClassTHE_BRONZE_AUTOMATON+1","sneckomod:DiceBlock"],"picked":"sneckomod:Memorize+1","floor":42},{"not_picked":["sneckomod:Nope+1","sneckomod:UnknownClassMARKED_PURPLE_COLOR+1"],"picked":"sneckomod:Rotation","floor":43},{"not_picked":["sneckomod:MixItUp","sneckomod:UnknownUncommonPower"],"picked":"sneckomod:SoulCleanse+1","floor":45},{"not_picked":["sneckomod:Unknown1Cost+1","sneckomod:UnknownClassTHE_CHAMP_GRAY+1"],"picked":"sneckomod:SerpentMind","floor":48},{"not_picked":["hexamod:ThirdSeal","hexamod:FirstSeal"],"picked":"hexamod:SixthSeal","floor":49},{"not_picked":["sneckomod:ImprovisedAttack+1","sneckomod:UnknownClassBLUE+1","sneckomod:UnknownBlock+1"],"picked":"SKIP","floor":49},{"not_picked":["sneckomod:UnknownDraw+1","sneckomod:UnknownCommonSkill+1"],"picked":"sneckomod:Memorize","floor":52}],"player_experience":2184075,"relics_obtained":[{"floor":8,"key":"Bottled Lightning"},{"floor":10,"key":"Du-Vu Doll"},{"floor":12,"key":"Akabeko"},{"floor":22,"key":"TungstenRod"},{"floor":22,"key":"Quantum Egg"},{"floor":24,"key":"Onion Ring"},{"floor":28,"key":"reliquary:GummyVitamins"},{"floor":40,"key":"Ginger"},{"floor":41,"key":"reliquary:TridentHead"},{"floor":43,"key":"reliquary:JackalopeAntler"},{"floor":47,"key":"Unceasing Top"},{"floor":52,"key":"War Paint"}],"event_choices":[{"damage_healed":0,"gold_gain":0,"player_choice":"Ignored","damage_taken":0,"max_hp_gain":0,"max_hp_loss":0,"event_name":"Vampires","floor":27,"gold_loss":0}],"is_beta":false,"boss_relics":[{"not_picked":["Tiny House","Replay:Bronze Core"],"picked":"reliquary:WritOfMandamus"},{"not_picked":["Velvet Choker","Honey Jar"],"picked":"Snecko Eye"}],"items_purged_floors":[26,45,53],"is_endless":false,"potions_floor_spawned":[2,6,8,12,13,15,21,22,28,31,32,40,47],"ascension_level":10}}