{"host":"x6165drukuu8ns9f","time":1613481603,"event":{"mods":["100% Spire Juice","2.2 Compatiblity","Act Like it!","Aspiration","BaseMod","CapriCore","Colored Map","Colored Powertips","Conspire","Dark Map","Elementarium","Gensokyo","GifTheSpireLib","GungeonMod","Hermit","Hubris","Infinite Spire","Menagerie","Minty Spire (QoL Compilation)","Pale of the Ancients","Reliquary","Replay The Spire","Spicy Shops","Spire Birthday Party","StSLib","SuperFastMode","The Blue Laboratory","The Edgeheg","The Forsaken","TheFirefly","TheSurvivalist","??????REMEMod"],"gold_per_floor":[123,177,222,139,181,181,181],"floor_reached":6,"language":"ENG","playtime":244,"items_purged":[],"score":38,"play_id":"8121684f-3e7c-49d6-ae83-295c5149beb9","local_time":"20210216142003","daily_mods":["Vintage","Flight","Midas"],"is_ascension_mode":false,"campfire_choices":[],"circlet_count":0,"master_deck":["theEdgeheg:StarterShootAttack","theEdgeheg:StarterShootAttack","theEdgeheg:StarterShootAttack","theEdgeheg:StarterShootAttack","theEdgeheg:StarterDodgeSkill","theEdgeheg:StarterDodgeSkill+1","theEdgeheg:StarterDodgeSkill","theEdgeheg:BloodyKatana","theEdgeheg:ChaosControlSkill","theEdgeheg:GatherChaos+1","theForsaken:DarkRift","Gensokyo:TarnishedGold","Gensokyo:Shovel"],"relics":["theEdgeheg:UltimateLifeformRelic","theEdgeheg:GreenEmeraldRelic","REME_ComplimentaryCards","War Paint","aspiration:HummingbirdHeart","Molten Egg 2","hubris:CrystalStatue"],"acts_visited":["Gensokyo:Gensokyo"],"potions_floor_usage":[6],"damage_taken":[{"damage":2,"enemies":"Gensokyo:2_Kodama","floor":1,"turns":5},{"damage":1,"enemies":"Gensokyo:Gryphon","floor":2,"turns":5},{"damage":1,"enemies":"Gensokyo:3_Fairies","floor":3,"turns":3},{"damage":2,"enemies":"Gensokyo:LivingMonolith","floor":5,"turns":6},{"damage":6,"enemies":"Gensokyo:Cirno","floor":6,"turns":4}],"seed_played":"3643095128855085719","potions_obtained":[{"floor":1,"key":"conspire:TimeTravelPotion"}],"is_trial":true,"path_per_floor":["M","M","M","COS","M","E"],"character_chosen":"THE_DEFAULT","items_purchased":[],"campfire_rested":0,"item_purchase_floors":[],"current_hp_per_floor":[3,3,3,3,4,0,0],"gold":181,"neow_bonus":"","is_daily":false,"chose_seed":false,"campfire_upgraded":0,"win_rate":0.0,"timestamp":1613481603,"path_taken":["M","M","M","COS","M","E"],"items_purchased_type":[],"build_version":"2020-12-22","purchased_purges":0,"victory":false,"max_hp_per_floor":[5,5,5,5,5,5,5],"card_choices":[],"player_experience":103821,"relics_obtained":[{"floor":1,"key":"War Paint"},{"floor":2,"key":"aspiration:HummingbirdHeart"},{"floor":3,"key":"Molten Egg 2"},{"floor":5,"key":"hubris:CrystalStatue"}],"event_choices":[],"is_beta":false,"boss_relics":[],"items_purged_floors":[],"is_endless":false,"potions_floor_spawned":[1],"killed_by":"Gensokyo:Cirno","ascension_level":0}}