{"host":"drl4gs3853zme1q6","time":1613488806,"event":{"mods":["BaseMod","Colored Map","Colored Powertips","Hermit","Hubris","Infinite Spire","Minty Spire (QoL Compilation)","Replay The Spire","StSLib"],"gold_per_floor":[136,136,211,247,324,324,337,350,350,350,375,375,375,387,387,532,532,551,466,493,493,524,557,557,589,589,589,609,644,644,680,680,820,820,884,960,1038,1038,1123,1123,1227,1322,1349,1448,1468,1468],"floor_reached":45,"language":"ENG","playtime":2478,"items_purged":[],"score":662,"play_id":"36d22107-058a-4a97-932e-1e8f322509dd","local_time":"20210216092006","daily_mods":["Allstar","Heirloom","Time Dilation"],"is_ascension_mode":false,"campfire_choices":[{"data":"Eruption","floor":6,"key":"SMITH"},{"data":"Replay:DivineShield","floor":12,"key":"SMITH"},{"floor":15,"key":"REST"},{"data":"Alpha","floor":24,"key":"SMITH"},{"floor":32,"key":"REST"},{"data":"infinitespire:Collect","floor":40,"key":"SMITH"}],"circlet_count":0,"master_deck":["Strike_P","Strike_P","Strike_P","Strike_P","Defend_P","Defend_P","Defend_P","Defend_P","Eruption+1","Vigilance","hubris:Insight","Replay:Sssssssssstrike","HandOfGreed","Specialist","Jack Of All Trades","ReachHeaven","EmptyBody","SandsOfTime","JustLucky","Replay:DivineShield+1","Alpha+1","Swivel","EmptyBody+1","Prostrate","LikeWater","Pray","infinitespire:Collect+1","ConjureBlade","BattleHymn+1","Prostrate","MasterReality","Replay:Vibes+1"],"relics":["PureWater","hubris:MedicalManual","infinitespire:Broken Mirror","TeardropLocket","Torii","ReplayFunnel","hubris:Icosahedron","ReplayTheSpireMod:DimensionalGlitch","Oddly Smooth Stone","Red Mask","hubris:TinFlute","Art of War","Vajra","MutagenicStrength","Chameleon Ring","infinitespire:EvilPickle","hubris:PeanutButter","Potion Belt"],"acts_visited":["Exordium","TheCity","TheBeyond"],"potions_floor_usage":[25,31,33,33,41,41],"damage_taken":[{"damage":6,"enemies":"Small Slimes","floor":1,"turns":4},{"damage":0,"enemies":"2 Louse","floor":4,"turns":2},{"damage":0,"enemies":"Jaw Worm","floor":7,"turns":2},{"damage":0,"enemies":"Exordium Wildlife","floor":8,"turns":3},{"damage":21,"enemies":"Lagavulin","floor":11,"turns":4},{"damage":1,"enemies":"Looter","floor":14,"turns":4},{"damage":26,"enemies":"Slime Boss","floor":16,"turns":9},{"damage":0,"enemies":"Chosen","floor":18,"turns":4},{"damage":16,"enemies":"Masked Bandits","floor":20,"turns":5},{"damage":1,"enemies":"2 Thieves","floor":22,"turns":3},{"damage":11,"enemies":"Gremlin Leader","floor":23,"turns":5},{"damage":9,"enemies":"Book of Stabbing","floor":25,"turns":6},{"damage":2,"enemies":"Snake Plant","floor":28,"turns":2},{"damage":0,"enemies":"Centurion and Healer","floor":29,"turns":6},{"damage":0,"enemies":"Chosen and Byrds","floor":31,"turns":3},{"damage":15,"enemies":"Pondfish","floor":33,"turns":8},{"damage":9,"enemies":"3 Shapes","floor":35,"turns":6},{"damage":14,"enemies":"3 Darklings","floor":36,"turns":4},{"damage":1,"enemies":"Jaw Worm Horde","floor":37,"turns":4},{"damage":1,"enemies":"Sphere and 2 Shapes","floor":39,"turns":6},{"damage":9,"enemies":"Giant Head","floor":41,"turns":7},{"damage":12,"enemies":"Maw","floor":42,"turns":7},{"damage":0,"enemies":"3 Darklings","floor":44,"turns":6}],"seed_played":"-8800347253931346484","potions_obtained":[{"floor":4,"key":"DuplicationPotion"},{"floor":7,"key":"Energy Potion"},{"floor":23,"key":"FearPotion"},{"floor":25,"key":"Explosive Potion"},{"floor":28,"key":"Block Potion"},{"floor":33,"key":"FearPotion"},{"floor":36,"key":"Weak Potion"},{"floor":38,"key":"Reflective Coating"},{"floor":38,"key":"LifebloodPotion"},{"floor":38,"key":"EssenceOfSteel"},{"floor":41,"key":"LiquidBronze"},{"floor":42,"key":"FearPotion"}],"is_trial":true,"path_per_floor":["M","?","?","M","T","R","M","M","T","?","E","R","?","M","R","B",null,"M","?","?","?","M","E","R","E","T","?","M","M","AVR","M","R","B",null,"M","M","M","?","M","R","E","M","T","M","M"],"character_chosen":"WATCHER","items_purchased":[],"campfire_rested":2,"item_purchase_floors":[],"current_hp_per_floor":[66,66,55,55,55,55,55,55,55,55,34,34,34,33,54,28,72,72,72,56,56,55,44,44,35,35,35,33,33,33,33,54,39,72,63,49,48,48,47,47,38,26,26,26,0,0],"gold":1468,"neow_bonus":"","is_daily":false,"chose_seed":false,"campfire_upgraded":4,"win_rate":0.0,"timestamp":1613488806,"path_taken":["M","?","?","M","?","R","?","M","T","?","E","R","?","M","R","BOSS","M","?","?","?","?","E","R","E","T","?","M","M","AVR","M","R","BOSS","M","M","M","?","M","R","E","M","T","M","?"],"items_purchased_type":[],"build_version":"2020-12-22","purchased_purges":0,"victory":false,"max_hp_per_floor":[72,72,72,72,72,72,72,72,72,72,72,72,72,72,72,72,72,72,72,72,72,72,72,72,72,72,72,72,72,72,72,72,72,72,72,72,72,72,72,72,72,72,72,72,72,72],"card_choices":[{"not_picked":["Evaluate","Weave"],"picked":"ReachHeaven","floor":1},{"not_picked":["Worship","FlurryOfBlows"],"picked":"EmptyBody","floor":4},{"not_picked":["Replay:BluntJabs","ClearTheMind"],"picked":"SandsOfTime","floor":7},{"not_picked":["Conclude","FlurryOfBlows"],"picked":"JustLucky","floor":8},{"not_picked":["LikeWater","Fasting2"],"picked":"Replay:DivineShield","floor":11},{"not_picked":["Study","BowlingBash","Replay:AtTheReady"],"picked":"SKIP","floor":14},{"not_picked":["Blasphemy","Brilliance"],"picked":"Alpha","floor":16},{"not_picked":["Protect","CrushJoints","Pray+1"],"picked":"SKIP","floor":18},{"not_picked":["Replay:Vibes","FlurryOfBlows"],"picked":"Swivel","floor":20},{"not_picked":["Crescendo+1","TalkToTheHand"],"picked":"EmptyBody+1","floor":22},{"not_picked":["Nirvana","WaveOfTheHand"],"picked":"Prostrate","floor":23},{"not_picked":["Swivel","Wireheading"],"picked":"LikeWater","floor":25},{"not_picked":["DeusExMachina","FearNoEvil","WreathOfFlame"],"picked":"SKIP","floor":28},{"not_picked":["Replay:AtTheReady+1","Vengeance+1"],"picked":"Pray","floor":29},{"not_picked":["WreathOfFlame","Evaluate+1","ClearTheMind"],"picked":"SKIP","floor":31},{"not_picked":["DevaForm","Blasphemy"],"picked":"ConjureBlade","floor":33},{"not_picked":["Replay:Hum+1","FollowUp"],"picked":"BattleHymn+1","floor":35},{"not_picked":["ForeignInfluence","Adaptation+1"],"picked":"Prostrate","floor":36},{"not_picked":["SandsOfTime+1","EmptyFist","CarveReality"],"picked":"SKIP","floor":37},{"not_picked":["Replay:AtTheReady","EmptyBody+1"],"picked":"MasterReality","floor":39},{"not_picked":["Protect+1","Tantrum+1","PathToVictory+1"],"picked":"SKIP","floor":41},{"not_picked":["Replay:Anticipation","BowlingBash+1"],"picked":"Replay:Vibes+1","floor":42},{"not_picked":["PathToVictory","Replay:AtTheReady","Perseverance"],"picked":"SKIP","floor":44}],"player_experience":346362,"relics_obtained":[{"floor":5,"key":"infinitespire:Broken Mirror"},{"floor":9,"key":"TeardropLocket"},{"floor":10,"key":"Torii"},{"floor":11,"key":"ReplayFunnel"},{"floor":20,"key":"Red Mask"},{"floor":23,"key":"hubris:TinFlute"},{"floor":25,"key":"Art of War"},{"floor":26,"key":"Vajra"},{"floor":41,"key":"hubris:PeanutButter"},{"floor":43,"key":"Potion Belt"}],"event_choices":[{"damage_healed":0,"gold_gain":0,"player_choice":"Ignored","damage_taken":0,"max_hp_gain":0,"max_hp_loss":0,"event_name":"Liars Game","floor":2,"gold_loss":0},{"damage_healed":0,"gold_gain":75,"player_choice":"Gather Gold","damage_taken":11,"max_hp_gain":0,"max_hp_loss":0,"event_name":"World of Goop","floor":3,"gold_loss":0},{"damage_healed":0,"gold_gain":0,"player_choice":"Obtained Relic","damage_taken":0,"relics_obtained":["Oddly Smooth Stone"],"max_hp_gain":0,"max_hp_loss":0,"event_name":"Addict","floor":19,"gold_loss":85},{"damage_healed":0,"gold_gain":0,"player_choice":"Fought Bandits","damage_taken":0,"max_hp_gain":0,"max_hp_loss":0,"event_name":"Masked Bandits","floor":20,"gold_loss":0},{"damage_healed":0,"gold_gain":0,"player_choice":"Ignored","damage_taken":0,"max_hp_gain":0,"max_hp_loss":0,"event_name":"Vampires","floor":21,"gold_loss":0},{"damage_healed":0,"gold_gain":0,"player_choice":"Inject Mutagens","damage_taken":0,"relics_obtained":["MutagenicStrength"],"max_hp_gain":0,"max_hp_loss":0,"event_name":"Drug Dealer","floor":27,"gold_loss":0},{"damage_healed":0,"gold_gain":0,"player_choice":"Got Potions","damage_taken":0,"max_hp_gain":0,"max_hp_loss":0,"event_name":"Lab","floor":38,"gold_loss":0}],"is_beta":false,"boss_relics":[{"not_picked":["Astrolabe","hubris:BlackHole"],"picked":"ReplayTheSpireMod:DimensionalGlitch"},{"not_picked":["Runic Dome","hubris:CrackedHourglass","Busted Crown"]}],"items_purged_floors":[],"is_endless":false,"potions_floor_spawned":[4,7,23,25,28,33,36,41,42],"killed_by":"4 Shapes","ascension_level":0}}