{"host":"ne5hixkhdtkevwwo","time":1613440582,"event":{"mods":["BaseMod","Downfall","Minty Spire (QoL Compilation)","Relic Stats","StSLib"],"gold_per_floor":[349,366,366,366,35,35,59,89,89,101,129,13,13,33,48,149,149,49,64,77,91,91,102,102,102,87,87,72,72,92,92,104,205,205,5,25,40,40,315,575,575,17,17,17,17],"floor_reached":43,"language":"ENG","playtime":2768,"items_purged":["downfall:Malfunctioning","Regret"],"score":516,"play_id":"88c67aca-8d8f-4489-a221-0f1ced02f524","local_time":"20210216025622","is_ascension_mode":true,"campfire_choices":[{"data":"hexamod:Float","floor":1,"key":"SMITH"},{"data":"hexamod:NightmareStrike","floor":6,"key":"SMITH"},{"floor":9,"key":"RECALL"},{"data":"hexamod:NecessarySacrifice","floor":13,"key":"SMITH"},{"data":"hexamod:UnlimitedPower","floor":18,"key":"SMITH"},{"data":"hexamod:GiftsFromTheDead","floor":29,"key":"SMITH"},{"data":"hexamod:PowerFromBeyond","floor":35,"key":"SMITH"}],"circlet_count":0,"master_deck":["hexamod:Strike","hexamod:Strike","hexamod:Strike","hexamod:Strike+1","hexamod:Defend","hexamod:Defend+1","hexamod:Defend","hexamod:Defend","hexamod:Sear+1","hexamod:Float+1","hexamod:StepThrough","hexamod:NightmareStrike+1","hexamod:FirstSeal","hexamod:ThirdSeal","hexamod:NecessarySacrifice+1","hexamod:ParanormalForm","hexamod:GhostLash","hexamod:SpectralSpark","hexamod:GiftsFromTheDead+1","hexamod:UnlimitedPower+1","hexamod:InspiringFlames+1","hexamod:NightmareGuise+1","hexamod:NightmareStrike","downfall:Bewildered","hexamod:Hexaguard","hexamod:Hexaguard","hexamod:Haunt","hexamod:InspiringFlames+1","hexamod:Haunt","hexamod:TimeWarp","hexamod:PowerFromBeyond+1","hexamod:Haunt+1","hexamod:FifthSeal","hexamod:GhostflameInferno","hexamod:SixthSeal","hexamod:SpectersWail+1","hexamod:FourthSeal","hexamod:UnlimitedPower","hexamod:SecondSeal","hexamod:FourthSeal","hexamod:RetreatToShadows"],"relics":["hexamod:SpiritBrand","White Beast Statue","Bag of Marbles","Odd Mushroom","Sundial","Cursed Key","downfall:HeartBlessingGreen","sneckomod:BabySnecko","Nilry\u0027s Codex","Empty Cage","downfall:HeartBlessingRed","downfall:HeartBlessingBlue","Torii","Kunai"],"acts_visited":["Exordium","TheCity","TheBeyond"],"potions_floor_usage":[11,12,12,14,16,16,21,23,26,28,33,36,37,38,40,43,43],"damage_taken":[{"damage":0,"enemies":"Cultist","floor":2,"turns":3},{"damage":5,"enemies":"downfall:FleeingMerchant","floor":5,"turns":4},{"damage":11,"enemies":"The Mushroom Lair","floor":8,"turns":5},{"damage":0,"enemies":"Small Slimes","floor":10,"turns":2},{"damage":22,"enemies":"Lagavulin","floor":11,"turns":8},{"damage":10,"enemies":"downfall:FleeingMerchant","floor":12,"turns":4},{"damage":0,"enemies":"2 Louse","floor":14,"turns":1},{"damage":3,"enemies":"Blue Slaver","floor":15,"turns":2},{"damage":17,"enemies":"IC_STATUS_ARCHETYPE","floor":16,"turns":9},{"damage":6,"enemies":"Spheric Guardian","floor":19,"turns":3},{"damage":0,"enemies":"Chosen","floor":20,"turns":3},{"damage":14,"enemies":"Centurion and Healer","floor":21,"turns":7},{"damage":3,"enemies":"Snake Plant","floor":23,"turns":3},{"damage":10,"enemies":"downfall:FleeingMerchant","floor":26,"turns":5},{"damage":2,"enemies":"downfall:FleeingMerchant","floor":28,"turns":4},{"damage":0,"enemies":"Snecko","floor":30,"turns":3},{"damage":4,"enemies":"Centurion and Healer","floor":32,"turns":5},{"damage":46,"enemies":"SI_MIRROR_ARCHETYPE","floor":33,"turns":8},{"damage":15,"enemies":"Orb Walker","floor":36,"turns":4},{"damage":53,"enemies":"3 Darklings","floor":37,"turns":6},{"damage":0,"enemies":"Jaw Worm Horde","floor":38,"turns":1},{"damage":17,"enemies":"downfall:FleeingMerchant","floor":40,"turns":3},{"damage":31,"enemies":"4 Shapes","floor":43,"turns":2}],"seed_played":"8485603468819387490","potions_obtained":[{"floor":8,"key":"sneckomod:MuddlingPotion"},{"floor":10,"key":"CultistPotion"},{"floor":11,"key":"BlessingOfTheForge"},{"floor":12,"key":"bronze:BurnAndBuffPotion"},{"floor":14,"key":"Block Potion"},{"floor":15,"key":"Regen Potion"},{"floor":16,"key":"CultistPotion"},{"floor":19,"key":"AttackPotion"},{"floor":20,"key":"PowerPotion"},{"floor":21,"key":"ColorlessPotion"},{"floor":23,"key":"sneckomod:MuddlingPotion"},{"floor":26,"key":"Guardian:BlockOnCardUsePotion"},{"floor":28,"key":"FearPotion"},{"floor":32,"key":"AttackPotion"},{"floor":33,"key":"SmokeBomb"},{"floor":36,"key":"PowerPotion"},{"floor":37,"key":"BlessingOfTheForge"},{"floor":40,"key":"BlessingOfTheForge"}],"is_trial":false,"path_per_floor":["R","M","?","?","$","R","T","?","R","M","E","$","R","M","M","B",null,"R","M","M","M","?","M","T","?","$","?","$","R","M","?","M","B",null,"R","M","M","M","?","$","T","$","M"],"character_chosen":"THE_SPIRIT","items_purchased":["White Beast Statue","Fruit Juice","Torii","Kunai"],"campfire_rested":0,"item_purchase_floors":[5,12,42,42],"current_hp_per_floor":[70,70,70,70,65,65,65,54,54,54,39,41,41,41,38,28,75,75,75,75,68,68,65,65,49,54,54,59,59,66,52,55,9,80,90,82,36,36,36,26,26,26,0,0,0],"gold":17,"neow_bonus":"TWO_FIFTY_GOLD","is_daily":false,"chose_seed":false,"campfire_upgraded":6,"win_rate":0.0,"timestamp":1613440582,"path_taken":["R","M","?","?","$","R","T","?","R","M","E","$","R","?","M","BOSS","R","M","M","M","?","M","T","?","$","?","$","R","M","?","M","BOSS","R","M","M","M","?","$","T","$","M"],"items_purchased_type":["Relic","Potion","Relic","Relic"],"build_version":"2020-12-22","purchased_purges":2,"victory":false,"max_hp_per_floor":[70,70,70,70,70,70,70,70,70,70,70,75,75,75,75,75,75,75,75,75,75,75,75,75,75,75,75,75,75,75,80,80,80,80,90,90,90,90,90,90,90,90,90,90,90],"relic_stats":{"Torii":1,"counters":[23,95],"Sundial":[4],"Kunai":[0],"Cursed Key":1,"obtain_stats":[{"downfall:HeartBlessingRed":35,"Torii":42,"Nilry\u0027s Codex":25,"downfall:HeartBlessingGreen":18,"Odd Mushroom":8,"Cursed Key":17,"Empty Cage":34,"White Beast Statue":5,"sneckomod:BabySnecko":22,"Sundial":11,"downfall:HeartBlessingBlue":35,"Bag of Marbles":7,"Kunai":42,"hexamod:SpiritBrand":0},{"downfall:HeartBlessingRed":18,"Torii":22,"Nilry\u0027s Codex":13,"downfall:HeartBlessingGreen":9,"Odd Mushroom":3,"Cursed Key":9,"Empty Cage":18,"White Beast Statue":2,"sneckomod:BabySnecko":12,"Sundial":5,"downfall:HeartBlessingBlue":18,"Bag of Marbles":2,"Kunai":22,"hexamod:SpiritBrand":0},{"downfall:HeartBlessingRed":79,"Torii":93,"Nilry\u0027s Codex":54,"downfall:HeartBlessingGreen":38,"Odd Mushroom":12,"Cursed Key":38,"Empty Cage":79,"White Beast Statue":7,"sneckomod:BabySnecko":51,"Sundial":22,"downfall:HeartBlessingBlue":79,"Bag of Marbles":7,"Kunai":93,"hexamod:SpiritBrand":0}]},"card_choices":[{"not_picked":["hexamod:ChargedBarrage","hexamod:ShieldOfDarkness"],"picked":"hexamod:StepThrough","floor":2},{"not_picked":["hexamod:SecondSeal","hexamod:AdvancingGuard"],"picked":"hexamod:NightmareStrike","floor":5},{"not_picked":["hexamod:FastForward","hexamod:PhantomCloak"],"picked":"hexamod:FirstSeal","floor":8},{"not_picked":["hexamod:EtherealExpedition","hexamod:SpectersWail"],"picked":"hexamod:ThirdSeal","floor":10},{"not_picked":["hexamod:BacktrackSmack","hexamod:SuperheatedStrike"],"picked":"hexamod:NecessarySacrifice","floor":11},{"not_picked":["hexamod:ShieldOfDarkness","hexamod:ThermalTransfer","hexamod:DynamicBlow"],"picked":"SKIP","floor":11},{"not_picked":["hexamod:ExtraCrispy","hexamod:SecondSeal"],"picked":"hexamod:ParanormalForm","floor":12},{"not_picked":["hexamod:SuperheatedStrike","hexamod:NightmareStrike"],"picked":"hexamod:GhostLash","floor":12},{"not_picked":["hexamod:BacktrackSmack","hexamod:ThermalTransfer","hexamod:NecessarySacrifice"],"picked":"SKIP","floor":14},{"not_picked":["hexamod:GhostLash","hexamod:InspiringFlames"],"picked":"hexamod:SpectralSpark","floor":15},{"not_picked":["hexamod:ParanormalForm","hexamod:VolcanoVisage"],"picked":"hexamod:GiftsFromTheDead","floor":16},{"not_picked":["hexamod:FlameSwitch","hexamod:ApocalypseNow"],"picked":"hexamod:UnlimitedPower","floor":16},{"not_picked":["hexamod:GhostShield","hexamod:ThermalTransfer"],"picked":"hexamod:InspiringFlames+1","floor":19},{"not_picked":["hexamod:NecessarySacrifice","hexamod:FastForward","hexamod:HeatMetal"],"picked":"SKIP","floor":19},{"not_picked":["hexamod:CatchUp","hexamod:ShieldOfDarkness","hexamod:FirstSeal"],"picked":"SKIP","floor":20},{"not_picked":["hexamod:SoulSteal+1","hexamod:Rewind"],"picked":"hexamod:NightmareGuise+1","floor":21},{"not_picked":["hexamod:ChargedBarrage+1","hexamod:FastForward+1"],"picked":"hexamod:NightmareStrike","floor":21},{"not_picked":["hexamod:Rewind","hexamod:GhostShield"],"picked":"hexamod:Hexaguard","floor":23},{"not_picked":["hexamod:AdvancingGuard","hexamod:PhantomFireball+1"],"picked":"hexamod:Hexaguard","floor":23},{"not_picked":["hexamod:GhostOfSpirePast+1","hexamod:BacktrackSmack"],"picked":"hexamod:Haunt","floor":26},{"not_picked":["hexamod:PowerFromBeyond","hexamod:CatchUp+1"],"picked":"hexamod:InspiringFlames+1","floor":26},{"not_picked":["hexamod:BacktrackSmack","hexamod:FlamesFromBeyond"],"picked":"hexamod:TimeWarp","floor":28},{"not_picked":["hexamod:BurningTouch","hexamod:Again","hexamod:BacktrackSmack+1"],"picked":"SKIP","floor":28},{"not_picked":["hexamod:NightmareGuise","hexamod:RainOfEmbers"],"picked":"hexamod:PowerFromBeyond","floor":30},{"not_picked":["hexamod:ShieldOfDarkness","hexamod:BacktrackSmack"],"picked":"hexamod:Haunt+1","floor":32},{"not_picked":["hexamod:WildfireWeapon","hexamod:FlameSwitch"],"picked":"hexamod:FifthSeal","floor":33},{"not_picked":["hexamod:ParanormalForm","hexamod:TurnItUp"],"picked":"hexamod:GhostflameInferno","floor":33},{"not_picked":["hexamod:FourthSeal","hexamod:ThirdSeal"],"picked":"hexamod:SixthSeal","floor":36},{"not_picked":["hexamod:HauntingEcho","hexamod:SuperheatedStrike"],"picked":"hexamod:SpectersWail+1","floor":36},{"not_picked":["hexamod:ShieldOfDarkness","hexamod:SwordOfDarkness+1","hexamod:FastForward+1"],"picked":"SKIP","floor":36},{"not_picked":["hexamod:SecondSeal","hexamod:FirstSeal"],"picked":"hexamod:FourthSeal","floor":37},{"not_picked":["hexamod:SpectersWail+1","hexamod:NightmareGuise"],"picked":"hexamod:UnlimitedPower","floor":37},{"not_picked":["hexamod:RadiantFlame+1","hexamod:StepThrough"],"picked":"hexamod:SecondSeal","floor":37},{"not_picked":["hexamod:SixthSeal","hexamod:SecondSeal"],"picked":"hexamod:FourthSeal","floor":40},{"not_picked":["hexamod:ThermalTransfer+1","hexamod:BurningTouch"],"picked":"hexamod:RetreatToShadows","floor":40},{"not_picked":["hexamod:FastForward+1","hexamod:NightmareStrike+1","hexamod:BacktrackSmack"],"picked":"SKIP","floor":40}],"player_experience":1070277,"relics_obtained":[{"floor":7,"key":"Bag of Marbles"},{"floor":8,"key":"Odd Mushroom"},{"floor":11,"key":"Sundial"},{"floor":25,"key":"Nilry\u0027s Codex"}],"event_choices":[{"damage_healed":0,"gold_gain":0,"player_choice":"Fought Mushrooms","damage_taken":0,"max_hp_gain":0,"max_hp_loss":0,"event_name":"Mushrooms","floor":8,"gold_loss":0},{"damage_healed":0,"gold_gain":0,"player_choice":"Read","damage_taken":0,"max_hp_gain":0,"max_hp_loss":0,"event_name":"The Library","floor":27,"gold_loss":0,"cards_obtained":["hexamod:Haunt"]}],"is_beta":false,"boss_relics":[{"not_picked":["Velvet Choker","Black Star"],"picked":"Cursed Key"},{"not_picked":["hexamod:UnbrokenSoul","Runic Pyramid"],"picked":"Empty Cage"}],"items_purged_floors":[5,40],"is_endless":false,"potions_floor_spawned":[8,10,11,12,14,15,16,19,20,21,23,26,28,30,32,33,36,37,38,40],"killed_by":"4 Shapes","ascension_level":2}}