{"host":"cjhtzh7tp54jdfyv","time":1613444166,"event":{"mods":["AchievementEnabler","BaseMod","Colored Map","Colored Powertips","Curses Come First","DeckTracker","Filter the Spire","Minty Spire (QoL Compilation)","RNG Fix","Relic Sorter","Relic Stats","StSLib","UnlockEverythingMod","ojb\u0027s Better Paths Mod","ojb\u0027s Info Mod"],"gold_per_floor":[115,115,125,141,66,95,41,76,127,127,138,138,138,155,155,232,232,246,89,89,106,116,151,182,182,182,182,197,72,89,115,115,189,189,201,201,217,217,67,100,100,114,114,139,159,381,414,433,433,433,433,433,433,9,43,43],"floor_reached":57,"language":"ENG","playtime":4394,"items_purged":["Defend_P","Defend_P","Strike_P","Strike_P","Strike_P"],"score":3505,"play_id":"328cde40-41a5-456d-8565-6fae0c14bb25","local_time":"20210215215606","is_ascension_mode":true,"campfire_choices":[{"floor":10.0,"key":"REST"},{"data":"Eruption","floor":12.0,"key":"SMITH"},{"data":"Adaptation","floor":15.0,"key":"SMITH"},{"data":"Scrawl","floor":25,"key":"SMITH"},{"data":"Adaptation","floor":27,"key":"SMITH"},{"data":"InnerPeace","floor":32,"key":"SMITH"},{"data":"Scrawl","floor":41,"key":"SMITH"},{"floor":49,"key":"RECALL"},{"data":"Vigilance","floor":53,"key":"SMITH"}],"circlet_count":0,"master_deck":["AscendersBane","Strike_P","Eruption+1","Vigilance+1","EmptyFist","Adaptation+1","FearNoEvil","Adaptation+1","CrushJoints","InnerPeace+1","Scrawl+1","Sanctity+1","Scrawl+1","Scrawl+1","MentalFortress+1","Wireheading+1"],"relics":["Empty Cage","InkBottle","Shuriken","Gambling Chip","VioletLotus","Red Mask","Oddly Smooth Stone","PreservedInsect","Singing Bowl","Runic Dome","White Beast Statue","Frozen Egg 2","TeardropLocket","Vajra","Anchor"],"acts_visited":["Exordium","TheCity","TheBeyond","TheEnding"],"potions_floor_usage":[24,30,56],"damage_taken":[{"damage":0.0,"enemies":"Jaw Worm","floor":1.0,"turns":3.0},{"damage":0.0,"enemies":"Small Slimes","floor":3.0,"turns":2.0},{"damage":14.0,"enemies":"2 Louse","floor":4.0,"turns":2.0},{"damage":17.0,"enemies":"3 Sentries","floor":6.0,"turns":5.0},{"damage":0.0,"enemies":"Gremlin Nob","floor":8.0,"turns":2.0},{"damage":8.0,"enemies":"Lots of Slimes","floor":11.0,"turns":3.0},{"damage":11.0,"enemies":"Looter","floor":14.0,"turns":2.0},{"damage":0.0,"enemies":"Slime Boss","floor":16.0,"turns":7.0},{"damage":0.0,"enemies":"Chosen","floor":18.0,"turns":2.0},{"damage":0.0,"enemies":"3 Byrds","floor":21.0,"turns":2.0},{"damage":4.0,"enemies":"Snake Plant","floor":22.0,"turns":2.0},{"damage":0.0,"enemies":"Masked Bandits","floor":23.0,"turns":2.0},{"damage":0,"enemies":"Gremlin Leader","floor":24,"turns":4},{"damage":0,"enemies":"3 Cultists","floor":28,"turns":3},{"damage":0,"enemies":"Centurion and Healer","floor":30,"turns":1},{"damage":0,"enemies":"Slavers","floor":31,"turns":1},{"damage":0,"enemies":"Collector","floor":33,"turns":2},{"damage":0,"enemies":"Orb Walker","floor":35,"turns":2},{"damage":0,"enemies":"3 Darklings","floor":37,"turns":2},{"damage":0,"enemies":"Nemesis","floor":40,"turns":1},{"damage":0,"enemies":"Sphere and 2 Shapes","floor":42,"turns":1},{"damage":0,"enemies":"Reptomancer","floor":44,"turns":1},{"damage":0,"enemies":"Transient","floor":45,"turns":1},{"damage":0,"enemies":"Nemesis","floor":47,"turns":1},{"damage":0,"enemies":"3 Darklings","floor":48,"turns":1},{"damage":0,"enemies":"Time Eater","floor":50,"turns":7},{"damage":0,"enemies":"Donu and Deca","floor":51,"turns":1},{"damage":0,"enemies":"Shield and Spear","floor":55,"turns":1},{"damage":0,"enemies":"The Heart","floor":56,"turns":4}],"seed_played":"4207480387800456307","potions_obtained":[{"floor":1.0,"key":"Energy Potion"},{"floor":3.0,"key":"StancePotion"},{"floor":6.0,"key":"Swift Potion"},{"floor":21.0,"key":"Block Potion"},{"floor":24,"key":"Fruit Juice"},{"floor":28,"key":"SteroidPotion"},{"floor":30,"key":"ColorlessPotion"},{"floor":48,"key":"Ambrosia"},{"floor":55,"key":"DuplicationPotion"}],"is_trial":false,"path_per_floor":["M","?","M","M","$","E","$","E","T","R","M","R","?","M","R","B",null,"M","$","?","M","M","?","E","R","T","R","M","$","M","E","R","B",null,"M","?","M","?","$","E","R","M","T","E","M","?","E","M","R","B","B",null,"R","$","E","B",null],"character_chosen":"WATCHER","items_purchased":["BlessingOfTheForge","SkillPotion","Wireheading+1","Swift Potion","FairyPotion"],"campfire_rested":1,"item_purchase_floors":[7,19,54,54,54],"current_hp_per_floor":[61,43,43,29,29,12,12,12,12,32,24,24,24,13,13,13,54,54,54,54,54,50,50,50,50,50,50,50,50,55,57,57,57,71,73,73,75,75,75,77,77,79,79,81,83,83,83,85,85,85,85,88,88,88,90,90],"gold":43,"neow_bonus":"BOSS_RELIC","is_daily":false,"chose_seed":false,"campfire_upgraded":7,"win_rate":0.0,"timestamp":1613444166,"path_taken":["M","?","M","M","$","E","?","E","T","R","?","R","?","M","R","BOSS","M","$","?","?","M","?","E","R","T","R","M","$","M","E","R","BOSS","M","?","M","?","$","E","R","M","T","E","M","?","E","M","R","BOSS","BOSS","R","$","E","BOSS"],"items_purchased_type":["Potion","Potion","Card","Potion","Potion"],"build_version":"2020-12-22","purchased_purges":5,"victory":true,"max_hp_per_floor":[68,68,68,68,68,68,68,68,68,68,68,68,68,68,68,68,68,68,68,68,68,68,68,68,68,68,68,68,68,73,75,75,75,75,77,77,79,79,79,81,81,83,83,85,87,87,87,89,89,89,89,89,89,89,91,91],"relic_stats":{"Singing Bowl":18,"counters":[29,68],"Shuriken":[116],"Gambling Chip":[51],"VioletLotus":[173],"PreservedInsect":278,"obtain_stats":[{"Singing Bowl":31,"Oddly Smooth Stone":24,"Vajra":47,"PreservedInsect":26,"TeardropLocket":44,"Frozen Egg 2":43,"Empty Cage":0,"White Beast Statue":40,"Runic Dome":34,"Anchor":55,"Shuriken":2,"Gambling Chip":8,"VioletLotus":17,"Red Mask":23,"PureWater":0,"InkBottle":6},{"Singing Bowl":16,"Oddly Smooth Stone":13,"Vajra":24,"PreservedInsect":13,"TeardropLocket":22,"Frozen Egg 2":21,"Empty Cage":0,"White Beast Statue":20,"Runic Dome":17,"Anchor":28,"Shuriken":1,"Gambling Chip":5,"VioletLotus":8,"Red Mask":12,"PureWater":0,"InkBottle":4},{"Singing Bowl":43,"Oddly Smooth Stone":38,"Vajra":54,"PreservedInsect":38,"TeardropLocket":52,"Frozen Egg 2":51,"Empty Cage":0,"White Beast Statue":50,"Runic Dome":45,"Anchor":64,"Shuriken":3,"Gambling Chip":14,"VioletLotus":26,"Red Mask":34,"PureWater":0,"InkBottle":12}],"InkBottle":[51]},"card_choices":[{"not_picked":["Nirvana","Fasting2","Pray"],"picked":"SKIP","floor":1.0},{"not_picked":["ClearTheMind","EmptyMind"],"picked":"EmptyFist","floor":3.0},{"not_picked":["FlurryOfBlows","Pray"],"picked":"Adaptation","floor":4.0},{"not_picked":["Worship","SandsOfTime"],"picked":"FearNoEvil","floor":6.0},{"not_picked":["LikeWater","Indignation"],"picked":"Adaptation","floor":8.0},{"not_picked":["FollowUp","Nirvana"],"picked":"CrushJoints","floor":11.0},{"not_picked":["Judgement","EmptyMind"],"picked":"InnerPeace","floor":14.0},{"not_picked":["LessonLearned","Blasphemy"],"picked":"Scrawl","floor":16.0},{"not_picked":["Collect","BowlingBash","Halt"],"picked":"SKIP","floor":18.0},{"not_picked":["WheelKick","ThirdEye","JustLucky+1"],"picked":"SKIP","floor":21.0},{"not_picked":["BowlingBash","LikeWater","Halt"],"picked":"SKIP","floor":22.0},{"not_picked":["Evaluate","FollowUp"],"picked":"Sanctity+1","floor":23.0},{"not_picked":["Blasphemy","Wallop","FlyingSleeves"],"picked":"SKIP","floor":24},{"not_picked":["Crescendo","JustLucky","FollowUp"],"picked":"SKIP","floor":28},{"not_picked":["WheelKick","ClearTheMind","FlurryOfBlows"],"picked":"SKIP","floor":30},{"not_picked":["FearNoEvil","ThirdEye","EmptyFist"],"picked":"Singing Bowl","floor":31},{"not_picked":["Blasphemy","Omniscience"],"picked":"Scrawl","floor":33},{"not_picked":["BowlingBash","ReachHeaven","Weave"],"picked":"Singing Bowl","floor":35},{"not_picked":["CrushJoints","TalkToTheHand","EmptyBody+1"],"picked":"Singing Bowl","floor":37},{"not_picked":["ThirdEye","Indignation+1","JustLucky"],"picked":"Singing Bowl","floor":40},{"not_picked":["Prostrate+1","Swivel","Crescendo+1"],"picked":"Singing Bowl","floor":42},{"not_picked":["Vengeance+1","Prostrate+1","BowlingBash"],"picked":"Singing Bowl","floor":44},{"not_picked":["CrushJoints+1","FollowUp","Sanctity"],"picked":"Singing Bowl","floor":45},{"not_picked":["Devotion+1","EmptyFist"],"picked":"MentalFortress+1","floor":47},{"not_picked":["CutThroughFate+1","EmptyFist","FollowUp"],"picked":"Singing Bowl","floor":48},{"not_picked":["ThirdEye","Judgement","SandsOfTime"],"picked":"Singing Bowl","floor":55}],"player_experience":4682381,"relics_obtained":[{"floor":6.0,"key":"InkBottle"},{"floor":8.0,"key":"Gambling Chip"},{"floor":23.0,"key":"Red Mask"},{"floor":24,"key":"Oddly Smooth Stone"},{"floor":26,"key":"PreservedInsect"},{"floor":31,"key":"Singing Bowl"},{"floor":40,"key":"White Beast Statue"},{"floor":43,"key":"Frozen Egg 2"},{"floor":44,"key":"TeardropLocket"},{"floor":47,"key":"Vajra"},{"floor":55,"key":"Anchor"}],"event_choices":[{"damage_healed":0.0,"max_hp_gain":0.0,"max_hp_loss":0.0,"gold_gain":0.0,"event_name":"Scrap Ooze","player_choice":"Success","floor":2.0,"gold_loss":0.0,"damage_taken":18.0,"relics_obtained":["Shuriken"]},{"damage_healed":0.0,"max_hp_gain":0.0,"max_hp_loss":0.0,"gold_gain":0.0,"event_name":"Dead Adventurer","player_choice":"Searched \u00270\u0027 times","floor":13.0,"gold_loss":0.0,"damage_taken":0.0},{"damage_healed":0.0,"max_hp_gain":0.0,"max_hp_loss":0.0,"gold_gain":0.0,"event_name":"Vampires","player_choice":"Ignored","floor":20.0,"gold_loss":0.0,"damage_taken":0.0},{"damage_healed":0.0,"max_hp_gain":0.0,"max_hp_loss":0.0,"gold_gain":0.0,"event_name":"Masked Bandits","player_choice":"Fought Bandits","floor":23.0,"gold_loss":0.0,"damage_taken":0.0},{"damage_healed":0,"gold_gain":0,"player_choice":"Copied","damage_taken":0,"max_hp_gain":0,"max_hp_loss":0,"event_name":"Duplicator","floor":36,"gold_loss":0,"cards_obtained":["Scrawl"]},{"damage_healed":0,"gold_gain":0,"player_choice":"Got Potions","damage_taken":0,"max_hp_gain":0,"max_hp_loss":0,"event_name":"Lab","floor":38,"gold_loss":0},{"damage_healed":0,"gold_gain":222,"player_choice":"Wore Mask","damage_taken":0,"max_hp_gain":0,"max_hp_loss":0,"event_name":"Tomb of Lord Red Mask","floor":46,"gold_loss":0}],"is_beta":false,"boss_relics":[{"not_picked":["Fusion Hammer","Sozu"],"picked":"VioletLotus"},{"not_picked":["Snecko Eye","Cursed Key"],"picked":"Runic Dome"}],"items_purged_floors":[5,19,29,39,54],"is_endless":false,"potions_floor_spawned":[1,3,6,21,24,28,30,31,40,42,44,45,47,48,55],"ascension_level":20}}