{"host":"04x9isxu4s2lvye3","time":1613437243,"event":{"mods":["BaseMod","Colored Powertips","Highlight Path","Minty Spire (QoL Compilation)"],"gold_per_floor":[112,124,124,144,144,178,189,189,243,255,267,311,323,353,365,478,490,522,234,234,248,248,248,248],"floor_reached":23,"language":"ENG","playtime":1139,"items_purged":["Strike_R"],"score":269,"play_id":"d530e957-ab34-464c-83eb-9cd67e4d7916","local_time":"20210215200043","is_ascension_mode":true,"campfire_choices":[{"data":"Power Through","floor":8.0,"key":"SMITH"},{"data":"Bash","floor":10.0,"key":"SMITH"},{"data":"True Grit","floor":13.0,"key":"SMITH"},{"data":"Offering","floor":15.0,"key":"SMITH"}],"circlet_count":0,"master_deck":["Strike_R+1","Strike_R","Strike_R","Strike_R+1","Defend_R","Defend_R+1","Defend_R+1","Defend_R","Bash+1","Hemokinesis+1","True Grit+1","Power Through+1","Headbutt","Offering+1","Demon Form","Bloodletting+1","Evolve","Second Wind","Inflame"],"relics":["Burning Blood","War Paint","Bottled Lightning","MawBank","Anchor","Mark of Pain","OrangePellets","Enchiridion"],"acts_visited":["Exordium","TheCity"],"potions_floor_usage":[16,16,18],"damage_taken":[{"damage":1.0,"enemies":"2 Louse","floor":1.0,"turns":4.0},{"damage":6.0,"enemies":"Jaw Worm","floor":2.0,"turns":3.0},{"damage":4.0,"enemies":"Small Slimes","floor":4.0,"turns":3.0},{"damage":18.0,"enemies":"3 Sentries","floor":6.0,"turns":8.0},{"damage":6.0,"enemies":"Exordium Thugs","floor":7.0,"turns":5.0},{"damage":18.0,"enemies":"Gremlin Nob","floor":12.0,"turns":3.0},{"damage":2.0,"enemies":"Looter","floor":14.0,"turns":3.0},{"damage":30,"enemies":"The Guardian","floor":16,"turns":10},{"damage":11,"enemies":"Shell Parasite","floor":18,"turns":4},{"damage":13,"enemies":"Chosen","floor":21,"turns":4},{"damage":37,"enemies":"Slavers","floor":23,"turns":4}],"seed_played":"7340886651230014280","potions_obtained":[{"floor":1.0,"key":"AttackPotion"},{"floor":4.0,"key":"LiquidBronze"},{"floor":7.0,"key":"CultistPotion"},{"floor":16,"key":"LiquidBronze"}],"is_trial":false,"path_per_floor":["M","M","?","M","?","E","M","R","T","R","?","E","R","M","R","B",null,"M","$","?","M","?","E"],"character_chosen":"IRONCLAD","items_purchased":["Evolve","OrangePellets"],"campfire_rested":0,"item_purchase_floors":[19,19],"current_hp_per_floor":[77,77,77,79,63,51,51,51,51,51,51,39,39,43,43,19,65,60,60,60,53,37,0,0],"gold":248,"neow_bonus":"RANDOM_COMMON_RELIC","is_daily":false,"chose_seed":false,"campfire_upgraded":4,"win_rate":0.0,"timestamp":1613437243,"path_taken":["M","M","?","M","?","E","M","R","T","R","?","E","R","?","R","BOSS","M","$","?","M","?","E"],"items_purchased_type":["Card","Relic"],"build_version":"2020-12-22","purchased_purges":1,"victory":false,"max_hp_per_floor":[80,80,80,80,80,80,80,80,80,80,80,80,80,80,80,80,80,80,80,80,80,80,80,80],"card_choices":[{"not_picked":["Sever Soul","Headbutt"],"picked":"Hemokinesis","floor":1.0},{"not_picked":["Body Slam","Iron Wave"],"picked":"True Grit","floor":2.0},{"not_picked":["Havoc","Searing Blow"],"picked":"Power Through","floor":4.0},{"not_picked":["Iron Wave","Anger"],"picked":"Headbutt","floor":6.0},{"not_picked":["True Grit","Cleave","Wild Strike"],"picked":"SKIP","floor":7.0},{"not_picked":["Cleave","Havoc"],"picked":"Offering","floor":12.0},{"not_picked":["Spot Weakness","Headbutt","Thunderclap"],"picked":"SKIP","floor":14.0},{"not_picked":["Immolate","Berserk"],"picked":"Demon Form","floor":16},{"not_picked":["Iron Wave+1","Anger+1"],"picked":"Bloodletting+1","floor":18},{"not_picked":["Second Wind","Rage"],"picked":"Inflame","floor":21}],"player_experience":306282,"relics_obtained":[{"floor":6.0,"key":"Bottled Lightning"},{"floor":9.0,"key":"MawBank"},{"floor":12.0,"key":"Anchor"},{"floor":22,"key":"Enchiridion"}],"event_choices":[{"damage_healed":0.0,"max_hp_gain":0.0,"max_hp_loss":0.0,"gold_gain":0.0,"event_name":"Living Wall","player_choice":"Grow","floor":3.0,"gold_loss":0.0,"damage_taken":0.0,"cards_upgraded":["Hemokinesis"]},{"damage_healed":0.0,"max_hp_gain":0.0,"max_hp_loss":0.0,"gold_gain":0.0,"event_name":"Shining Light","player_choice":"Entered Light","floor":5.0,"gold_loss":0.0,"damage_taken":16.0,"cards_upgraded":["Strike_R","Strike_R"]},{"damage_healed":0.0,"max_hp_gain":0.0,"max_hp_loss":0.0,"gold_gain":0.0,"event_name":"Liars Game","player_choice":"Ignored","floor":11.0,"gold_loss":0.0,"damage_taken":0.0},{"damage_healed":0,"gold_gain":0,"player_choice":"Read","damage_taken":0,"max_hp_gain":0,"max_hp_loss":0,"event_name":"The Library","floor":20,"gold_loss":0,"cards_obtained":["Second Wind"]},{"damage_healed":0,"gold_gain":0,"player_choice":"Obtained Book","damage_taken":16,"max_hp_gain":0,"max_hp_loss":0,"event_name":"Cursed Tome","floor":22,"gold_loss":0}],"is_beta":false,"boss_relics":[{"not_picked":["Runic Pyramid","SlaversCollar"],"picked":"Mark of Pain"}],"items_purged_floors":[19],"is_endless":false,"potions_floor_spawned":[1,4,7,16],"killed_by":"Slavers","ascension_level":7}}