{"host":"8efry9zhj4tjp5kw","time":1613510711,"event":{"mods":["Act Like it!","Aspiration","Bard","BaseMod","Beaked The Cultist","Colored Map","Colored Powertips","Conspire","Downfall","Glutton Mod","Halation","Hallownest","Hermit","Highlight Path","Hubris","Infinite Spire","Jedi Mod","Jorbs\u0027s Wanderer Trilogy","Koishi","Mad Scientist","Marisa????????","Mimic Mod","Minty Spire (QoL Compilation)","Reworked Bosses","Shop Mod","StSLib","The Administrix","The Construct","The Disciple","The Jungle","The Mystic","The Necromancer","The Servant 0.9.4","Unceasing Turn Reminder"],"gold_per_floor":[99,110,129,41,58,58,89,89,104,137,150,150,150,150,161,261,261,261,277,277,296,312,325,379,379,395,395,426,426,39,59,75,171,171,171,182,182,197,132,132,168,183,193,193,193,268,288,317,329,329],"floor_reached":51,"language":"ENG","playtime":3357,"items_purged":["bronze:Strike","bronze:Defend"],"score":1041,"play_id":"467835be-585d-4931-a72c-8842bd090d7f","local_time":"20210216222511","is_ascension_mode":true,"campfire_choices":[{"data":"bronze:Goto","floor":1,"key":"SMITH"},{"data":"bronze:BugBarrage","floor":6,"key":"SMITH"},{"data":"bronze:Constructor","floor":8,"key":"SMITH"},{"data":"bronze:ItsAFeature","floor":13,"key":"SMITH"},{"data":"bronze:Hardcode","floor":18,"key":"SMITH"},{"data":"bronze:FollowUp","floor":25,"key":"SMITH"},{"floor":27,"key":"REST"},{"data":"bronze:BugBarrage","floor":29,"key":"SMITH"},{"data":"bronze:Hardcode","floor":35,"key":"SMITH"},{"floor":44,"key":"REST"}],"circlet_count":0,"master_deck":["bronze:Defend","bronze:Defend","bronze:Defend","bronze:Replicate","bronze:MaxOutput","bronze:WildBeam","bronze:BugBarrage+1","bronze:Turbo","bronze:Shield","bronze:Separator","bronze:ItsAFeature+1","bronze:FollowUp+1","bronze:FunctionCard","bronze:BugBarrage+1","bronze:Branch","bronze:MaxOutput","bronze:FollowUp+1","bronze:Turbo+1","bronze:Safeguard+1","bronze:ChildClass+1","bronze:DigitalCarnage+1","bronze:FunctionCard","bronze:ItsAFeature+1","bronze:Shell+1","bronze:Shell+1"],"relics":["bronze:BronzeCore","Potion Belt","Toy Ornithopter","Black Star","Tiny Chest","halation:SwordOfLegend","aspiration:EmptySkull","halation:PromiseList","Astrolabe","Blue Candle","bronze:BronzeIdol","ClockworkSouvenir","Incense Burner","hubris:CuriousFeather","Ornamental Fan","infinitespire:PuzzleCube","hubris:PeanutButter"],"acts_visited":["Exordium","TheCity","TheBeyond"],"potions_floor_usage":[16,19,26,26,28,28,33,49,50,50,50,50],"damage_taken":[{"damage":4,"enemies":"Jaw Worm","floor":2,"turns":6},{"damage":4,"enemies":"2 Louse","floor":3,"turns":2},{"damage":0,"enemies":"downfall:FleeingMerchant","floor":4,"turns":4},{"damage":0,"enemies":"Small Slimes","floor":5,"turns":4},{"damage":0,"enemies":"Exordium Thugs","floor":7,"turns":4},{"damage":1,"enemies":"Exordium Thugs","floor":9,"turns":3},{"damage":10,"enemies":"3 Sentries","floor":10,"turns":6},{"damage":13,"enemies":"Large Slime","floor":11,"turns":5},{"damage":1,"enemies":"downfall:LooterAlt","floor":15,"turns":2},{"damage":6,"enemies":"DF_ARCHETYPE_STREAMLINE","floor":16,"turns":6},{"damage":29,"enemies":"Spheric Guardian","floor":19,"turns":7},{"damage":9,"enemies":"3 Byrds","floor":21,"turns":5},{"damage":0,"enemies":"conspire:HollyBat","floor":22,"turns":8},{"damage":0,"enemies":"Cultist and Chosen","floor":23,"turns":5},{"damage":9,"enemies":"Snake Plant","floor":26,"turns":5},{"damage":0,"enemies":"Book of Stabbing","floor":28,"turns":6},{"damage":3,"enemies":"downfall:FleeingMerchant","floor":30,"turns":4},{"damage":0,"enemies":"Sentry and Sphere","floor":31,"turns":3},{"damage":0,"enemies":"Cultist and Chosen","floor":32,"turns":4},{"damage":14,"enemies":"WA_ARCHETYPE_CALM","floor":33,"turns":7},{"damage":39,"enemies":"3 Darklings","floor":36,"turns":4},{"damage":0,"enemies":"3 Shapes","floor":38,"turns":3},{"damage":0,"enemies":"downfall:FleeingMerchant","floor":39,"turns":4},{"damage":0,"enemies":"Sphere and 2 Shapes","floor":41,"turns":3},{"damage":0,"enemies":"Sphere and 2 Shapes","floor":42,"turns":4},{"damage":0,"enemies":"Maw","floor":43,"turns":4},{"damage":0,"enemies":"3 Darklings","floor":47,"turns":4},{"damage":0,"enemies":"Giant Head","floor":48,"turns":4},{"damage":30,"enemies":"Writhing Mass","floor":49,"turns":3},{"damage":39,"enemies":"SI_POISON_ARCHETYPE","floor":50,"turns":11}],"seed_played":"5620660445404585122","potions_obtained":[{"floor":2,"key":"PowerPotion"},{"floor":5,"key":"bronze:CleanCodePotion"},{"floor":9,"key":"Weak Potion"},{"floor":11,"key":"SteroidPotion"},{"floor":15,"key":"ColorlessPotion"},{"floor":21,"key":"Fire Potion"},{"floor":22,"key":"Ancient Potion"},{"floor":28,"key":"PowerPotion"},{"floor":33,"key":"bronze:BurnAndBuffPotion"},{"floor":36,"key":"Swift Potion"},{"floor":43,"key":"GamblersBrew"},{"floor":48,"key":"Swift Potion"},{"floor":49,"key":"SkillPotion"}],"is_trial":false,"path_per_floor":["R","M","M","$","M","R","MIM","R","M","E","M","?","R","?","M","B",null,"R","M","?","M","M","M","T","R","M","R","E","R","$","M","M","B",null,"R","M","?","M","$","?","MIM","M","M","R","T","T","M","E","M","B",null],"character_chosen":"THE_AUTOMATON","items_purchased":["bronze:Constructor","bronze:Turbo","bronze:MaxOutput","halation:PromiseList","bronze:FollowUp","bronze:BronzeIdol","ClockworkSouvenir"],"campfire_rested":2,"item_purchase_floors":[4,4,30,30,30,39,39],"current_hp_per_floor":[70,66,62,62,62,62,62,62,61,51,38,61,61,61,60,59,67,67,42,42,33,33,33,33,33,34,55,65,64,61,61,61,52,66,70,31,26,26,26,26,26,26,26,59,59,59,59,59,34,15],"gold":329,"neow_bonus":"THREE_CARDS","is_daily":false,"chose_seed":false,"campfire_upgraded":8,"win_rate":0.0,"timestamp":1613510711,"path_taken":["R","M","M","$","M","R","MIM","R","M","E","M","?","R","?","M","BOSS","R","M","?","M","M","M","T","R","M","R","E","R","$","M","M","BOSS","R","M","?","M","$","?","MIM","M","M","R","?","?","?","E","M","BOSS"],"items_purchased_type":["Card","Card","Card","Relic","Card","Relic","Relic"],"build_version":"2020-12-22","purchased_purges":2,"victory":true,"max_hp_per_floor":[70,70,70,70,70,70,70,70,70,70,70,70,70,70,70,70,70,70,70,70,70,70,70,70,70,70,70,70,70,70,70,70,70,70,70,70,70,70,70,70,70,70,70,70,70,70,70,70,70,70],"card_choices":[{"not_picked":["bronze:Turbo","bronze:ForceShield"],"picked":"bronze:MaxOutput","floor":0},{"not_picked":["bronze:InfiniteBeams","bronze:Flail"],"picked":"bronze:WildBeam","floor":2},{"not_picked":["bronze:Backtrace","bronze:BuggyMess"],"picked":"bronze:BugBarrage","floor":3},{"not_picked":["bronze:Overheat","bronze:CutThrough","bronze:CloningBeam"],"picked":"SKIP","floor":4},{"not_picked":["bronze:ForceShield","bronze:Frontload"],"picked":"bronze:Shield","floor":5},{"not_picked":["bronze:ChildClass","bronze:DelayedSlice"],"picked":"bronze:Separator","floor":7},{"not_picked":["bronze:FineTuning","bronze:BitShift"],"picked":"bronze:Shell","floor":9},{"not_picked":["bronze:BitShift","bronze:AlphaBuild"],"picked":"bronze:ItsAFeature","floor":10},{"not_picked":["bronze:Shield","bronze:DelayedSlice"],"picked":"bronze:Terminator","floor":11},{"not_picked":["bronze:Branch","bronze:BuggyMess"],"picked":"bronze:FollowUp","floor":15},{"not_picked":["bronze:Format","bronze:RecursiveStrike"],"picked":"bronze:Hardcode","floor":16},{"not_picked":["bronze:ItsAFeature","bronze:Overheat"],"picked":"bronze:BugBarrage","floor":19},{"not_picked":["bronze:Shield+1","bronze:DelayedSlice+1","bronze:Backtrace"],"picked":"SKIP","floor":21},{"not_picked":["bronze:WhirlingStrike+1","bronze:Separator","bronze:WildBeam"],"picked":"SKIP","floor":22},{"not_picked":["bronze:BitShift","bronze:DelayedGuard","bronze:BronzeOrb"],"picked":"SKIP","floor":23},{"not_picked":["bronze:Return","bronze:Deprecate","bronze:CutThrough"],"picked":"SKIP","floor":26},{"not_picked":["bronze:Turbo","bronze:WhirlingStrike+1","bronze:TinkerersToolbox"],"picked":"SKIP","floor":28},{"not_picked":["bronze:ClassDefault","bronze:ChildClass+1","bronze:BronzeOrb"],"picked":"SKIP","floor":30},{"not_picked":["bronze:Overheat","bronze:Invalidate+1"],"picked":"bronze:BuggyMess","floor":31},{"not_picked":["bronze:DelayedGuard","bronze:DelayedSlice"],"picked":"bronze:Turbo+1","floor":32},{"not_picked":["bronze:AlphaBuild","bronze:InfiniteLoop"],"picked":"bronze:Hardcode","floor":33},{"not_picked":["bronze:BitShift+1","bronze:Separator+1","bronze:ClassDefault+1"],"picked":"SKIP","floor":36},{"not_picked":["bronze:Iterate","bronze:DelayedGuard","bronze:BronzeOrb"],"picked":"SKIP","floor":38},{"not_picked":["bronze:GetLatest","bronze:ForLoop+1"],"picked":"bronze:ItsAFeature+1","floor":39},{"not_picked":["bronze:DelayedSlice+1","bronze:Iterate"],"picked":"bronze:Shell+1","floor":41},{"not_picked":["bronze:CutThrough+1","bronze:MaxOutput","bronze:Frontload+1"],"picked":"SKIP","floor":42},{"not_picked":["bronze:Repulsor+1","bronze:FineTuning+1","bronze:Iterate"],"picked":"SKIP","floor":43},{"not_picked":["bronze:Frontload","bronze:CutThrough","bronze:CloningBeam+1"],"picked":"SKIP","floor":47},{"not_picked":["bronze:ChosenStrike+1","bronze:Verify"],"picked":"bronze:Shell+1","floor":48},{"not_picked":["bronze:DelayedGuard","bronze:CloningBeam+1","bronze:Turbo+1"],"picked":"SKIP","floor":49},{"not_picked":["bronze:DelayedGuard","bronze:CloningBeam+1","bronze:Turbo+1"],"picked":"SKIP","floor":49}],"player_experience":1138035,"relics_obtained":[{"floor":7,"key":"Potion Belt"},{"floor":10,"key":"Toy Ornithopter"},{"floor":24,"key":"Tiny Chest"},{"floor":28,"key":"halation:SwordOfLegend"},{"floor":28,"key":"aspiration:EmptySkull"},{"floor":41,"key":"Incense Burner"},{"floor":45,"key":"hubris:CuriousFeather"},{"floor":46,"key":"Ornamental Fan"},{"floor":48,"key":"infinitespire:PuzzleCube"},{"floor":48,"key":"hubris:PeanutButter"}],"event_choices":[{"damage_healed":23,"gold_gain":0,"player_choice":"Banana","damage_taken":0,"max_hp_gain":0,"max_hp_loss":0,"event_name":"Big Fish","floor":12,"gold_loss":0},{"damage_healed":0,"gold_gain":0,"player_choice":"Read","damage_taken":0,"max_hp_gain":0,"max_hp_loss":0,"event_name":"The Library","floor":20,"gold_loss":0,"cards_obtained":["bronze:Branch"]}],"is_beta":false,"boss_relics":[{"not_picked":["aspiration:RunicSpoon","Tiny House"],"picked":"Black Star"},{"not_picked":["hubris:ScarierMask","halation:ForbiddenBikini"],"picked":"Astrolabe"}],"items_purged_floors":[30,39],"is_endless":false,"potions_floor_spawned":[2,5,9,11,15,21,22,28,33,36,43,48,49],"ascension_level":5}}