{"host":"2n2g1vowfllvjtvi","time":1613471902,"event":{"mods":["AchievementEnabler","BaseMod","Custom Start","GifTheSpireLib","Keyboard Shortcuts","Minty Spire (QoL Compilation)","Permanent Neow","Quick Restart","StSLib","SuperFastMode"],"gold_per_floor":[111,111,123,298,1,31,31,63,63,74,74,101,26,26,26,97,97,107,382,6,22,22,51,51,69,92,92,139,139,158,174,174,249,249,260,273,13,13,0,34,34,45,121,121,131,149,149,165,165,165],"floor_reached":51,"language":"KOR","playtime":780,"items_purged":["Strike_P","Regret","Prostrate+1"],"score":1293,"play_id":"fa87fefa-50aa-4895-8546-0be50aeb9add","local_time":"20210216193822","is_ascension_mode":true,"campfire_choices":[{"data":"Eruption","floor":7.0,"key":"SMITH"},{"data":"Doubt","floor":11.0,"key":"PURGE"},{"data":"Strike_P","floor":15.0,"key":"PURGE"},{"floor":24.0,"key":"REST"},{"data":"Strike_P","floor":27.0,"key":"PURGE"},{"data":"PathToVictory+1","floor":29.0,"key":"PURGE"},{"floor":32.0,"key":"REST"},{"data":"Defend_P","floor":41.0,"key":"PURGE"},{"data":"Halt+1","floor":44,"key":"PURGE"},{"data":"Deep Breath+1","floor":47,"key":"PURGE"},{"floor":49,"key":"REST"}],"circlet_count":0,"master_deck":["AscendersBane","Defend_P","Defend_P","Defend_P","Eruption+1","Vigilance","MentalFortress","Alpha+1","Pray+1","Alpha+1","EmptyBody+1","Evaluate+1","MentalFortress","Omniscience+1","MentalFortress+1","SpiritShield+1"],"relics":["HolyWater","NeowsBlessing","Toxic Egg 2","CaptainsWheel","Blood Vial","Peace Pipe","Pen Nib","Snecko Eye","MealTicket","Lantern","Strawberry","Red Mask","Ancient Tea Set","Blue Candle"],"acts_visited":["Exordium","TheCity","TheBeyond"],"potions_floor_usage":[42,50],"damage_taken":[{"damage":0.0,"enemies":"Jaw Worm","floor":1.0,"turns":1.0},{"damage":0.0,"enemies":"Small Slimes","floor":3.0,"turns":1.0},{"damage":0.0,"enemies":"Lagavulin","floor":6.0,"turns":1.0},{"damage":16.0,"enemies":"Gremlin Nob","floor":8.0,"turns":4.0},{"damage":0.0,"enemies":"2 Louse","floor":10.0,"turns":4.0},{"damage":13.0,"enemies":"3 Sentries","floor":12.0,"turns":3.0},{"damage":33.0,"enemies":"Hexaghost","floor":16.0,"turns":8.0},{"damage":7.0,"enemies":"3 Byrds","floor":18.0,"turns":3.0},{"damage":23.0,"enemies":"2 Thieves","floor":21.0,"turns":4.0},{"damage":32.0,"enemies":"Book of Stabbing","floor":23.0,"turns":5.0},{"damage":13.0,"enemies":"Centurion and Healer","floor":25.0,"turns":4.0},{"damage":0.0,"enemies":"3 Cultists","floor":30.0,"turns":3.0},{"damage":24.0,"enemies":"Shelled Parasite and Fungi","floor":31.0,"turns":3.0},{"damage":44.0,"enemies":"Collector","floor":33.0,"turns":8.0},{"damage":22.0,"enemies":"3 Darklings","floor":35.0,"turns":3.0},{"damage":4.0,"enemies":"Orb Walker","floor":36.0,"turns":2.0},{"damage":0.0,"enemies":"Reptomancer","floor":40.0,"turns":3.0},{"damage":42,"enemies":"Transient","floor":42,"turns":5},{"damage":0,"enemies":"3 Darklings","floor":45,"turns":2},{"damage":0,"enemies":"Maw","floor":46,"turns":4},{"damage":0,"enemies":"Jaw Worm Horde","floor":48,"turns":2},{"damage":15,"enemies":"Donu and Deca","floor":50,"turns":4}],"seed_played":"2701982918438727505","potions_obtained":[{"floor":1.0,"key":"EssenceOfSteel"},{"floor":3.0,"key":"Explosive Potion"},{"floor":8.0,"key":"AttackPotion"},{"floor":12.0,"key":"BottledMiracle"},{"floor":18.0,"key":"Energy Potion"},{"floor":23.0,"key":"DuplicationPotion"},{"floor":35.0,"key":"Fire Potion"},{"floor":42,"key":"Weak Potion"},{"floor":45,"key":"DuplicationPotion"}],"is_trial":false,"path_per_floor":["M","?","M","?","$","E","R","E","T","M","R","E","$","?","R","B",null,"M","?","$","M","$","E","R","M","T","R","T","R","M","M","R","B",null,"M","M","$","?","?","E","R","M","T","R","M","M","R","M","R","B",null],"character_chosen":"WATCHER","items_purchased":["Toxic Egg 2","PathToVictory+1","MealTicket","EmptyBody+1","Deep Breath+1","SpiritShield+1"],"campfire_rested":3,"item_purchase_floors":[5,5,20,20,20,37],"current_hp_per_floor":[65,65,65,65,65,65,65,49,49,51,51,40,40,45,45,14,61,56,56,56,35,50,20,43,32,39,39,39,39,41,19,44,2,64,44,42,57,57,57,59,59,19,19,19,21,23,23,25,50,37],"gold":165,"neow_bonus":"THREE_ENEMY_KILL","is_daily":false,"chose_seed":false,"campfire_upgraded":1,"win_rate":0.0,"timestamp":1613471902,"path_taken":["M","?","M","?","$","E","R","E","T","M","R","E","?","?","R","BOSS","M","?","$","M","?","E","R","M","T","R","?","R","M","M","R","BOSS","M","M","$","?","?","E","R","M","T","R","M","M","R","M","R","BOSS"],"items_purchased_type":["Relic","Card","Relic","Card","Card","Card"],"build_version":"2020-12-22","purchased_purges":3,"victory":true,"max_hp_per_floor":[72,72,72,72,72,72,72,72,72,72,72,72,72,77,77,77,77,77,77,77,77,77,77,77,77,84,84,84,84,84,84,84,84,84,84,84,84,84,84,84,84,84,84,84,84,84,84,84,84,84],"card_choices":[{"not_picked":["Conclude","CutThroughFate","Evaluate"],"picked":"SKIP","floor":1.0},{"not_picked":["DeceiveReality","CrushJoints"],"picked":"MentalFortress","floor":3.0},{"not_picked":["ForeignInfluence+1","CutThroughFate"],"picked":"Alpha+1","floor":6.0},{"not_picked":["Worship+1","Vengeance+1"],"picked":"Prostrate+1","floor":8.0},{"not_picked":["ForeignInfluence+1","Halt+1"],"picked":"Pray+1","floor":10.0},{"not_picked":["LikeWater","JustLucky","CutThroughFate"],"picked":"SKIP","floor":12.0},{"not_picked":["Establishment","SpiritShield+1"],"picked":"Alpha+1","floor":16.0},{"not_picked":["Indignation+1","JustLucky","FollowUp"],"picked":"SKIP","floor":18.0},{"not_picked":["ReachHeaven","CarveReality"],"picked":"Evaluate+1","floor":21.0},{"not_picked":["Indignation+1","WaveOfTheHand+1"],"picked":"Halt+1","floor":23.0},{"not_picked":["BowlingBash","Indignation+1","FlyingSleeves"],"picked":"SKIP","floor":25.0},{"not_picked":["ClearTheMind+1","FlyingSleeves","Prostrate+1"],"picked":"SKIP","floor":30.0},{"not_picked":["FollowUp","Protect+1"],"picked":"MentalFortress","floor":31.0},{"not_picked":["Judgement+1","Brilliance"],"picked":"Omniscience+1","floor":33.0},{"not_picked":["PathToVictory+1","JustLucky","Prostrate+1"],"picked":"SKIP","floor":35.0},{"not_picked":["CutThroughFate","FlyingSleeves"],"picked":"MentalFortress+1","floor":36.0},{"not_picked":["ClearTheMind+1","Ragnarok","Crescendo+1"],"picked":"SKIP","floor":40.0},{"not_picked":["Evaluate+1","Swivel+1","EmptyBody+1"],"picked":"SKIP","floor":42},{"not_picked":["CutThroughFate","ThirdEye+1","Halt+1"],"picked":"SKIP","floor":45},{"not_picked":["Adaptation","ClearTheMind+1","Weave"],"picked":"SKIP","floor":46},{"not_picked":["EmptyFist","Pray+1","Tantrum"],"picked":"SKIP","floor":48}],"player_experience":236819,"relics_obtained":[{"floor":6.0,"key":"CaptainsWheel"},{"floor":8.0,"key":"Blood Vial"},{"floor":9.0,"key":"Peace Pipe"},{"floor":12.0,"key":"Pen Nib"},{"floor":23.0,"key":"Lantern"},{"floor":26.0,"key":"Strawberry"},{"floor":40.0,"key":"Ancient Tea Set"},{"floor":43,"key":"Blue Candle"}],"event_choices":[{"cards_removed":["Strike_P"],"damage_healed":0.0,"max_hp_gain":0.0,"max_hp_loss":0.0,"gold_gain":0.0,"event_name":"Living Wall","player_choice":"Forget","floor":2.0,"gold_loss":0.0,"damage_taken":0.0},{"damage_healed":0.0,"max_hp_gain":0.0,"max_hp_loss":0.0,"gold_gain":175.0,"event_name":"Liars Game","player_choice":"AGREE","floor":4.0,"gold_loss":0.0,"damage_taken":0.0,"cards_obtained":["Doubt"]},{"damage_healed":0.0,"max_hp_gain":5.0,"max_hp_loss":0.0,"gold_gain":0.0,"event_name":"Big Fish","player_choice":"Donut","floor":14.0,"gold_loss":0.0,"damage_taken":0.0},{"damage_healed":0.0,"max_hp_gain":0.0,"max_hp_loss":0.0,"gold_gain":275.0,"event_name":"Golden Shrine","player_choice":"Desecrate","floor":19.0,"gold_loss":0.0,"damage_taken":0.0,"cards_obtained":["Regret"]},{"damage_healed":0.0,"max_hp_gain":0.0,"max_hp_loss":0.0,"gold_gain":0.0,"event_name":"SensoryStone","player_choice":"Memory 1","floor":38.0,"gold_loss":0.0,"damage_taken":0.0},{"damage_healed":0.0,"max_hp_gain":0.0,"max_hp_loss":0.0,"gold_gain":0.0,"event_name":"Tomb of Lord Red Mask","player_choice":"Paid","floor":39.0,"gold_loss":13.0,"damage_taken":0.0,"relics_obtained":["Red Mask"]}],"is_beta":false,"boss_relics":[{"not_picked":["Busted Crown","Philosopher\u0027s Stone"],"picked":"Snecko Eye"},{"not_picked":["Black Star","Empty Cage"],"picked":"HolyWater"}],"items_purged_floors":[13,20,37],"is_endless":false,"potions_floor_spawned":[1,3,8,12,18,23,35,42,45],"ascension_level":13}}