{"host":"gyvm9iplrwbfzexe","time":1613495052,"event":{"mods":["BaseMod","Hermit","Minty Spire (QoL Compilation)","StSLib","The Cursed","The Hierophant"],"gold_per_floor":[111,121,137,150,162,189,189,189,189,66,105,5,43,66,66,186,186,206,220,243,243,243,243],"floor_reached":22,"language":"ENG","playtime":1436,"items_purged":["hermit:Strike_Hermit","hermit:Defend_Hermit"],"score":208,"play_id":"82d8bc1b-2f4d-442e-ba21-2ed7af7f2ebd","local_time":"20210216110412","is_ascension_mode":false,"campfire_choices":[{"data":"hermit:Determination","floor":7,"key":"SMITH"},{"data":"hermit:Glare","floor":15,"key":"SMITH"}],"circlet_count":0,"master_deck":["hermit:Strike_Hermit","hermit:Strike_Hermit","hermit:Strike_Hermit","hermit:Defend_Hermit","hermit:Defend_Hermit","hermit:Defend_Hermit","hermit:Snapshot","hermit:Covet","hermit:Vantage","hermit:Determination+1","hermit:Coalescence","hermit:Headshot","hermit:Snipe","hermit:Vantage","Injury","hermit:Coalescence","hermit:Snipe","hermit:Glare+1","hermit:Brawl","hermit:Reprieve","hermit:CalledShot+1","hermit:HoleUp"],"relics":["hermit:Momento","NeowsBlessing","Meat on the Bone","Golden Idol","Oddly Smooth Stone","Bottled Tornado","SlaversCollar","Nloth\u0027s Gift"],"acts_visited":["Exordium","TheCity"],"potions_floor_usage":[4,11,13,16,16,20,22],"damage_taken":[{"damage":0,"enemies":"Cultist","floor":1,"turns":1},{"damage":0,"enemies":"Small Slimes","floor":2,"turns":1},{"damage":0,"enemies":"Jaw Worm","floor":3,"turns":1},{"damage":6,"enemies":"Exordium Thugs","floor":4,"turns":5},{"damage":0,"enemies":"Large Slime","floor":5,"turns":4},{"damage":31,"enemies":"Gremlin Nob","floor":6,"turns":4},{"damage":12,"enemies":"Lagavulin","floor":11,"turns":5},{"damage":12,"enemies":"Gremlin Nob","floor":13,"turns":4},{"damage":0,"enemies":"Red Slaver","floor":14,"turns":4},{"damage":28,"enemies":"Hexaghost","floor":16,"turns":7},{"damage":20,"enemies":"Spheric Guardian","floor":18,"turns":5},{"damage":21,"enemies":"Chosen","floor":19,"turns":9},{"damage":24,"enemies":"Snake Plant","floor":20,"turns":4},{"damage":45,"enemies":"Cultist and Chosen","floor":22,"turns":8}],"seed_played":"3137071337669872882","potions_obtained":[{"floor":3,"key":"Energy Potion"},{"floor":5,"key":"hermit:BlackBile"},{"floor":6,"key":"Fire Potion"},{"floor":11,"key":"AttackPotion"},{"floor":13,"key":"SteroidPotion"},{"floor":19,"key":"LiquidBronze"},{"floor":20,"key":"SkillPotion"}],"is_trial":false,"path_per_floor":["M","M","M","M","M","E","R","?","T","$","E","$","E","M","R","B",null,"M","M","M","?","M"],"character_chosen":"HERMIT","items_purchased":["hermit:Coalescence"],"campfire_rested":0,"item_purchase_floors":[10],"current_hp_per_floor":[75,75,75,69,69,38,38,38,38,38,38,38,38,38,38,22,75,55,46,38,38,0,0],"gold":243,"neow_bonus":"THREE_ENEMY_KILL","is_daily":false,"chose_seed":false,"campfire_upgraded":2,"win_rate":0.0,"timestamp":1613495052,"path_taken":["M","M","?","M","M","E","R","?","T","$","E","$","E","M","R","BOSS","M","M","M","?","M"],"items_purchased_type":["Card"],"build_version":"2020-12-22","purchased_purges":2,"victory":false,"max_hp_per_floor":[75,75,75,75,75,75,75,75,75,75,75,75,75,75,75,75,75,75,75,75,75,75,75],"card_choices":[{"not_picked":["hermit:Feint","hermit:BigShot"],"picked":"hermit:Vantage","floor":1},{"not_picked":["hermit:Scavenge","hermit:Glare"],"picked":"hermit:Determination","floor":2},{"not_picked":["hermit:BigShot","hermit:FlashPowder"],"picked":"hermit:Coalescence","floor":3},{"not_picked":["hermit:Showdown","hermit:GhostlyPresence"],"picked":"hermit:Headshot","floor":4},{"not_picked":["hermit:FlashPowder","hermit:CalledShot"],"picked":"hermit:Snipe","floor":5},{"not_picked":["hermit:Horror","hermit:Roulette"],"picked":"hermit:Vantage","floor":6},{"not_picked":["hermit:Cheat","hermit:HighNoon"],"picked":"hermit:Snipe","floor":11},{"not_picked":["hermit:Spite","hermit:TakeCover"],"picked":"hermit:Glare","floor":13},{"not_picked":["hermit:Virtue","hermit:WideOpen"],"picked":"hermit:Brawl","floor":14},{"not_picked":["hermit:EternalForm","hermit:OverwhelmingPower"],"picked":"hermit:Reprieve","floor":16},{"not_picked":["hermit:Ricochet+1","hermit:CalledShot+1","hermit:Grudge"],"picked":"SKIP","floor":18},{"not_picked":["hermit:Shortfuse","hermit:LoneWolf+1"],"picked":"hermit:CalledShot+1","floor":19},{"not_picked":["hermit:TrackingShot+1","hermit:Shortfuse"],"picked":"hermit:HoleUp","floor":20}],"player_experience":42726,"relics_obtained":[{"floor":6,"key":"Meat on the Bone"},{"floor":9,"key":"Juzu Bracelet"},{"floor":11,"key":"Oddly Smooth Stone"},{"floor":13,"key":"Bottled Tornado"}],"event_choices":[{"damage_healed":0,"gold_gain":0,"player_choice":"Take Wound","damage_taken":0,"relics_obtained":["Golden Idol"],"max_hp_gain":0,"max_hp_loss":0,"event_name":"Golden Idol","floor":8,"gold_loss":0,"cards_obtained":["Injury"]},{"damage_healed":0,"gold_gain":0,"player_choice":"Traded Relic","damage_taken":0,"relics_obtained":["Nloth\u0027s Gift"],"max_hp_gain":0,"max_hp_loss":0,"event_name":"N\u0027loth","floor":21,"relics_lost":["Juzu Bracelet"],"gold_loss":0}],"is_beta":false,"boss_relics":[{"not_picked":["hermit:BartenderGlass","Astrolabe"],"picked":"SlaversCollar"}],"items_purged_floors":[10,12],"is_endless":false,"potions_floor_spawned":[3,5,6,11,13,19,20],"killed_by":"Cultist and Chosen","ascension_level":0}}