{"host":"7hgb9mjb8q1kiawz","time":1613494356,"event":{"mods":["BaseMod","Better Third Choice","Colored Map","Marisa????????","Minty Spire (QoL Compilation)","Replay The Spire","StSLib","The Cursed","The Disciple","The Servant 0.9.4"],"gold_per_floor":[116,0,12,12,12,37,57,57,57,57,73,73,108,108,108,186,186,201,126,145,145,145],"floor_reached":21,"language":"ENG","playtime":1246,"items_purged":[],"score":413,"play_id":"5bb0b4ce-6041-4641-85f3-13920a869f57","local_time":"20210216175236","is_ascension_mode":true,"campfire_choices":[{"data":"Enlightenment","floor":8,"key":"SMITH"},{"data":"Noxious Fumes","floor":12,"key":"SMITH"},{"floor":15,"key":"REST"}],"circlet_count":0,"master_deck":["AscendersBane","Strike_G","Strike_G","Strike_G","Strike_G","Defend_G","Defend_G","Defend_G","Defend_G+1","Defend_G","Survivor","Neutralize","Backflip","Enlightenment+1","Predator","Dash","Dagger Throw","Noxious Fumes+1","Infinite Blades","LessonLearned+1","Replay:Bag of Tricks","Crippling Poison","Terror"],"relics":["NeowsBlessing","Sizzling Blood","Omamori","Ornamental Fan","ReplayTheSpireMod:Lightbulb","SacredBark"],"acts_visited":["Exordium","TheCity"],"potions_floor_usage":[13,13],"damage_taken":[{"damage":0,"enemies":"Small Slimes","floor":1,"turns":1},{"damage":0,"enemies":"Jaw Worm","floor":3,"turns":1},{"damage":0,"enemies":"3 Sentries","floor":6,"turns":2},{"damage":0,"enemies":"2 Louse","floor":7,"turns":3},{"damage":23,"enemies":"Exordium Thugs","floor":11,"turns":5},{"damage":12,"enemies":"Lagavulin","floor":13,"turns":7},{"damage":48,"enemies":"The Guardian","floor":16,"turns":13},{"damage":31,"enemies":"Spheric Guardian","floor":18,"turns":7},{"damage":32,"enemies":"Shell Parasite","floor":20,"turns":8},{"damage":12,"enemies":"Chosen and Byrds","floor":21,"turns":2}],"seed_played":"-3405848499686784263","potions_obtained":[{"floor":1,"key":"SteroidPotion"},{"floor":6,"key":"ColorlessPotion"},{"floor":18,"key":"Dexterity Potion"}],"is_trial":false,"path_per_floor":["M","?","M","?","$","E","M","R","T","$","M","R","E","?","R","B",null,"M","?","M","M"],"character_chosen":"THE_SILENT","items_purchased":[],"campfire_rested":1,"item_purchase_floors":[],"current_hp_per_floor":[59,65,65,69,69,73,76,76,76,76,57,57,49,38,60,16,61,34,34,6,0,0],"gold":145,"neow_bonus":"THREE_ENEMY_KILL","is_daily":false,"chose_seed":false,"campfire_upgraded":2,"win_rate":0.0,"timestamp":1613494356,"path_taken":["M","?","M","?","$","E","M","R","T","?","M","R","E","?","R","BOSS","M","?","M","M"],"items_purchased_type":[],"build_version":"2020-12-22","purchased_purges":0,"victory":false,"max_hp_per_floor":[66,72,72,76,76,76,76,76,76,76,76,76,76,76,76,76,76,76,76,76,76,76],"card_choices":[{"not_picked":["Choke","Crippling Poison"],"picked":"Backflip","floor":1},{"not_picked":["Dagger Spray","Endless Agony"],"picked":"Predator","floor":3},{"not_picked":["Terror","Backstab"],"picked":"Dash","floor":6},{"not_picked":["Sucker Punch","Dodge and Roll"],"picked":"Dagger Throw","floor":7},{"not_picked":["Acrobatics","Poisoned Stab"],"picked":"Noxious Fumes","floor":11},{"not_picked":["Envenom","Dodge and Roll"],"picked":"Infinite Blades","floor":13},{"not_picked":["ReplayTheSpireMod:From All Sides","Wraith Form v2"],"picked":"Replay:Bag of Tricks","floor":16},{"not_picked":["ReplayTheSpireMod:Shiv Toss","Acrobatics"],"picked":"Crippling Poison","floor":18},{"not_picked":["ReplayTheSpireMod:Shiv Toss","Quick Slash"],"picked":"Terror","floor":20}],"player_experience":832849,"relics_obtained":[{"floor":6,"key":"Omamori"},{"floor":13,"key":"Ornamental Fan"}],"event_choices":[{"damage_healed":0,"gold_gain":0,"player_choice":"RENOUNCE","damage_taken":116,"max_hp_gain":0,"max_hp_loss":0,"event_name":"betterThird:BetterSerpent","floor":2,"gold_loss":116,"cards_obtained":["Enlightenment"]},{"damage_healed":0,"gold_gain":1,"player_choice":"Card Relic ","damage_taken":11,"max_hp_gain":0,"max_hp_loss":0,"event_name":"betterThird:BetterScrap","floor":14,"gold_loss":0,"cards_obtained":["LessonLearned","Corruption"]},{"cards_removed":["Strike_G"],"damage_healed":0,"gold_gain":0,"player_choice":"Gave Gold","damage_taken":0,"max_hp_gain":0,"max_hp_loss":0,"event_name":"Beggar","floor":19,"gold_loss":75}],"is_beta":false,"boss_relics":[{"not_picked":["Velvet Choker","Honey Jar"],"picked":"SacredBark"}],"items_purged_floors":[],"is_endless":false,"potions_floor_spawned":[1,6,11,18],"killed_by":"Chosen and Byrds","ascension_level":19}}