{"host":"hka8b3f4pkvnp4ei","time":1613455917,"event":{"mods":["BaseMod","Minty Spire (QoL Compilation)","Quick Restart","Replay The Spire","StSLib"],"gold_per_floor":[113,113,133,133,133,171,171,215,239,239,239,239],"floor_reached":11,"language":"ZHS","playtime":186,"items_purged":[],"score":161,"play_id":"0a47fdae-4044-4207-94ae-22bd30c5d7fc","local_time":"20210216141157","is_ascension_mode":true,"campfire_choices":[{"data":"Predator","floor":7,"key":"SMITH"}],"circlet_count":0,"master_deck":["AscendersBane","Strike_G","Strike_G","Strike_G","Strike_G","Defend_G","Defend_G","Defend_G","Defend_G","Defend_G","Survivor","Neutralize","ReplayTheSpireMod:Speed Training","Predator+1"],"relics":["Ring of the Snake","NeowsBlessing","ReplayTheSpireMod:Lightbulb","Golden Idol","Gremlin Food","Replay:Bandana","Toy Ornithopter"],"acts_visited":["Exordium"],"potions_floor_usage":[],"damage_taken":[{"damage":0,"enemies":"Cultist","floor":1,"turns":1},{"damage":0,"enemies":"Small Slimes","floor":3,"turns":1},{"damage":0,"enemies":"3 Sentries","floor":6,"turns":1},{"damage":25,"enemies":"Replay:BlueRogue","floor":8,"turns":8},{"damage":0,"enemies":"Lagavulin","floor":11,"turns":1}],"seed_played":"5204046735148784838","potions_obtained":[{"floor":3,"key":"Doom Potion"}],"is_trial":false,"path_per_floor":["M","$","M","?","?","E","R","E","T","?","E"],"character_chosen":"THE_SILENT","items_purchased":[],"campfire_rested":0,"item_purchase_floors":[],"current_hp_per_floor":[63,63,63,51,51,51,51,26,26,26,26,26],"gold":239,"neow_bonus":"THREE_ENEMY_KILL","is_daily":false,"chose_seed":false,"campfire_upgraded":1,"win_rate":0.0,"timestamp":1613455917,"path_taken":["M","?","M","?","?","E","R","E","T","?","E"],"items_purchased_type":[],"build_version":"2020-12-22","purchased_purges":0,"victory":false,"max_hp_per_floor":[70,70,70,70,65,65,65,65,65,65,65,65],"card_choices":[{"not_picked":["Quick Slash","Flying Knee"],"picked":"ReplayTheSpireMod:Speed Training","floor":1},{"not_picked":["Well Laid Plans","Deadly Poison"],"picked":"Predator","floor":3},{"not_picked":["Dagger Spray","ReplayTheSpireMod:Scrap Shanks","Fluid Movement"],"picked":"SKIP","floor":6},{"not_picked":["PiercingWail","Underhanded Strike","Bane"],"picked":"SKIP","floor":8}],"player_experience":487061,"relics_obtained":[{"floor":6,"key":"Gremlin Food"},{"floor":8,"key":"Replay:Bandana"},{"floor":9,"key":"Toy Ornithopter"}],"event_choices":[{"damage_healed":0,"gold_gain":0,"player_choice":"Success","damage_taken":12,"relics_obtained":["ReplayTheSpireMod:Lightbulb"],"max_hp_gain":0,"max_hp_loss":0,"event_name":"Scrap Ooze","floor":4,"gold_loss":0},{"damage_healed":0,"gold_gain":0,"player_choice":"Lose Max HP","damage_taken":0,"relics_obtained":["Golden Idol"],"max_hp_gain":0,"max_hp_loss":5,"event_name":"Golden Idol","floor":5,"gold_loss":0},{"cards_removed":["Strike_G"],"damage_healed":0,"gold_gain":0,"player_choice":"Offered Basic","damage_taken":0,"max_hp_gain":0,"max_hp_loss":0,"event_name":"Bonfire Elementals","floor":10,"gold_loss":0}],"is_beta":false,"boss_relics":[],"items_purged_floors":[],"is_endless":false,"potions_floor_spawned":[3],"killed_by":"Lagavulin","ascension_level":11}}