{"host":"r4aerl4ckfvw1dw3","time":1613447646,"event":{"mods":["BaseMod","BetterRewards","Minty Spire (QoL Compilation)","Quick Restart","StSLib"],"gold_per_floor":[212,232,244,21,35,67,67,99,149,167,183,183,237,97,97,201,201,201,201,201,201,201,201,201,201,201,6,6,6,6,6,6,6,6],"floor_reached":33,"language":"ENG","playtime":1392,"items_purged":["Strike_B","Strike_B"],"score":404,"play_id":"6dc22abc-4e82-44fe-b874-5d728b578d31","local_time":"20210215195406","is_ascension_mode":true,"campfire_choices":[{"floor":7,"key":"REST"},{"floor":12,"key":"REST"},{"data":"Echo Form","floor":15,"key":"SMITH"},{"floor":23,"key":"REST"},{"floor":25,"key":"REST"},{"floor":29,"key":"REST"},{"floor":32,"key":"REST"}],"circlet_count":0,"master_deck":["Strike_B","Defend_B","Defend_B","Defend_B","Defend_B","Zap","Dualcast","Doom and Gloom","Sweeping Beam","Machine Learning","Echo Form+1","Conserve Battery","Stack","Static Discharge","Core Surge","Turbo","Turbo+1","Heatsinks+1","Go for the Eyes","Capacitor"],"relics":["Cracked Core","Bag of Marbles","Mango","Pear","Art of War","Ectoplasm","Boot","Strawberry","Bag of Preparation","Calipers","InkBottle","Vajra"],"acts_visited":["Exordium","TheCity"],"potions_floor_usage":[6,16,16,21,24,24,24,28,28,33],"damage_taken":[{"damage":10.0,"enemies":"Cultist","floor":1.0,"turns":5.0},{"damage":8.0,"enemies":"Small Slimes","floor":2.0,"turns":2.0},{"damage":3.0,"enemies":"Jaw Worm","floor":3.0,"turns":4.0},{"damage":11.0,"enemies":"Blue Slaver","floor":5.0,"turns":4.0},{"damage":20,"enemies":"3 Sentries","floor":6,"turns":4},{"damage":44,"enemies":"Gremlin Nob","floor":8,"turns":5},{"damage":9,"enemies":"Red Slaver","floor":10,"turns":3},{"damage":0,"enemies":"Gremlin Gang","floor":11,"turns":1},{"damage":16,"enemies":"The Guardian","floor":16,"turns":10},{"damage":19,"enemies":"Shell Parasite","floor":18,"turns":4},{"damage":16,"enemies":"Chosen","floor":19,"turns":5},{"damage":22,"enemies":"Centurion and Healer","floor":21,"turns":6},{"damage":21,"enemies":"Shelled Parasite and Fungi","floor":22,"turns":4},{"damage":36,"enemies":"Book of Stabbing","floor":24,"turns":5},{"damage":19,"enemies":"Colosseum Slavers","floor":28,"turns":4},{"damage":17,"enemies":"Colosseum Nobs","floor":28,"turns":3},{"damage":24,"enemies":"Gremlin Leader","floor":31,"turns":7},{"damage":44,"enemies":"Champ","floor":33,"turns":9}],"seed_played":"3862747507230457445","potions_obtained":[{"floor":5.0,"key":"Strength Potion"},{"floor":6,"key":"Energy Potion"},{"floor":10,"key":"Weak Potion"},{"floor":11,"key":"DuplicationPotion"},{"floor":16,"key":"Weak Potion"},{"floor":22,"key":"Weak Potion"},{"floor":24,"key":"FearPotion"},{"floor":31,"key":"FocusPotion"}],"is_trial":false,"path_per_floor":["M","M","M","$","M","E","R","E","T","M","M","R","?","$","R","B",null,"M","M","?","M","M","R","E","R","T","$","?","R","?","E","R","B"],"character_chosen":"DEFECT","items_purchased":["Bag of Marbles","Static Discharge","Bag of Preparation","SkillPotion"],"campfire_rested":6,"item_purchase_floors":[4,14,27,27],"current_hp_per_floor":[65,57,54,54,43,37,63,29,29,20,20,49,49,49,49,33,99,80,64,52,30,9,38,2,31,38,38,2,33,33,9,40,0,0],"gold":6,"neow_bonus":"HUNDRED_GOLD","is_daily":false,"chose_seed":false,"campfire_upgraded":1,"win_rate":0.0,"timestamp":1613447646,"path_taken":["M","M","M","$","?","E","R","E","T","M","M","R","?","$","R","BOSS","M","M","?","?","M","R","E","R","T","$","?","R","?","E","R","BOSS"],"items_purchased_type":["Relic","Card","Relic","Potion"],"build_version":"2020-12-22","purchased_purges":2,"victory":false,"max_hp_per_floor":[75,75,75,75,75,89,89,99,99,99,99,99,99,99,99,99,99,99,99,99,99,99,99,99,99,106,106,106,106,106,106,106,106,106],"card_choices":[{"not_picked":["Redo","Compile Driver"],"picked":"Doom and Gloom","floor":1.0},{"not_picked":["FTL","Reprogram"],"picked":"Sweeping Beam","floor":2.0},{"not_picked":["BootSequence","Fusion"],"picked":"Machine Learning","floor":3.0},{"not_picked":["FTL","Force Field","Tempest"],"picked":"SKIP","floor":5.0},{"not_picked":["Recycle","Barrage","Steam Power"],"picked":"SKIP","floor":6},{"not_picked":["Leap","Skim"],"picked":"Echo Form","floor":8},{"not_picked":["Chaos","Compile Driver"],"picked":"Conserve Battery","floor":10},{"not_picked":["Heatsinks","Rip and Tear"],"picked":"Stack","floor":11},{"not_picked":["Thunder Strike","Biased Cognition"],"picked":"Core Surge","floor":16},{"not_picked":["BootSequence","Conserve Battery","Redo"],"picked":"SKIP","floor":18},{"not_picked":["Redo","Storm"],"picked":"Turbo","floor":19},{"not_picked":["Chaos","Barrage"],"picked":"Turbo+1","floor":21},{"not_picked":["Genetic Algorithm","Leap"],"picked":"Heatsinks+1","floor":22},{"not_picked":["Streamline","Leap"],"picked":"Go for the Eyes","floor":24},{"not_picked":["Melter","Storm"],"picked":"Capacitor","floor":31}],"player_experience":607232,"relics_obtained":[{"floor":6,"key":"Mango"},{"floor":8,"key":"Pear"},{"floor":9,"key":"Art of War"},{"floor":24,"key":"Boot"},{"floor":26,"key":"Strawberry"},{"floor":28,"key":"Calipers"},{"floor":28,"key":"InkBottle"},{"floor":31,"key":"Vajra"}],"event_choices":[{"damage_healed":0,"gold_gain":54,"player_choice":"Gained Gold","damage_taken":0,"max_hp_gain":0,"max_hp_loss":0,"event_name":"Golden Wing","floor":13,"gold_loss":0},{"damage_healed":0,"gold_gain":0,"player_choice":"POTION ","damage_taken":12,"max_hp_gain":0,"max_hp_loss":0,"event_name":"Knowing Skull","floor":20,"potions_obtained":["Fire Potion"],"gold_loss":0,"cards_obtained":[]},{"damage_healed":0,"gold_gain":0,"player_choice":"Fight","damage_taken":0,"max_hp_gain":0,"max_hp_loss":0,"event_name":"Colosseum","floor":28,"gold_loss":0},{"damage_healed":0,"gold_gain":0,"player_choice":"Fought Nobs","damage_taken":0,"max_hp_gain":0,"max_hp_loss":0,"event_name":"Colosseum","floor":28,"gold_loss":0},{"cards_removed":["Strike_B"],"damage_healed":0,"gold_gain":0,"player_choice":"Purged","damage_taken":0,"max_hp_gain":0,"max_hp_loss":0,"event_name":"Purifier","floor":30,"gold_loss":0}],"is_beta":false,"boss_relics":[{"not_picked":["Coffee Dripper","Runic Dome"],"picked":"Ectoplasm"}],"items_purged_floors":[4,14],"is_endless":false,"potions_floor_spawned":[5,6,10,11,16,22,24,28,31],"killed_by":"Champ","ascension_level":4}}