{"host":"msfr2axb1w9025n0","time":1613451376,"event":{"mods":["BaseMod","Bestiary","Block Reminder","Colored Map","DeckTracker","Minty Spire (QoL Compilation)","Relic Stats","Weighted Paths"],"gold_per_floor":[109,109,126,11,11,11,40,66,66,66,66,80,80,120,120,120,120],"floor_reached":16,"language":"ENG","playtime":471,"items_purged":["Defend_G"],"score":223,"play_id":"94abebe2-924d-43c1-82c4-8563214d7add","local_time":"20210216115616","is_ascension_mode":true,"campfire_choices":[{"data":"Infinite Blades","floor":6.0,"key":"SMITH"},{"data":"Cloak And Dagger","floor":11.0,"key":"SMITH"},{"floor":15,"key":"REST"}],"circlet_count":0,"master_deck":["AscendersBane","Strike_G","Strike_G","Strike_G","Strike_G","Strike_G","Defend_G","Defend_G","Defend_G","Defend_G","Survivor","Neutralize","Dagger Spray","Cloak And Dagger+1","Infinite Blades+1","Regret","Blade Dance","Leg Sweep","Prepared","Pain","Backflip"],"relics":["Ring of the Snake","NeowsBlessing","White Beast Statue","Matryoshka","Lantern","Odd Mushroom","Bag of Marbles","Frozen Egg 2","Golden Idol","WarpedTongs","Pear"],"acts_visited":["Exordium"],"potions_floor_usage":[],"damage_taken":[{"damage":0.0,"enemies":"Small Slimes","floor":1.0,"turns":1.0},{"damage":0.0,"enemies":"2 Louse","floor":3.0,"turns":1.0},{"damage":0.0,"enemies":"Gremlin Nob","floor":7.0,"turns":1.0},{"damage":8.0,"enemies":"The Mushroom Lair","floor":8.0,"turns":4.0},{"damage":3.0,"enemies":"Cultist","floor":12.0,"turns":3.0},{"damage":28,"enemies":"Lagavulin","floor":14,"turns":6},{"damage":48,"enemies":"The Guardian","floor":16,"turns":16}],"seed_played":"4596244660237205274","potions_obtained":[{"floor":3.0,"key":"EssenceOfSteel"},{"floor":7.0,"key":"ColorlessPotion"},{"floor":8.0,"key":"SkillPotion"},{"floor":12,"key":"CunningPotion"},{"floor":14,"key":"Strength Potion"}],"is_trial":false,"path_per_floor":["M","?","M","$","?","R","E","?","T","?","R","M","?","E","R","B"],"character_chosen":"THE_SILENT","items_purchased":["Infinite Blades"],"campfire_rested":1,"item_purchase_floors":[4],"current_hp_per_floor":[59,56,56,56,56,56,56,48,48,48,48,45,45,27,48,0,0],"gold":120,"neow_bonus":"THREE_ENEMY_KILL","is_daily":false,"chose_seed":false,"campfire_upgraded":2,"win_rate":0.0,"timestamp":1613451376,"path_taken":["M","?","M","$","?","R","E","?","T","?","R","M","?","E","R","BOSS"],"items_purchased_type":["Card"],"build_version":"2020-12-22","purchased_purges":1,"victory":false,"max_hp_per_floor":[66,66,66,66,66,66,66,66,66,61,61,61,61,71,71,71,71],"relic_stats":{"counters":[7,32],"Golden Idol":14,"obtain_stats":[{"Lantern":7,"Matryoshka":5,"Pear":14,"NeowsBlessing":0,"Golden Idol":10,"Bag of Marbles":9,"Odd Mushroom":8,"Frozen Egg 2":9,"White Beast Statue":2,"Ring of the Snake":0,"WarpedTongs":13},{"Lantern":3,"Matryoshka":2,"Pear":6,"NeowsBlessing":0,"Golden Idol":4,"Bag of Marbles":4,"Odd Mushroom":4,"Frozen Egg 2":4,"White Beast Statue":1,"Ring of the Snake":0,"WarpedTongs":5},{"Lantern":3,"Matryoshka":2,"Pear":16,"NeowsBlessing":0,"Golden Idol":7,"Bag of Marbles":7,"Odd Mushroom":7,"Frozen Egg 2":7,"White Beast Statue":1,"Ring of the Snake":0,"WarpedTongs":10}],"Ring of the Snake":[14],"WarpedTongs":[22]},"card_choices":[{"not_picked":["Acrobatics","Bane"],"picked":"Dagger Spray","floor":1.0},{"not_picked":["Backflip","Tools of the Trade"],"picked":"Cloak And Dagger","floor":3.0},{"not_picked":["Bane","Footwork"],"picked":"Blade Dance","floor":7.0},{"not_picked":["Blade Dance","Concentrate"],"picked":"Leg Sweep","floor":8.0},{"not_picked":["Backflip","Underhanded Strike"],"picked":"Prepared","floor":12},{"not_picked":["Deadly Poison","Endless Agony"],"picked":"Backflip","floor":14}],"player_experience":311327,"relics_obtained":[{"floor":7.0,"key":"Lantern"},{"floor":8.0,"key":"Odd Mushroom"},{"floor":9.0,"key":"Bag of Marbles"},{"floor":9.0,"key":"Frozen Egg 2"},{"floor":14,"key":"Pear"}],"event_choices":[{"damage_healed":0.0,"max_hp_gain":0.0,"max_hp_loss":0.0,"gold_gain":0.0,"event_name":"Scrap Ooze","player_choice":"Success","floor":2.0,"gold_loss":0.0,"damage_taken":3.0,"relics_obtained":["White Beast Statue"]},{"damage_healed":0.0,"max_hp_gain":0.0,"max_hp_loss":0.0,"gold_gain":0.0,"event_name":"Big Fish","player_choice":"Box","floor":5.0,"gold_loss":0.0,"damage_taken":0.0,"relics_obtained":["Matryoshka"],"cards_obtained":["Regret"]},{"damage_healed":0.0,"max_hp_gain":0.0,"max_hp_loss":0.0,"gold_gain":0.0,"event_name":"Mushrooms","player_choice":"Fought Mushrooms","floor":8.0,"gold_loss":0.0,"damage_taken":0.0},{"damage_healed":0.0,"max_hp_gain":0.0,"max_hp_loss":5.0,"gold_gain":0.0,"event_name":"Golden Idol","player_choice":"Lose Max HP","floor":10.0,"gold_loss":0.0,"damage_taken":0.0,"relics_obtained":["Golden Idol"]},{"damage_healed":0,"gold_gain":0,"player_choice":"Rummage","damage_taken":0,"relics_obtained":["WarpedTongs"],"max_hp_gain":0,"max_hp_loss":0,"event_name":"Accursed Blacksmith","floor":13,"gold_loss":0,"cards_obtained":["Pain"]}],"is_beta":false,"boss_relics":[],"items_purged_floors":[4],"is_endless":false,"potions_floor_spawned":[3,7,8,12,14],"killed_by":"The Guardian","ascension_level":14}}