{"host":"cdbhaz9p3iutjbyx","time":1613488400,"event":{"mods":["AchievementEnabler","BaseMod","Downfall","GifTheSpireLib","Hubris","Minty Spire (QoL Compilation)","StSLib","The Cursed","The Disciple","The Forsaken","The Necromancer","The Senshi"],"gold_per_floor":[116,66,66,66,84,115,127,32,59,59,59,85,96,121,121,224,224,244,244,274,293,312,312,337,337,337],"floor_reached":25,"language":"ENG","playtime":2149,"items_purged":[],"score":254,"play_id":"a6d40be9-2a74-4e6d-96cd-6d140229d3d1","local_time":"20210216161320","is_ascension_mode":false,"campfire_choices":[{"data":"Disarm","floor":10,"key":"SMITH"},{"floor":15,"key":"REST"},{"data":"Fiend Fire","floor":23,"key":"SMITH"}],"circlet_count":0,"master_deck":["Strike_R","Strike_R","Strike_R","Strike_R","Defend_R","Defend_R","Defend_R","Defend_R","Disarm+1","theForsaken:PlagueCurse","Good Instincts","Second Wind","Offering+1","Rupture","Purity","Infernal Blade","Pummel","Fiend Fire+1","Warcry","RitualDagger","Fire Breathing","Rage","Warcry","Warcry"],"relics":["Burning Blood","NeowsBlessing","theForsaken:PlagueMask","Pen Nib","Vajra","Self Forming Clay","Centennial Puzzle","Empty Cage","Red Mask","StoneCalendar"],"acts_visited":["Exordium","TheCity"],"potions_floor_usage":[16,20,20,24,25,25],"damage_taken":[{"damage":0,"enemies":"2 Louse","floor":1,"turns":1},{"damage":0,"enemies":"Jaw Worm","floor":5,"turns":1},{"damage":0,"enemies":"Lagavulin","floor":6,"turns":1},{"damage":6,"enemies":"Cultist","floor":7,"turns":5},{"damage":39,"enemies":"3 Sentries","floor":12,"turns":9},{"damage":5,"enemies":"Red Slaver","floor":13,"turns":4},{"damage":27,"enemies":"Hexaghost","floor":16,"turns":9},{"damage":11,"enemies":"2 Thieves","floor":18,"turns":4},{"damage":7,"enemies":"Masked Bandits","floor":20,"turns":3},{"damage":14,"enemies":"3 Byrds","floor":21,"turns":5},{"damage":12,"enemies":"Sentry and Sphere","floor":22,"turns":5},{"damage":41,"enemies":"Gremlin Leader","floor":24,"turns":4},{"damage":19,"enemies":"Snecko","floor":25,"turns":5}],"seed_played":"5958442242064878542","potions_obtained":[{"floor":5,"key":"Dexterity Potion"},{"floor":7,"key":"EssenceOfSteel"},{"floor":13,"key":"champ:CounterPotion"},{"floor":18,"key":"Strength Potion"},{"floor":22,"key":"FearPotion"},{"floor":24,"key":"EssenceOfSteel"}],"is_trial":false,"path_per_floor":["M","?","?","?","M","E","M","$","T","R","?","E","M","T","R","B",null,"M","?","?","M","M","R","E","M"],"character_chosen":"IRONCLAD","items_purchased":["Purity"],"campfire_rested":1,"item_purchase_floors":[8],"current_hp_per_floor":[80,80,80,80,80,80,80,80,80,80,80,47,48,48,72,51,80,75,69,68,60,54,54,19,0,0],"gold":337,"neow_bonus":"THREE_ENEMY_KILL","is_daily":false,"chose_seed":false,"campfire_upgraded":2,"win_rate":0.0,"timestamp":1613488400,"path_taken":["M","?","?","?","M","E","?","?","T","R","?","E","M","?","R","BOSS","M","?","?","M","M","R","E","M"],"items_purchased_type":["Card"],"build_version":"2020-12-22","purchased_purges":0,"victory":false,"max_hp_per_floor":[80,80,80,80,80,80,80,80,80,80,80,80,80,80,80,80,80,80,80,80,80,80,80,80,80,80],"card_choices":[{"not_picked":["Sword Boomerang","Shrug It Off"],"picked":"Disarm","floor":1},{"not_picked":["True Grit","Cleave"],"picked":"Second Wind","floor":5},{"not_picked":["Pommel Strike","Bloodletting"],"picked":"Offering","floor":6},{"not_picked":["Body Slam","Clothesline"],"picked":"Rupture","floor":7},{"not_picked":["Metallicize","Body Slam"],"picked":"Infernal Blade","floor":12},{"not_picked":["Headbutt","Warcry"],"picked":"Pummel","floor":13},{"not_picked":["Impervious","Juggernaut"],"picked":"Fiend Fire","floor":16},{"not_picked":["True Grit","Anger"],"picked":"Warcry","floor":18},{"not_picked":["Body Slam+1","Sword Boomerang"],"picked":"Fire Breathing","floor":20},{"not_picked":["Body Slam","Headbutt"],"picked":"Rage","floor":21},{"not_picked":["Flex","Perfected Strike"],"picked":"Warcry","floor":22},{"not_picked":["Iron Wave","Rage"],"picked":"Warcry","floor":24}],"player_experience":6135,"relics_obtained":[{"floor":6,"key":"Pen Nib"},{"floor":9,"key":"Vajra"},{"floor":12,"key":"Self Forming Clay"},{"floor":14,"key":"Centennial Puzzle"},{"floor":20,"key":"Red Mask"},{"floor":24,"key":"StoneCalendar"}],"event_choices":[{"cards_removed":["Bash"],"damage_healed":0,"gold_gain":0,"player_choice":"Card Removal","damage_taken":0,"max_hp_gain":0,"max_hp_loss":0,"event_name":"The Cleric","floor":2,"gold_loss":50},{"damage_healed":0,"gold_gain":0,"player_choice":"Obtain Plague Curse","damage_taken":0,"max_hp_gain":0,"max_hp_loss":0,"event_name":"Plague Doctor","floor":3,"gold_loss":0,"cards_obtained":["theForsaken:PlagueCurse"]},{"damage_healed":0,"gold_gain":0,"player_choice":"2 cards matched","damage_taken":0,"max_hp_gain":0,"max_hp_loss":0,"event_name":"Match and Keep!","floor":4,"gold_loss":0,"cards_obtained":["Shame","Good Instincts"]},{"damage_healed":0,"gold_gain":0,"player_choice":"Grow","damage_taken":0,"max_hp_gain":0,"max_hp_loss":0,"event_name":"Living Wall","floor":11,"gold_loss":0,"cards_upgraded":["Offering"]},{"damage_healed":0,"gold_gain":0,"player_choice":"Joined the Cult","damage_taken":6,"max_hp_gain":0,"max_hp_loss":0,"event_name":"Nest","floor":19,"gold_loss":0,"cards_obtained":["RitualDagger"]},{"damage_healed":0,"gold_gain":0,"player_choice":"Fought Bandits","damage_taken":0,"max_hp_gain":0,"max_hp_loss":0,"event_name":"Masked Bandits","floor":20,"gold_loss":0}],"is_beta":false,"boss_relics":[{"not_picked":["Busted Crown","hubris:HollowSoul"],"picked":"Empty Cage"}],"items_purged_floors":[],"is_endless":false,"potions_floor_spawned":[5,7,13,18,22,24],"killed_by":"Snecko","ascension_level":0}}