{"host":"raaimkojny05jekw","time":1613484016,"event":{"mods":["AchievementEnabler","BaseMod","Colored Map","Colored Powertips","DeckTracker","Minty Spire (QoL Compilation)","Quick Restart","Rare Cards Sparkle","everything is the same but u backflip on backflip"],"gold_per_floor":[368,381,397,410,422,422,451,235,261,278,309,8,8,21,21,124,124,79,26,26,26,26,26,26,26,26,26,26,26,26,26,26,26,26],"floor_reached":33,"language":"KOR","playtime":1027,"items_purged":[],"score":413,"play_id":"ae866a25-d90a-4656-b357-e17c71aa2eac","local_time":"20210216230016","is_ascension_mode":true,"campfire_choices":[{"data":"Infernal Blade","floor":6,"key":"SMITH"},{"data":"Limit Break","floor":13,"key":"SMITH"},{"data":"Bash","floor":15,"key":"SMITH"},{"data":"Berserk","floor":23,"key":"SMITH"},{"floor":27,"key":"REST"},{"data":"Berserk","floor":29,"key":"SMITH"},{"floor":32,"key":"REST"}],"circlet_count":0,"master_deck":["AscendersBane","Strike_R","Strike_R","Strike_R","Strike_R","Strike_R","Defend_R","Defend_R","Defend_R","Defend_R","Bash+1","Battle Trance","Infernal Blade+1","Pummel","Dropkick","Flex","Twin Strike","Limit Break+1","Clash","True Grit","Berserk+1","Carnage+1","Heavy Blade","Berserk+1","Shrug It Off","Sentinel"],"relics":["Burning Blood","Juzu Bracelet","Chemical X","Strawberry","Nunchaku","Vajra","Omamori","Ectoplasm","Dream Catcher","WarpedTongs","Ancient Tea Set","Happy Flower","StrikeDummy","FossilizedHelix","Gremlin Horn"],"acts_visited":["Exordium","TheCity"],"potions_floor_usage":[7,7,11,16,16,16,30,30,31,31,33],"damage_taken":[{"damage":1,"enemies":"Cultist","floor":1,"turns":4},{"damage":2,"enemies":"2 Louse","floor":2,"turns":3},{"damage":10,"enemies":"Small Slimes","floor":3,"turns":3},{"damage":12,"enemies":"Red Slaver","floor":4,"turns":6},{"damage":11,"enemies":"Blue Slaver","floor":5,"turns":3},{"damage":10,"enemies":"Lagavulin","floor":7,"turns":4},{"damage":0,"enemies":"Large Slime","floor":10,"turns":3},{"damage":25,"enemies":"3 Sentries","floor":11,"turns":6},{"damage":15,"enemies":"Exordium Wildlife","floor":14,"turns":4},{"damage":24,"enemies":"The Guardian","floor":16,"turns":6},{"damage":16,"enemies":"2 Thieves","floor":18,"turns":3},{"damage":18,"enemies":"Book of Stabbing","floor":24,"turns":3},{"damage":25,"enemies":"Shell Parasite","floor":25,"turns":3},{"damage":0,"enemies":"Colosseum Slavers","floor":30,"turns":2},{"damage":0,"enemies":"Colosseum Nobs","floor":30,"turns":4},{"damage":16,"enemies":"Snake Plant","floor":31,"turns":3},{"damage":69,"enemies":"Collector","floor":33,"turns":7}],"seed_played":"4016752418112943562","potions_obtained":[{"floor":2,"key":"PowerPotion"},{"floor":3,"key":"AttackPotion"},{"floor":5,"key":"SpeedPotion"},{"floor":10,"key":"LiquidMemories"},{"floor":11,"key":"Strength Potion"},{"floor":14,"key":"Weak Potion"},{"floor":28,"key":"GamblersBrew"},{"floor":28,"key":"SkillPotion"},{"floor":28,"key":"AttackPotion"},{"floor":30,"key":"AttackPotion"},{"floor":31,"key":"FearPotion"}],"is_trial":false,"path_per_floor":["M","M","M","M","M","R","E","$","T","M","E","$","R","M","R","B",null,"M","?","?","?","?","R","E","M","T","R","?","R","?","M","R","B"],"character_chosen":"IRONCLAD","items_purchased":["Chemical X","Limit Break","Vajra","Omamori"],"campfire_rested":2,"item_purchase_floors":[8,8,12,12],"current_hp_per_floor":[56,60,56,50,45,45,41,41,48,54,35,35,35,26,26,8,67,57,57,57,40,40,40,28,9,9,36,36,36,48,38,65,0,0],"gold":26,"neow_bonus":"TWO_FIFTY_GOLD","is_daily":false,"chose_seed":false,"campfire_upgraded":5,"win_rate":0.0,"timestamp":1613484016,"path_taken":["M","M","M","?","M","R","E","$","T","M","E","$","R","M","R","BOSS","M","?","?","?","?","R","E","M","T","R","?","R","?","M","R","BOSS"],"items_purchased_type":["Relic","Card","Relic","Relic"],"build_version":"2020-12-22","purchased_purges":0,"victory":false,"max_hp_per_floor":[80,80,80,80,80,80,80,80,87,87,87,87,87,87,87,87,87,87,87,87,92,92,92,92,92,92,92,92,92,92,92,92,92,92],"card_choices":[{"not_picked":["Armaments","Searing Blow"],"picked":"Battle Trance","floor":1},{"not_picked":["Disarm","Sword Boomerang"],"picked":"Infernal Blade","floor":2},{"not_picked":["Entrench","Heavy Blade"],"picked":"Pummel","floor":3},{"not_picked":["Warcry","True Grit"],"picked":"Dropkick","floor":4},{"not_picked":["Pummel","Iron Wave"],"picked":"Flex","floor":5},{"not_picked":["Anger","Second Wind"],"picked":"Twin Strike","floor":7},{"not_picked":["Body Slam","Sword Boomerang","Second Wind"],"picked":"SKIP","floor":10},{"not_picked":["Havoc","Second Wind"],"picked":"Clash","floor":11},{"not_picked":["Anger","Intimidate"],"picked":"True Grit","floor":14},{"not_picked":["Offering","Juggernaut"],"picked":"Berserk","floor":16},{"not_picked":["Intimidate","Armaments","Body Slam"],"picked":"SKIP","floor":18},{"not_picked":["Flex","Wild Strike+1"],"picked":"Carnage+1","floor":24},{"not_picked":["True Grit","Warcry"],"picked":"Heavy Blade","floor":25},{"not_picked":["Warcry","Infernal Blade"],"picked":"Berserk","floor":27},{"not_picked":["True Grit+1","Rampage+1"],"picked":"Shrug It Off","floor":31},{"not_picked":["Flex","Wild Strike"],"picked":"Sentinel","floor":32}],"player_experience":763807,"relics_obtained":[{"floor":7,"key":"Juzu Bracelet"},{"floor":9,"key":"Strawberry"},{"floor":11,"key":"Nunchaku"},{"floor":24,"key":"Happy Flower"},{"floor":26,"key":"StrikeDummy"},{"floor":30,"key":"FossilizedHelix"},{"floor":30,"key":"Gremlin Horn"}],"event_choices":[{"damage_healed":0,"gold_gain":0,"player_choice":"Paid Gold","damage_taken":0,"relics_obtained":["Dream Catcher"],"max_hp_gain":0,"max_hp_loss":0,"event_name":"WeMeetAgain","floor":19,"gold_loss":53},{"damage_healed":0,"gold_gain":0,"player_choice":"Rummage","damage_taken":0,"relics_obtained":["WarpedTongs"],"max_hp_gain":0,"max_hp_loss":0,"event_name":"Accursed Blacksmith","floor":20,"gold_loss":0,"cards_obtained":["Pain"]},{"damage_healed":0,"gold_gain":0,"player_choice":"Shed Blood","damage_taken":22,"max_hp_gain":5,"max_hp_loss":0,"event_name":"Forgotten Altar","floor":21,"gold_loss":0},{"damage_healed":0,"gold_gain":0,"player_choice":"Stole Relic","damage_taken":0,"relics_obtained":["Ancient Tea Set"],"max_hp_gain":0,"max_hp_loss":0,"event_name":"Addict","floor":22,"gold_loss":0,"cards_obtained":["Shame"]},{"damage_healed":0,"gold_gain":0,"player_choice":"Got Potions","damage_taken":0,"max_hp_gain":0,"max_hp_loss":0,"event_name":"Lab","floor":28,"gold_loss":0},{"damage_healed":0,"gold_gain":0,"player_choice":"Fight","damage_taken":0,"max_hp_gain":0,"max_hp_loss":0,"event_name":"Colosseum","floor":30,"gold_loss":0},{"damage_healed":0,"gold_gain":0,"player_choice":"Fought Nobs","damage_taken":0,"max_hp_gain":0,"max_hp_loss":0,"event_name":"Colosseum","floor":30,"gold_loss":0}],"is_beta":false,"boss_relics":[{"not_picked":["Mark of Pain","Fusion Hammer"],"picked":"Ectoplasm"}],"items_purged_floors":[],"is_endless":false,"potions_floor_spawned":[2,3,5,10,11,14,30,31],"killed_by":"Collector","ascension_level":10}}