{"host":"dqv8oo4v229c1o2l","time":1613444957,"event":{"mods":["AchievementEnabler","BaseMod","Colored Map","Colored Powertips","Minty Spire (QoL Compilation)","Quick Restart","Rare Cards Sparkle","StSLib","Synergy Search"],"gold_per_floor":[109,128,78,94,57,87,87,113,113,113,133,133,149,162,162,267,267,287,302,133,158,4,4,4],"floor_reached":23,"language":"ENG","playtime":1110,"items_purged":[],"score":291,"play_id":"6342c4bd-9c7f-48e2-b082-39775f2fa38a","local_time":"20210215190917","is_ascension_mode":true,"campfire_choices":[{"floor":7,"key":"REST"},{"data":"Multi-Cast","floor":10,"key":"SMITH"},{"data":"Zap","floor":12,"key":"SMITH"},{"floor":15,"key":"REST"}],"circlet_count":0,"master_deck":["Strike_B","Strike_B","Strike_B","Defend_B","Defend_B","Defend_B","Defend_B","Zap+1","Multi-Cast+1","Conserve Battery","Barrage","Consume","Doom and Gloom","Self Repair","Reinforced Body","Sweeping Beam","Hologram","Electrodynamics","Blizzard","Conserve Battery","Doom and Gloom+1"],"relics":["FrozenCore","Blue Candle","Pantograph","Eternal Feather","PreservedInsect","Red Mask","Vajra"],"acts_visited":["TheCity"],"potions_floor_usage":[8,11,19,21,21],"damage_taken":[{"damage":7,"enemies":"Jaw Worm","floor":1,"turns":3},{"damage":0,"enemies":"2 Louse","floor":2,"turns":3},{"damage":3,"enemies":"Small Slimes","floor":4,"turns":3},{"damage":23,"enemies":"Lagavulin","floor":6,"turns":5},{"damage":23,"enemies":"3 Sentries","floor":8,"turns":6},{"damage":34,"enemies":"Exordium Thugs","floor":11,"turns":6},{"damage":17,"enemies":"Large Slime","floor":13,"turns":8},{"damage":9,"enemies":"2 Fungi Beasts","floor":14,"turns":3},{"damage":35,"enemies":"Slime Boss","floor":16,"turns":5},{"damage":9,"enemies":"Shell Parasite","floor":18,"turns":11},{"damage":4,"enemies":"Spheric Guardian","floor":19,"turns":5},{"damage":42,"enemies":"Masked Bandits","floor":21,"turns":4},{"damage":43,"enemies":"Book of Stabbing","floor":23,"turns":5}],"seed_played":"-4181906920919648550","potions_obtained":[{"floor":2,"key":"SteroidPotion"},{"floor":8,"key":"Block Potion"},{"floor":14,"key":"Block Potion"},{"floor":16,"key":"PowerPotion"},{"floor":18,"key":"Energy Potion"},{"floor":19,"key":"Fruit Juice"}],"is_trial":false,"path_per_floor":["M","M","?","M","$","E","R","E","T","R","M","R","M","M","R","B",null,"M","M","$","?","$","E"],"character_chosen":"DEFECT","items_purchased":["Doom and Gloom","PreservedInsect","Conserve Battery","Vajra"],"campfire_rested":2,"item_purchase_floors":[5,20,20,22],"current_hp_per_floor":[61,61,61,58,58,35,57,34,34,40,13,22,12,10,41,38,66,64,72,72,37,37,0,0],"gold":4,"neow_bonus":"TRANSFORM_CARD","is_daily":false,"chose_seed":false,"campfire_upgraded":2,"win_rate":0.0,"timestamp":1613444957,"path_taken":["M","M","?","M","$","E","R","E","T","R","M","R","M","M","R","BOSS","M","M","$","?","$","E"],"items_purchased_type":["Card","Relic","Card","Relic"],"build_version":"2020-12-22","purchased_purges":0,"victory":false,"max_hp_per_floor":[75,75,75,75,75,75,75,75,75,75,75,75,75,75,75,75,75,75,80,80,80,80,80,80],"card_choices":[{"not_picked":["Hologram","Ball Lightning"],"picked":"Conserve Battery","floor":1},{"not_picked":["Gash","Rebound"],"picked":"Barrage","floor":2},{"not_picked":["Stack","Coolheaded"],"picked":"Consume","floor":4},{"not_picked":["Hello World","Recycle","Cold Snap"],"picked":"SKIP","floor":6},{"not_picked":["Beam Cell","Reinforced Body"],"picked":"Self Repair","floor":8},{"not_picked":["Barrage","Sweeping Beam"],"picked":"Reinforced Body","floor":11},{"not_picked":["Stack","Streamline"],"picked":"Sweeping Beam","floor":13},{"not_picked":["Turbo","Hello World"],"picked":"Hologram","floor":14},{"not_picked":["Hyperbeam","Amplify"],"picked":"Electrodynamics","floor":16},{"not_picked":["Leap+1","Compile Driver"],"picked":"Blizzard","floor":18},{"not_picked":["Compile Driver","Reinforced Body+1","Cold Snap+1"],"picked":"SKIP","floor":19},{"not_picked":["Fusion","Scrape"],"picked":"Doom and Gloom+1","floor":21}],"player_experience":324371,"relics_obtained":[{"floor":6,"key":"Blue Candle"},{"floor":8,"key":"Pantograph"},{"floor":9,"key":"Eternal Feather"},{"floor":21,"key":"Red Mask"}],"event_choices":[{"cards_removed":["Dualcast"],"damage_healed":0,"gold_gain":0,"player_choice":"Card Removal","damage_taken":0,"max_hp_gain":0,"max_hp_loss":0,"event_name":"The Cleric","floor":3,"gold_loss":50},{"damage_healed":0,"gold_gain":0,"player_choice":"Fought Bandits","damage_taken":0,"max_hp_gain":0,"max_hp_loss":0,"event_name":"Masked Bandits","floor":21,"gold_loss":0}],"is_beta":false,"boss_relics":[{"not_picked":["Cursed Key","Snecko Eye"],"picked":"FrozenCore"}],"items_purged_floors":[],"is_endless":false,"potions_floor_spawned":[2,8,14,16,18,19],"killed_by":"Book of Stabbing","ascension_level":9}}