{"host":"dg9ago0zd82drrsw","time":1613474673,"event":{"mods":["BaseMod","Bestiary","Downfall","GifTheSpireLib","Minty Spire (QoL Compilation)","Relic Stats","StSLib"],"gold_per_floor":[99,112,130,147,147,23,23,23,39,63,83,83,116,130,148,148,148,148],"floor_reached":16,"language":"ENG","playtime":510,"items_purged":["downfall:Malfunctioning"],"score":140,"play_id":"285f9565-ae34-4051-b778-5b73399f1297","local_time":"20210216142433","is_ascension_mode":true,"campfire_choices":[{"data":"Guardian:TwinSlam","floor":1,"key":"SMITH"},{"data":"Guardian:EvasiveProtocol","floor":12,"key":"SMITH"}],"circlet_count":0,"master_deck":["Guardian:Strike_Guardian+1","Guardian:Strike_Guardian+1","Guardian:Defend_Guardian","Guardian:Defend_Guardian+1","Guardian:Defend_Guardian","Guardian:Defend_Guardian","Guardian:CurlUp","Guardian:TwinSlam+1","Guardian:DonusPower","Guardian:Orbwalk","Guardian:EvasiveProtocol+1","Guardian:SpikerProtocol","Guardian:BronzeOrb","Guardian:Preprogram","Guardian:DecasProtection"],"relics":["Guardian:ModeShifter","Bottled Tornado","Odd Mushroom","Calipers"],"acts_visited":["Exordium"],"potions_floor_usage":[13],"damage_taken":[{"damage":0,"enemies":"2 Louse","floor":2,"turns":3},{"damage":9,"enemies":"Jaw Worm","floor":3,"turns":5},{"damage":0,"enemies":"Small Slimes","floor":4,"turns":3},{"damage":0,"enemies":"downfall:FleeingMerchant","floor":6,"turns":4},{"damage":11,"enemies":"Exordium Thugs","floor":9,"turns":5},{"damage":8,"enemies":"The Mushroom Lair","floor":10,"turns":6},{"damage":9,"enemies":"downfall:LooterAlt","floor":11,"turns":6},{"damage":26,"enemies":"Gremlin Nob","floor":13,"turns":5},{"damage":2,"enemies":"Large Slime","floor":14,"turns":7},{"damage":0,"enemies":"Exordium Wildlife","floor":15,"turns":4},{"damage":11,"enemies":"IC_STATUS_ARCHETYPE","floor":16,"turns":2}],"seed_played":"2700662145240329847","potions_obtained":[{"floor":2,"key":"DuplicationPotion"},{"floor":9,"key":"ColorlessPotion"},{"floor":10,"key":"SpeedPotion"},{"floor":13,"key":"FearPotion"}],"is_trial":false,"path_per_floor":["R","M","M","M","?","$","T","?","M","?","M","R","E","M","M","B"],"character_chosen":"GUARDIAN","items_purchased":["Guardian:EvasiveProtocol"],"campfire_rested":0,"item_purchase_floors":[6],"current_hp_per_floor":[72,72,63,63,63,63,63,63,52,44,35,35,9,7,7,0,0,0],"gold":148,"neow_bonus":"REMOVE_CARD","is_daily":false,"chose_seed":false,"campfire_upgraded":2,"win_rate":0.0,"timestamp":1613474673,"path_taken":["R","M","M","M","?","$","T","?","?","?","M","R","E","M","M","BOSS"],"items_purchased_type":["Card"],"build_version":"2020-12-22","purchased_purges":1,"victory":false,"max_hp_per_floor":[80,80,80,80,80,80,80,80,80,80,80,80,80,80,80,80,80,80],"relic_stats":{"counters":[11,50],"obtain_stats":[{"Calipers":13,"Guardian:ModeShifter":0,"Bottled Tornado":7,"Odd Mushroom":10},{"Calipers":8,"Guardian:ModeShifter":0,"Bottled Tornado":4,"Odd Mushroom":6},{"Calipers":37,"Guardian:ModeShifter":0,"Bottled Tornado":15,"Odd Mushroom":26}]},"card_choices":[{"not_picked":["Guardian:Planning","Guardian:VentSteam"],"picked":"Guardian:DonusPower","floor":2},{"not_picked":["Guardian:PrimingBeam","Guardian:WalkerClaw"],"picked":"Guardian:Gem_Red","floor":3},{"not_picked":["Guardian:Reroute","Guardian:RefractedBeam"],"picked":"Guardian:Orbwalk","floor":4},{"not_picked":["Guardian:BodySlam","Guardian:GuardianWhirl","Guardian:Planning"],"picked":"SKIP","floor":6},{"not_picked":["Guardian:Gem_Cyan","Guardian:WalkerClaw"],"picked":"Guardian:Gem_Synthetic","floor":9},{"not_picked":["Guardian:Gem_Cyan","Guardian:PiercingHide"],"picked":"Guardian:SpikerProtocol","floor":10},{"not_picked":["Guardian:FloatingOrbs","Guardian:TemporalStrike"],"picked":"Guardian:BronzeOrb","floor":11},{"not_picked":["Guardian:Gem_Red","Guardian:Reroute","Guardian:GatlingBeam"],"picked":"SKIP","floor":13},{"not_picked":["Guardian:Gem_Lightblue","Guardian:VentSteam"],"picked":"Guardian:Preprogram","floor":14},{"not_picked":["Guardian:SpikerProtocol","Guardian:PiercingHide"],"picked":"Guardian:DecasProtection","floor":15}],"player_experience":757384,"relics_obtained":[{"floor":7,"key":"Bottled Tornado"},{"floor":10,"key":"Odd Mushroom"},{"floor":13,"key":"Calipers"}],"event_choices":[{"cards_removed":["Guardian:Strike_Guardian"],"damage_healed":0,"gold_gain":0,"player_choice":"Card Removal","damage_taken":0,"max_hp_gain":0,"max_hp_loss":0,"event_name":"The Cleric","floor":8,"gold_loss":0},{"damage_healed":0,"gold_gain":0,"player_choice":"Fought Mushrooms","damage_taken":0,"max_hp_gain":0,"max_hp_loss":0,"event_name":"Mushrooms","floor":10,"gold_loss":0}],"is_beta":false,"boss_relics":[],"items_purged_floors":[6],"is_endless":false,"potions_floor_spawned":[2,9,10,13,15],"killed_by":"IC_STATUS_ARCHETYPE","ascension_level":7}}