{"host":"4cz9gr89nglr7k8k","time":1613505648,"event":{"mods":["BaseMod","Minty Spire (QoL Compilation)","Relic Stats","Slay-I"],"gold_per_floor":[114,176,276,296,307,307,7,32,57,104,254,17,17,31,31,106,106,119,135,135,135,46,46,63,111,111,121,6,6,6],"floor_reached":29,"language":"DEU","playtime":594,"items_purged":["Doubt"],"score":542,"play_id":"6369a633-dfac-419e-9f57-9338efa45a3a","local_time":"20210216210048","is_ascension_mode":true,"campfire_choices":[{"data":"Inflame","floor":6,"key":"SMITH"},{"data":"Cleave","floor":13,"key":"SMITH"},{"data":"Inflame","floor":15,"key":"SMITH"},{"floor":23,"key":"REST"}],"circlet_count":0,"master_deck":["AscendersBane","Strike_R+1","Strike_R","Strike_R","Defend_R","Defend_R","Defend_R","Bash+1","Uppercut","Inflame+1","Cleave+1","Inflame+1","Uppercut","Cleave","Inflame+1","Clothesline","Bludgeon","Hemokinesis+1","Infernal Blade+1","Armaments+1","Disarm+1","Heavy Blade","Spot Weakness","Clash","Clash","Shrug It Off","Entrench"],"relics":["Burning Blood","Tiny Chest","Happy Flower","Whetstone","Bag of Marbles","Nunchaku","DollysMirror","Astrolabe","Bronze Scales","Frozen Egg 2"],"acts_visited":["Exordium","TheCity"],"potions_floor_usage":[8,18,27],"damage_taken":[{"damage":6,"enemies":"2 Louse","floor":1,"turns":4},{"damage":7,"enemies":"Jaw Worm","floor":4,"turns":3},{"damage":6,"enemies":"Cultist","floor":5,"turns":3},{"damage":8,"enemies":"Gremlin Nob","floor":8,"turns":3},{"damage":8,"enemies":"Looter","floor":14,"turns":2},{"damage":0,"enemies":"Slime Boss","floor":16,"turns":7},{"damage":25,"enemies":"Shell Parasite","floor":18,"turns":3},{"damage":40,"enemies":"2 Thieves","floor":19,"turns":4},{"damage":15,"enemies":"3 Cultists","floor":24,"turns":4},{"damage":28,"enemies":"Snake Plant","floor":27,"turns":3},{"damage":21,"enemies":"Cultist and Chosen","floor":29,"turns":3}],"seed_played":"6574472098491375797","potions_obtained":[{"floor":1,"key":"AttackPotion"},{"floor":5,"key":"Energy Potion"},{"floor":14,"key":"Regen Potion"},{"floor":18,"key":"ElixirPotion"}],"is_trial":false,"path_per_floor":["M","?","?","M","M","R","$","E","T","T","?","$","R","M","R","B",null,"M","M","?","?","$","R","M","T","T","M","$","M"],"character_chosen":"IRONCLAD","items_purchased":["Inflame","Happy Flower","Uppercut","DollysMirror","Spot Weakness","Shrug It Off","Entrench"],"campfire_rested":1,"item_purchase_floors":[7,7,7,12,22,28,28],"current_hp_per_floor":[68,68,68,67,67,67,67,65,65,65,65,65,65,63,63,69,74,55,21,36,15,15,39,30,30,30,13,13,0,0],"gold":6,"neow_bonus":"RANDOM_COMMON_RELIC","is_daily":false,"chose_seed":false,"campfire_upgraded":3,"win_rate":0.0,"timestamp":1613505648,"path_taken":["M","?","?","?","M","R","$","E","T","?","?","$","R","M","R","BOSS","M","M","?","?","$","R","M","?","T","?","?","M"],"items_purchased_type":["Card","Relic","Card","Relic","Card","Card","Card"],"build_version":"2020-12-22","purchased_purges":1,"victory":false,"max_hp_per_floor":[75,75,75,75,75,75,75,75,75,75,75,75,75,75,75,75,75,75,75,75,80,80,80,80,80,80,80,80,80,80],"relic_stats":{"Nunchaku":[4],"Happy Flower":[9],"counters":[11,39],"Astrolabe":["Hemokinesis","Infernal Blade","Armaments"],"Bronze Scales":[9],"Tiny Chest":2,"Whetstone":["Strike_R","Bash"],"obtain_stats":[{"Nunchaku":10,"Happy Flower":7,"DollysMirror":12,"Astrolabe":17,"Bronze Scales":25,"Tiny Chest":0,"Bag of Marbles":9,"Whetstone":8,"Frozen Egg 2":26,"Burning Blood":0},{"Nunchaku":4,"Happy Flower":3,"DollysMirror":4,"Astrolabe":6,"Bronze Scales":9,"Tiny Chest":0,"Bag of Marbles":4,"Whetstone":4,"Frozen Egg 2":9,"Burning Blood":0},{"Nunchaku":13,"Happy Flower":10,"DollysMirror":13,"Astrolabe":22,"Bronze Scales":33,"Tiny Chest":0,"Bag of Marbles":13,"Whetstone":13,"Frozen Egg 2":33,"Burning Blood":0}],"Burning Blood":60},"card_choices":[{"not_picked":["Thunderclap","Entrench"],"picked":"Uppercut","floor":1},{"not_picked":["Body Slam","Metallicize"],"picked":"Inflame","floor":4},{"not_picked":["True Grit","Headbutt"],"picked":"Cleave","floor":5},{"not_picked":["Battle Trance","Rupture"],"picked":"Cleave","floor":8},{"not_picked":["Bloodletting","Offering"],"picked":"Clothesline","floor":14},{"not_picked":["Impervious","Berserk"],"picked":"Bludgeon","floor":16},{"not_picked":["Sever Soul","Reckless Charge"],"picked":"Disarm+1","floor":18},{"not_picked":["Wild Strike","Havoc"],"picked":"Heavy Blade","floor":19},{"not_picked":["Warcry","Twin Strike"],"picked":"Clash","floor":24},{"not_picked":["Sword Boomerang","Body Slam"],"picked":"Clash","floor":27}],"player_experience":1554504,"relics_obtained":[{"floor":8,"key":"Whetstone"},{"floor":9,"key":"Bag of Marbles"},{"floor":10,"key":"Nunchaku"},{"floor":25,"key":"Bronze Scales"},{"floor":26,"key":"Frozen Egg 2"}],"event_choices":[{"damage_healed":0,"gold_gain":62,"player_choice":"Gained Gold","damage_taken":0,"max_hp_gain":0,"max_hp_loss":0,"event_name":"Golden Wing","floor":2,"gold_loss":0},{"damage_healed":0,"gold_gain":100,"player_choice":"Gold","damage_taken":0,"max_hp_gain":0,"max_hp_loss":0,"event_name":"Wheel of Change","floor":3,"gold_loss":0},{"damage_healed":0,"gold_gain":150,"player_choice":"AGREE","damage_taken":0,"max_hp_gain":0,"max_hp_loss":0,"event_name":"Liars Game","floor":11,"gold_loss":0,"cards_obtained":["Doubt"]},{"damage_healed":15,"gold_gain":0,"player_choice":"Heal","damage_taken":0,"max_hp_gain":0,"max_hp_loss":0,"event_name":"The Library","floor":20,"gold_loss":0},{"damage_healed":0,"gold_gain":0,"player_choice":"Shed Blood","damage_taken":26,"max_hp_gain":5,"max_hp_loss":0,"event_name":"Forgotten Altar","floor":21,"gold_loss":0}],"is_beta":false,"boss_relics":[{"not_picked":["Pandora\u0027s Box","Coffee Dripper"],"picked":"Astrolabe"}],"items_purged_floors":[12],"is_endless":false,"potions_floor_spawned":[1,5,14,18,24],"killed_by":"Cultist and Chosen","ascension_level":20}}