{"host":"1sqx9dmsrxu9kvq7","time":1613483015,"event":{"mods":["2.2 Compatiblity","Act Like it!","Aspiration","BaseMod","Bestiary","Block Reminder","CapriCore","Chen","Colored Powertips","Custom Start","DeckTracker","Downfall","Friendly Minions","Halation","Highlight Path","HololiveMod","Hubris","KinomotoSakuraMod(木之本?)","Kiyohime（清?）","Koishi","Marisa（霧雨　魔理沙）","Minty Spire (QoL Compilation)","Prisma Mod","Quick Restart","Rare Cards Sparkle","Reimu（博??梦）","Relic Stats","Remilia（蕾米莉?）","Shop Mod","Spicy Shops","StSLib","Synergy Search","Td1madao Mod","The Administrix","The Alterego","The Blue Laboratory","The Immortal","The Servant 0.9.4","Waifu the Spire","WarShipGirlsR/??少女R mod","Yakumo Yukari mod","Yuyuko"],"gold_per_floor":[117,117,133,152,162,162,181,181,181,181,181],"floor_reached":10,"language":"ENG","playtime":381,"items_purged":[],"score":60,"play_id":"52b2de93-8972-4360-b117-0ca47c984760","local_time":"20210216074335","is_ascension_mode":false,"campfire_choices":[{"floor":6,"key":"RECALL"},{"data":"Cooling Song","floor":8,"key":"SMITH"}],"circlet_count":0,"master_deck":["Strike_C","Strike_C","Strike_C","Strike_C","Defend_C","Defend_C","Defend_C","Defend_C","Knight Kick","Chip","Gravity Defend+1","Cooling Song+1","Lunge","Bugfix","Fixing"],"relics":["Apod","NeowsBlessing"],"acts_visited":["Exordium"],"potions_floor_usage":[],"damage_taken":[{"damage":0,"enemies":"Jaw Worm","floor":1,"turns":1},{"damage":0,"enemies":"Cultist","floor":3,"turns":1},{"damage":0,"enemies":"2 Louse","floor":4,"turns":1},{"damage":3,"enemies":"Lots of Slimes","floor":5,"turns":6},{"damage":1,"enemies":"Red Slaver","floor":7,"turns":4},{"damage":9,"enemies":"Lagavulin","floor":10,"turns":9}],"seed_played":"805649336332690419","potions_obtained":[{"floor":4,"key":"blueLaboratory:FruitPunch"},{"floor":5,"key":"LiquidMemories"},{"floor":7,"key":"hexamod:SoulburnPotion"}],"is_trial":false,"path_per_floor":["M","?","M","M","M","R","M","R","T","E"],"character_chosen":"TD1MADAO_CLASS","items_purchased":[],"campfire_rested":0,"item_purchase_floors":[],"current_hp_per_floor":[70,70,70,70,67,67,66,66,66,57,57],"gold":181,"neow_bonus":"THREE_ENEMY_KILL","is_daily":false,"chose_seed":false,"campfire_upgraded":1,"win_rate":0.0,"timestamp":1613483015,"path_taken":["M","?","?","M","M","R","M","R","T","E"],"items_purchased_type":[],"build_version":"2020-12-22","purchased_purges":0,"victory":false,"max_hp_per_floor":[70,70,70,70,70,70,70,70,70,70,70],"relic_stats":{"counters":[6,22],"obtain_stats":[{"NeowsBlessing":0,"Apod":0},{"NeowsBlessing":0,"Apod":0},{"NeowsBlessing":0,"Apod":0}]},"card_choices":[{"not_picked":["Preloading","Fire Blade"],"picked":"Gravity Defend","floor":1},{"not_picked":["Machining","White Contract"],"picked":"Cooling Song","floor":3},{"not_picked":["Black Dance","Preloading"],"picked":"Lunge","floor":4},{"not_picked":["Black Execution","Ruin Defend"],"picked":"Bugfix","floor":5},{"not_picked":["Black Execution","Coercion"],"picked":"Fixing","floor":7}],"player_experience":342331,"relics_obtained":[],"event_choices":[{"damage_healed":0,"gold_gain":0,"player_choice":"Upgraded","damage_taken":0,"max_hp_gain":0,"max_hp_loss":0,"event_name":"Upgrade Shrine","floor":2,"gold_loss":0,"cards_upgraded":["Gravity Defend"]}],"is_beta":false,"boss_relics":[],"items_purged_floors":[],"is_endless":false,"potions_floor_spawned":[4,5,7],"killed_by":"Lagavulin","ascension_level":0}}