{"host":"40gggw0x72bpm5se","time":1613499957,"event":{"mods":["ATMod(°¢èªMod)","Act Like it!","Aspiration","BaseMod","Better Vampires","Colored Map","Conspire","Energized Spire","Friendly Minions","Gensokyo","GungeonMod","GungeonMod Extend","Infinite Spire","Koishi","Library of Ruina","Library of Ruina Extra","Lobotomy","Luminous","Minty Spire (QoL Compilation)","MostiFishMod","Quarter Circle Forward PUNCH!","Quick Restart","Relic Filter Mod","Relic Stats","Replay The Spire","RumiaBox-Â¶Ã×æ«µÄÉñÃØºÐ×Ó","Shop Mod","Spicy Shops","StSLib","TestMod","The Alterego","UnlockEverythingMod","Waifu the Spire","Youmu£¨»êÆÇÑýÃÎ£©","[LAZYMAN]RSMod","¡¾¹¦ÄÜMod¡¿»ìãçÖ®»·ÐÞ¸´²¹¶¡","¡¾ÒÅÎï¿¨ÅÆ¡¿REMEMod","Ä§½ä"],"gold_per_floor":[112,112,129,141,160,160,186,186,186,197,223,243,87,117,117,217,217,227,246,257,0,12,12,42,42,67,167,167,167],"floor_reached":28,"language":"ZHS","playtime":1999,"items_purged":["Strike_YM","Strike_YM"],"score":260,"play_id":"7784a4ed-79a5-40fa-9916-ef15ecb77ce5","local_time":"20210217022557","is_ascension_mode":false,"campfire_choices":[{"data":"AT_EssenceShift","floor":6,"key":"SMITH"},{"data":"MostiFishMod:StarWish","floor":8,"key":"SMITH"},{"floor":15,"key":"RECALL"},{"data":"HeavenSword","floor":23,"key":"SMITH"}],"circlet_count":0,"master_deck":["Strike_YM","Strike_YM","Defend_YM","Defend_YM+1","Defend_YM+1","Defend_YM","SlashOfPresentWorld","WheelOfPainOfLivingAndDead","MostiFishMod:StarWish+1","AT_EssenceShift+1","UniverseFragment","EchoesOfTheInclemencyOfAllBeings","QueenOfHatred","EchoesOfTheInclemencyOfAllBeings","ShyLook","HiganSword","PunishingBird","SuddenDivineSeveringOfKarmicWind","SlashOfDepartureFromHesitation","SanzenSekai","CherryBlossomFlashing","HiganSword","SuddenPhantomFormationSlashOfKarmicWind","GalaxyChild","SlashOfSaigyouSpringWind","CrescentMoonSlash","CherryBlossomFlashing","HumanRealmSword","PretaSword","HeavenSword+1","BodiesMountain","HeavenlyHaloSlash"],"relics":["HalfPhantom","REME_ComplimentaryCards","AT_ATBox","testmod-TestBox","DaveBox","CogitoBucket","testmod-AssaultLearning","HereWithMe","SynthV:TestCard","dwlrmod:ProjectRecorder","qcfpunch:Army_Boots","ResearcherNote","ChestCloth","Replay:Mystery Machine","conspire:RunicOctahedron","BehaviorAdjustment","DemoMod:Bottle","HornCleat","War Paint","Shovel","Replay:PocketPolymizer"],"acts_visited":["Gensokyo:Gensokyo","Gensokyo:Gensokyoer"],"potions_floor_usage":[10,18,27],"damage_taken":[{"damage":0,"enemies":"Gensokyo:Gryphon","floor":1,"turns":4},{"damage":1,"enemies":"Gensokyo:3_Fairies","floor":3,"turns":6},{"damage":0,"enemies":"Gensokyo:2_Kodama","floor":4,"turns":2},{"damage":0,"enemies":"Gensokyo:2_Rabbits","floor":5,"turns":3},{"damage":28,"enemies":"Gensokyo:Aya","floor":7,"turns":9},{"damage":6,"enemies":"Gensokyo:Kitsune","floor":10,"turns":6},{"damage":5,"enemies":"Gensokyo:Cirno","floor":11,"turns":8},{"damage":0,"enemies":"Gensokyo:VengefulSpirit","floor":12,"turns":3},{"damage":4,"enemies":"Gensokyo:Mamizou","floor":14,"turns":4},{"damage":33,"enemies":"Gensokyo:Kokoro","floor":16,"turns":10},{"damage":16,"enemies":"Gensokyo:Chomper","floor":18,"turns":3},{"damage":4,"enemies":"Gensokyo:2_Gloops","floor":19,"turns":5},{"damage":29,"enemies":"Gensokyo:Swordslinger","floor":20,"turns":3},{"damage":11,"enemies":"Gensokyo:Chomper_and_Gloop","floor":22,"turns":5},{"damage":42,"enemies":"Nightmare","floor":24,"turns":6},{"damage":1,"enemies":"Nightmare","floor":27,"turns":3},{"damage":22,"enemies":"Nightmare","floor":28,"turns":6}],"seed_played":"3360137009244067724","potions_obtained":[{"floor":1,"key":"Energy Potion"},{"floor":3,"key":"FearPotion"},{"floor":7,"key":"SpeedPotion"},{"floor":11,"key":"testmod-TestPotion"},{"floor":19,"key":"SkillPotion"},{"floor":20,"key":"Energy Potion"},{"floor":27,"key":"FearPotion"}],"is_trial":false,"path_per_floor":["M","?","M","M","M","R","E","R","T","M","E","M","$","E","R_BF","B",null,"M","M","M","$","M","R","NM","?","T","?","E"],"character_chosen":"YOUMU","items_purchased":["SuddenPhantomFormationSlashOfKarmicWind","DemoMod:Bottle","PretaSword"],"campfire_rested":0,"item_purchase_floors":[13,21,21],"current_hp_per_floor":[75,75,74,75,75,75,57,57,57,51,66,72,72,68,68,49,75,65,65,42,42,43,43,9,9,9,16,9,9],"gold":167,"neow_bonus":"","is_daily":false,"chose_seed":false,"campfire_upgraded":3,"win_rate":0.0,"timestamp":1613499957,"path_taken":["M","?","M","M","M","R","E","R","T","M","E","M","?","E","R_BF","BOSS","M","M","M","$","M","R","NM","?","T","?","E"],"items_purchased_type":["Card","Relic","Card"],"build_version":"2020-12-22","purchased_purges":2,"victory":false,"max_hp_per_floor":[75,75,75,75,75,75,75,75,75,75,75,75,75,75,75,75,75,75,75,75,75,75,75,75,75,75,75,75,75],"relic_stats":{"Shovel":0,"counters":[19,87],"War Paint":["Defend_YM","Defend_YM"],"obtain_stats":[{"qcfpunch:Army_Boots":7,"dwlrmod:ProjectRecorder":3,"AT_ATBox":0,"testmod-TestBox":0,"Replay:PocketPolymizer":27,"DaveBox":0,"ChestCloth":11,"HalfPhantom":0,"ResearcherNote":10,"conspire:RunicOctahedron":17,"DemoMod:GlassGuonStoneRelic":1,"Replay:Mystery Machine":14,"War Paint":26,"CogitoBucket":0,"SynthV:TestCard":1,"HornCleat":24,"Shovel":27,"testmod-AssaultLearning":0,"HereWithMe":0,"BehaviorAdjustment":18,"DemoMod:Bottle":21,"REME_ComplimentaryCards":0},{"qcfpunch:Army_Boots":5,"dwlrmod:ProjectRecorder":2,"AT_ATBox":0,"testmod-TestBox":0,"Replay:PocketPolymizer":18,"DaveBox":0,"ChestCloth":8,"HalfPhantom":0,"ResearcherNote":7,"conspire:RunicOctahedron":11,"DemoMod:GlassGuonStoneRelic":1,"Replay:Mystery Machine":10,"War Paint":17,"CogitoBucket":0,"SynthV:TestCard":1,"HornCleat":17,"Shovel":18,"testmod-AssaultLearning":0,"HereWithMe":0,"BehaviorAdjustment":13,"DemoMod:Bottle":15,"REME_ComplimentaryCards":0},{"qcfpunch:Army_Boots":23,"dwlrmod:ProjectRecorder":10,"AT_ATBox":0,"testmod-TestBox":0,"Replay:PocketPolymizer":81,"DaveBox":0,"ChestCloth":38,"HalfPhantom":0,"ResearcherNote":30,"conspire:RunicOctahedron":55,"DemoMod:GlassGuonStoneRelic":4,"Replay:Mystery Machine":45,"War Paint":78,"CogitoBucket":0,"SynthV:TestCard":4,"HornCleat":78,"Shovel":81,"testmod-AssaultLearning":0,"HereWithMe":0,"BehaviorAdjustment":59,"DemoMod:Bottle":67,"REME_ComplimentaryCards":0}]},"card_choices":[{"not_picked":["MeltingLove","FairyFestival","Scorched"],"picked":"Singing Bowl","floor":1},{"not_picked":["OSAHOGD","OldLady"],"picked":"UniverseFragment","floor":1},{"not_picked":["SwordOfBindingDesires","HesitationCuttingSword"],"picked":"EchoesOfTheInclemencyOfAllBeings","floor":1},{"not_picked":["MHz","BeautyBeast"],"picked":"QueenOfHatred","floor":3},{"not_picked":["FantasyOfEnteringEnlightenment","DispleasureOfTheSevenHakus","KarmicPunishmentOfTheIdleAndUnfocused","SwordOfBindingDesires"],"picked":"EchoesOfTheInclemencyOfAllBeings","floor":3},{"not_picked":["WallGazer","BigBird"],"picked":"ShyLook","floor":4},{"not_picked":["SwordOfBindingDesires","ThreeKonsSevenHakus","CherryBlossomFlashing","ConstancyOfTheConventionalTruth"],"picked":"HiganSword","floor":4},{"not_picked":["CherryBlossoms","FieryBird"],"picked":"PunishingBird","floor":5},{"not_picked":["SwordOfBindingDesires","ThreeKonsSevenHakus","FourBirthsSword","SanzenSekai"],"picked":"SuddenDivineSeveringOfKarmicWind","floor":5},{"not_picked":["LittleHelper","Scorched","WallGazer"],"picked":"Singing Bowl","floor":7},{"not_picked":["DispleasureOfTheSevenHakus","TurningAngelCut","SpiritMediumsBind","KarmicPunishmentOfTheIdleAndUnfocused"],"picked":"SlashOfDepartureFromHesitation","floor":7},{"not_picked":["Funeral","Freischutz","VoidDream"],"picked":"Singing Bowl","floor":10},{"not_picked":["DoubleWheelOfPain","DispleasureOfTheSevenHakus","FlashingScatteredFlowers","SlashOfMeditation"],"picked":"SanzenSekai","floor":10},{"not_picked":["Wellcheers","BeautyBeast","Scorched"],"picked":"Singing Bowl","floor":11},{"not_picked":["DispleasureOfTheSevenHakus","ThreeKonsSevenHakus","SpiritCuttingSword","LowerRealmReflectionSlash"],"picked":"CherryBlossomFlashing","floor":11},{"not_picked":["LittleHelper","FairyFestival","Woodsman"],"picked":"Singing Bowl","floor":12},{"not_picked":["FourBirthsSword","ObsessionSword","HeavenlyHaloSlash","ThreeKonsSevenHakus"],"picked":"HiganSword","floor":12},{"not_picked":["Scorched","MeatLantern"],"picked":"GalaxyChild","floor":14},{"not_picked":["ObsessionSword","IrresoluteSoul","SlashOfMeditation","LightFlashOfTheNetherworld","LowerRealmReflectionSlash"],"picked":"SKIP","floor":14},{"not_picked":["Scorched","SpiderBud","DespairKnight"],"picked":"Singing Bowl","floor":16},{"not_picked":["SuddenDivineSeveringOfKarmicWind","SlashOfTheEternalFuture","CherryBlossomSword","ReincarnationSword"],"picked":"SlashOfSaigyouSpringWind","floor":16},{"not_picked":["FairyFestival","MHz","OSAHOGD"],"picked":"Singing Bowl","floor":18},{"not_picked":["SpiderLilyBurial","ObsessionWithThePresentWorld","RapidSlash","BizarrenessOfSixRealms"],"picked":"CrescentMoonSlash","floor":18},{"not_picked":["MHz","Wellcheers","Woodsman"],"picked":"Singing Bowl","floor":19},{"not_picked":["HumanRealmSword","ConstancyOfTheConventionalTruth","LowerRealmReflectionSlash+1","FiveSignsOfTheDyingDeva"],"picked":"CherryBlossomFlashing","floor":19},{"not_picked":["SpiderBud","OSAHOGD","RedShoes"],"picked":"Singing Bowl","floor":20},{"not_picked":["SlashClearingTheSixSenses","SpiritCuttingSword","PretaSword","LowerRealmReflectionSlash"],"picked":"HumanRealmSword","floor":20},{"not_picked":["SilentOrchestra","Wellcheers","OSAHOGD"],"picked":"Singing Bowl","floor":22},{"not_picked":["SanzenSekai","SlashClearingTheSixSenses+1","SlashOfMeditation","PhosphoricSlash+1"],"picked":"HeavenSword","floor":22},{"not_picked":["Woodsman","FairyFestival","BlackSwan"],"picked":"Singing Bowl","floor":24},{"not_picked":["HeartExcerptSlash","FourBirthsSword","TenKingsRetributionOnThePreta","LowerRealmReflectionSlash","SlashOfMeditation"],"picked":"SKIP","floor":24},{"not_picked":["VoidDream","MeltingLove"],"picked":"BodiesMountain","floor":27},{"not_picked":["CrescentMoonSlash","SanzenSekai","TwoHundredYojanaInOneSlash","SlashOfMeditation"],"picked":"HeavenlyHaloSlash","floor":27}],"player_experience":108208,"relics_obtained":[{"floor":1,"key":"SynthV:TestCard"},{"floor":3,"key":"dwlrmod:ProjectRecorder"},{"floor":7,"key":"qcfpunch:Army_Boots"},{"floor":11,"key":"ChestCloth"},{"floor":14,"key":"Replay:Mystery Machine"},{"floor":24,"key":"HornCleat"},{"floor":26,"key":"War Paint"},{"floor":27,"key":"Shovel"},{"floor":27,"key":"Replay:PocketPolymizer"}],"event_choices":[{"damage_healed":0,"gold_gain":0,"player_choice":"Leave","damage_taken":0,"max_hp_gain":0,"max_hp_loss":0,"event_name":"conspire:Investor","floor":25,"gold_loss":0}],"is_beta":false,"boss_relics":[{"not_picked":["Empty Cage","GuanYuAspect"],"picked":"conspire:RunicOctahedron"}],"items_purged_floors":[13,21],"is_endless":false,"potions_floor_spawned":[1,3,7,11,19,20,27],"killed_by":"Nightmare","ascension_level":0}}