{"host":"pj05r22d3fegil3v","time":1613457461,"event":{"mods":["BaseMod","Better Altar","Better Match","Better Note","Better Sensory Stone","Better Skull","Better Third Choice","BetterRewards","Card Filter","Colored Powertips","Curses Come First","Custom Start","DeckTracker","Displayed Cursed Tome","Evolution","Minty Spire (QoL Compilation)","Quick Restart","Rare Cards Sparkle","Relic Filter Mod","Smile Girya","StSLib","Weighted Paths","everything is the same but u backflip on backflip","slay the spire mod where everything is the same but ironclad has a cowboy hat"],"gold_per_floor":[118,118,133,208,158,158,192,204,227,227,327,342,342,376,388,502,514,540,567,595,624,636,648,648],"floor_reached":23,"language":"ENG","playtime":1031,"items_purged":["Strike_B"],"score":316,"play_id":"3a5ba92b-4377-48ca-aaf7-d2105c9ff223","local_time":"20210216013741","is_ascension_mode":true,"campfire_choices":[{"data":"Capacitor","floor":6,"key":"SMITH"},{"data":"Chill","floor":10,"key":"SMITH"},{"data":"Echo Form","floor":13,"key":"SMITH"},{"data":"Lockon","floor":15,"key":"SMITH"}],"circlet_count":0,"master_deck":["Ball Lightning","Ball Lightning","Defend_B","Defend_B","Zap","Dualcast","Capacitor+1","Coolheaded","Chill+1","Self Repair","Echo Form+1","Lockon+1","Creative AI","Thunder Strike"],"relics":["FrozenCore","EVO:Axolotl","Orrery","Omamori","Du-Vu Doll","Sundial","MawBank","The Courier"],"acts_visited":["Exordium","TheCity"],"potions_floor_usage":[7,16,16,20,23],"damage_taken":[{"damage":7,"enemies":"2 Louse","floor":1,"turns":3},{"damage":4,"enemies":"Small Slimes","floor":3,"turns":3},{"damage":13,"enemies":"Gremlin Nob","floor":7,"turns":4},{"damage":2,"enemies":"Cultist","floor":8,"turns":3},{"damage":6,"enemies":"Looter","floor":12,"turns":2},{"damage":12,"enemies":"3 Sentries","floor":14,"turns":7},{"damage":29,"enemies":"The Guardian","floor":16,"turns":7},{"damage":13,"enemies":"Shell Parasite","floor":18,"turns":6},{"damage":7,"enemies":"Chosen","floor":19,"turns":6},{"damage":53,"enemies":"3 Cultists","floor":20,"turns":6},{"damage":27,"enemies":"Cultist and Chosen","floor":21,"turns":4},{"damage":11,"enemies":"Gremlin Leader","floor":23,"turns":2}],"seed_played":"8601825483581292736","potions_obtained":[{"floor":7,"key":"DistilledChaos"},{"floor":12,"key":"Dexterity Potion"},{"floor":14,"key":"Weak Potion"},{"floor":19,"key":"Swift Potion"}],"is_trial":false,"path_per_floor":["M","?","M","?","?","R","E","M","T","R","?","M","R","E","R","B",null,"M","M","M","M","T","E"],"character_chosen":"DEFECT","items_purchased":["Capacitor","Orrery","Weak Potion"],"campfire_rested":0,"item_purchase_floors":[0,0,0],"current_hp_per_floor":[68,61,57,46,46,46,40,45,45,45,45,46,46,48,48,26,75,75,75,36,9,9,0,0],"gold":648,"neow_bonus":"","is_daily":false,"chose_seed":false,"campfire_upgraded":4,"win_rate":0.0,"timestamp":1613457461,"path_taken":["M","?","M","?","?","R","E","M","T","R","?","M","R","E","R","BOSS","M","M","M","M","?","E"],"items_purchased_type":["Card","Relic","Potion"],"build_version":"2020-12-22","purchased_purges":1,"victory":false,"max_hp_per_floor":[75,75,75,75,75,75,75,75,75,75,75,75,75,75,75,75,75,75,75,75,75,75,75,75],"card_choices":[{"not_picked":["Turbo","Sweeping Beam"],"picked":"Coolheaded","floor":0},{"not_picked":["Aggregate","Darkness"],"picked":"Chill","floor":1},{"not_picked":["Go for the Eyes","Gash"],"picked":"Self Repair","floor":3},{"not_picked":["Cold Snap","Auto Shields","Stack"],"picked":"SKIP","floor":7},{"not_picked":["Heatsinks","Skim","Lockon"],"picked":"SKIP","floor":8},{"not_picked":["Gash","Leap"],"picked":"Echo Form","floor":12},{"not_picked":["Cold Snap","Gash"],"picked":"Lockon","floor":14},{"not_picked":["Machine Learning","Meteor Strike"],"picked":"Creative AI","floor":16},{"not_picked":["Sweeping Beam","Go for the Eyes","Chaos"],"picked":"SKIP","floor":18},{"not_picked":["Go for the Eyes","Rebound"],"picked":"Thunder Strike","floor":19},{"not_picked":["Fusion","Go for the Eyes+1","Reprogram"],"picked":"SKIP","floor":20},{"not_picked":["Steam","Go for the Eyes","Hologram"],"picked":"SKIP","floor":21}],"player_experience":119970,"relics_obtained":[{"floor":7,"key":"Sundial"},{"floor":14,"key":"MawBank"},{"floor":22,"key":"The Courier"}],"event_choices":[{"cards_removed":["Defend_B"],"damage_healed":0,"gold_gain":0,"player_choice":"Card Removal","damage_taken":7,"max_hp_gain":0,"max_hp_loss":0,"event_name":"Golden Wing","floor":2,"gold_loss":0},{"damage_healed":0,"gold_gain":75,"player_choice":"Gold","damage_taken":11,"max_hp_gain":0,"max_hp_loss":0,"event_name":"betterThird:BetterGoop","floor":4,"gold_loss":0},{"cards_removed":["Defend_B"],"damage_healed":0,"gold_gain":0,"player_choice":"Card Removal","damage_taken":0,"max_hp_gain":0,"max_hp_loss":0,"event_name":"The Cleric","floor":5,"gold_loss":50},{"damage_healed":0,"gold_gain":100,"player_choice":"Pray","damage_taken":0,"max_hp_gain":0,"max_hp_loss":0,"event_name":"Golden Shrine","floor":11,"gold_loss":0}],"is_beta":false,"boss_relics":[{"not_picked":["Busted Crown","Black Star"],"picked":"FrozenCore"}],"items_purged_floors":[0],"is_endless":false,"potions_floor_spawned":[7,12,14,19],"killed_by":"Gremlin Leader","ascension_level":1}}