{"host":"z42sc0n2dozsmk72","time":1613478190,"event":{"mods":["AchievementEnabler","BaseMod","Better Third Choice","Colored Map","Curses Come First","Highlight Path","Minty Spire (QoL Compilation)","Permanent Neow","Quick Restart","Relic Stats","Shop Mod","StSLib","egg","slay the spire mod where everything is the same but ironclad has a cowboy hat"],"gold_per_floor":[110,110,136,163,195,242,265,277,289,301,313,325,369,394,406,514,526,553,565,577,609,634,680,692,731,791,728,755,783,795,838,850,966,978,1010,1042,1070,662,712,712,745,772,772,772,790,840,879,900,900,900,900,900,547,584,584],"floor_reached":56,"language":"ENG","playtime":5946,"items_purged":["Undo","Beam Cell"],"score":1769,"play_id":"dd2c24c4-b8cf-4f33-a4a5-7288fb5eaef7","local_time":"20210217012309","is_ascension_mode":true,"campfire_choices":[{"data":"Creative AI","floor":10.0,"key":"SMITH"},{"data":"Steam","floor":12.0,"key":"SMITH"},{"data":"Zap","floor":15.0,"key":"SMITH"},{"data":"Hologram","floor":24.0,"key":"SMITH"},{"data":"Force Field","floor":32.0,"key":"SMITH"},{"data":"Capacitor","floor":40,"key":"SMITH"},{"floor":44,"key":"RECALL"},{"data":"Echo Form","floor":49,"key":"SMITH"},{"data":"Heatsinks","floor":52,"key":"SMITH"}],"circlet_count":0,"master_deck":["Zap+1","Dualcast","Self Repair","Steam+1","Glacier+1","Defragment+1","Hologram+1","Ball Lightning","Coolheaded","Creative AI+1","Core Surge","Heatsinks+1","Streamline+1","Heatsinks+1","Leap+1","Force Field+1","Cold Snap+1","Echo Form+1","Core Surge","Capacitor+1","Defragment+1","Amplify+1","Storm+1","Impatience+1","Buffer"],"relics":["Pandora\u0027s Box","MawBank","Boot","Mummified Hand","Potion Belt","WingedGreaves","Omamori","Black Star","Emotion Chip","Nunchaku","Gambling Chip","PreservedInsect","Centennial Puzzle","Art of War","Blood Vial","Cursed Key","Bag of Marbles","Prayer Wheel","Pantograph","Smiling Mask","Toxic Egg 2","CeramicFish","Calipers","Shuriken","Anchor","Medical Kit","Gremlin Horn","Bird Faced Urn"],"acts_visited":["Exordium","TheCity","TheBeyond","TheEnding"],"potions_floor_usage":[53],"damage_taken":[{"damage":0.0,"enemies":"Cultist","floor":1.0,"turns":5.0},{"damage":0.0,"enemies":"Jaw Worm","floor":4.0,"turns":5.0},{"damage":0.0,"enemies":"2 Louse","floor":5.0,"turns":3.0},{"damage":13.0,"enemies":"3 Sentries","floor":6.0,"turns":6.0},{"damage":6.0,"enemies":"Large Slime","floor":7.0,"turns":4.0},{"damage":6.0,"enemies":"Gremlin Nob","floor":13.0,"turns":4.0},{"damage":0.0,"enemies":"2 Fungi Beasts","floor":14.0,"turns":3.0},{"damage":16.0,"enemies":"The Guardian","floor":16.0,"turns":10.0},{"damage":0.0,"enemies":"3 Byrds","floor":18.0,"turns":6.0},{"damage":0.0,"enemies":"Chosen","floor":21.0,"turns":5.0},{"damage":14.0,"enemies":"Snake Plant","floor":22.0,"turns":4.0},{"damage":0.0,"enemies":"Gremlin Leader","floor":23.0,"turns":5.0},{"damage":20.0,"enemies":"Slavers","floor":25.0,"turns":4.0},{"damage":0.0,"enemies":"Sentry and Sphere","floor":28.0,"turns":5.0},{"damage":13.0,"enemies":"Centurion and Healer","floor":29.0,"turns":3.0},{"damage":4.0,"enemies":"Book of Stabbing","floor":31.0,"turns":5.0},{"damage":0,"enemies":"Champ","floor":33,"turns":8},{"damage":0,"enemies":"3 Darklings","floor":35,"turns":3},{"damage":15,"enemies":"3 Shapes","floor":36,"turns":4},{"damage":0,"enemies":"Writhing Mass","floor":37,"turns":6},{"damage":0,"enemies":"Mind Bloom Boss Battle","floor":39,"turns":3},{"damage":0,"enemies":"Reptomancer","floor":41,"turns":4},{"damage":0,"enemies":"Nemesis","floor":42,"turns":5},{"damage":6,"enemies":"4 Shapes","floor":45,"turns":3},{"damage":0,"enemies":"2 Orb Walkers","floor":46,"turns":3},{"damage":30,"enemies":"Reptomancer","floor":47,"turns":4},{"damage":0,"enemies":"Jaw Worm Horde","floor":48,"turns":3},{"damage":19,"enemies":"Donu and Deca","floor":50,"turns":5},{"damage":8,"enemies":"Shield and Spear","floor":54,"turns":2},{"damage":0,"enemies":"The Heart","floor":55,"turns":6}],"seed_played":"-5807997115972403478","potions_obtained":[{"floor":1.0,"key":"Fire Potion"},{"floor":5.0,"key":"Block Potion"},{"floor":7.0,"key":"Explosive Potion"},{"floor":14.0,"key":"Strength Potion"},{"floor":21.0,"key":"BlessingOfTheForge"},{"floor":23.0,"key":"Swift Potion"},{"floor":28.0,"key":"FearPotion"},{"floor":31.0,"key":"LiquidMemories"},{"floor":35,"key":"Swift Potion"},{"floor":36,"key":"Explosive Potion"},{"floor":41,"key":"Ancient Potion"},{"floor":48,"key":"Fruit Juice"}],"is_trial":false,"path_per_floor":["M","?","T","M","M","E","M","$","T","R","?","R","E","M","R","B",null,"M","?","?","M","M","E","R","E","T","?","M","M","T","E","R","B",null,"M","M","M","$","?","R","E","E","T","R","M","?","E","M","R","B",null,"R","$","E","B",null],"character_chosen":"DEFECT","items_purchased":["Bag of Marbles","Core Surge","Capacitor","Medical Kit","LiquidMemories","Impatience+1"],"campfire_rested":0,"item_purchase_floors":[38,38,38,53,53,53],"current_hp_per_floor":[75,60,60,67,74,68,69,69,69,69,63,63,64,71,71,62,72,75,75,75,75,68,75,75,62,62,62,69,63,63,66,66,75,75,75,67,75,75,75,75,75,75,75,75,69,75,52,68,68,63,72,72,77,78,80],"gold":584,"neow_bonus":"BOSS_RELIC","is_daily":false,"chose_seed":false,"campfire_upgraded":8,"win_rate":0.0,"timestamp":1613478189,"path_taken":["M","?","?","M","M","E","M","?","T","R","?","R","E","M","R","BOSS","M","?","?","M","M","E","R","E","T","?","M","M","?","E","R","BOSS","M","M","M","$","?","R","E","E","T","R","M","?","E","M","R","BOSS","R","$","E","BOSS"],"items_purchased_type":["Relic","Card","Card","Relic","Potion","Card"],"build_version":"2020-12-22","purchased_purges":2,"victory":true,"max_hp_per_floor":[75,75,75,75,75,75,75,75,75,75,75,75,75,75,75,75,75,75,75,75,75,75,75,75,75,75,75,75,75,75,75,75,75,75,75,75,75,75,75,75,75,75,75,75,75,75,75,75,75,75,75,75,80,80,80],"relic_stats":{"Gremlin Horn":[0,0],"counters":[30,136],"CeramicFish":36,"PreservedInsect":272,"MawBank":420,"Boot":[121],"Cursed Key":0,"Smiling Mask":50,"Medical Kit":[2],"Blood Vial":10,"Emotion Chip":[29,23,6,0,0],"Nunchaku":[15],"Centennial Puzzle":[21],"Mummified Hand":[327],"Shuriken":[7],"Gambling Chip":[39],"Pantograph":9,"Bird Faced Urn":[0],"Pandora\u0027s Box":["Beam Cell","Self Repair","Steam","Glacier","Tempest","Defragment","Undo","Hologram"],"Prayer Wheel":2,"Black Star":7,"Art of War":[5],"obtain_stats":[{"Calipers":46,"Gremlin Horn":54,"CeramicFish":42,"Boot":6,"Cursed Key":34,"Smiling Mask":41,"Blood Vial":31,"Emotion Chip":23,"Nunchaku":23,"Centennial Puzzle":26,"Mummified Hand":9,"Gambling Chip":25,"Pantograph":41,"Prayer Wheel":39,"WingedGreaves":11,"Toxic Egg 2":42,"Cracked Core":0,"Potion Belt":11,"PreservedInsect":25,"Omamori":13,"MawBank":3,"Medical Kit":53,"Anchor":47,"Shuriken":47,"Bird Faced Urn":54,"Pandora\u0027s Box":0,"Black Star":17,"Art of War":31,"Bag of Marbles":38},{"Calipers":25,"Gremlin Horn":29,"CeramicFish":23,"Boot":4,"Cursed Key":17,"Smiling Mask":22,"Blood Vial":16,"Emotion Chip":12,"Nunchaku":12,"Centennial Puzzle":13,"Mummified Hand":5,"Gambling Chip":13,"Pantograph":22,"Prayer Wheel":21,"WingedGreaves":5,"Toxic Egg 2":23,"Cracked Core":0,"Potion Belt":5,"PreservedInsect":13,"Omamori":6,"MawBank":1,"Medical Kit":28,"Anchor":26,"Shuriken":26,"Bird Faced Urn":29,"Pandora\u0027s Box":0,"Black Star":8,"Art of War":16,"Bag of Marbles":20},{"Calipers":116,"Gremlin Horn":130,"CeramicFish":110,"Boot":19,"Cursed Key":85,"Smiling Mask":105,"Blood Vial":77,"Emotion Chip":60,"Nunchaku":60,"Centennial Puzzle":64,"Mummified Hand":23,"Gambling Chip":64,"Pantograph":105,"Prayer Wheel":101,"WingedGreaves":23,"Toxic Egg 2":110,"Cracked Core":0,"Potion Belt":23,"PreservedInsect":64,"Omamori":27,"MawBank":5,"Medical Kit":128,"Anchor":120,"Shuriken":120,"Bird Faced Urn":130,"Pandora\u0027s Box":0,"Black Star":40,"Art of War":77,"Bag of Marbles":98}]},"card_choices":[{"not_picked":["Doom and Gloom","Static Discharge","Barrage"],"picked":"SKIP","floor":1.0},{"not_picked":["Stack","Double Energy"],"picked":"Ball Lightning","floor":4.0},{"not_picked":["Sunder","Fusion"],"picked":"Coolheaded","floor":5.0},{"not_picked":["Chill","White Noise"],"picked":"Creative AI","floor":6.0},{"not_picked":["Auto Shields","Barrage","Go for the Eyes"],"picked":"SKIP","floor":7.0},{"not_picked":["Streamline","Redo","FTL"],"picked":"SKIP","floor":13.0},{"not_picked":["Gash","Darkness","Steam Power"],"picked":"SKIP","floor":14.0},{"not_picked":["Echo Form","Fission"],"picked":"Core Surge","floor":16.0},{"not_picked":["FTL","Go for the Eyes"],"picked":"Heatsinks","floor":18.0},{"not_picked":["Sweeping Beam","Turbo"],"picked":"Streamline+1","floor":21.0},{"not_picked":["Darkness","Coolheaded+1"],"picked":"Heatsinks+1","floor":22.0},{"not_picked":["Blizzard","Hello World"],"picked":"Leap+1","floor":23.0},{"not_picked":["Hologram","Skim","Steam+1"],"picked":"SKIP","floor":25.0},{"not_picked":["Hologram","Steam Power","Redo"],"picked":"SKIP","floor":28.0},{"not_picked":["Rip and Tear+1","Undo"],"picked":"Force Field","floor":29.0},{"not_picked":["Redo","Skim"],"picked":"Cold Snap+1","floor":31.0},{"not_picked":["Multi-Cast","Machine Learning"],"picked":"Echo Form","floor":33},{"not_picked":["FTL+1","Coolheaded+1","Gash"],"picked":"SKIP","floor":35},{"not_picked":["Static Discharge+1","Barrage","Turbo+1"],"picked":"SKIP","floor":36},{"not_picked":["Static Discharge+1","Barrage","Turbo+1"],"picked":"SKIP","floor":36},{"not_picked":["Conserve Battery","Fusion","Rip and Tear"],"picked":"SKIP","floor":37},{"not_picked":["Beam Cell+1","Reinforced Body"],"picked":"Defragment+1","floor":41},{"not_picked":["Ball Lightning","Go for the Eyes","Reinforced Body+1"],"picked":"SKIP","floor":42},{"not_picked":["Redo+1","Leap+1","Meteor Strike"],"picked":"SKIP","floor":45},{"not_picked":["Stack+1","Chill+1","Barrage"],"picked":"SKIP","floor":45},{"not_picked":["Streamline","Leap+1"],"picked":"Amplify+1","floor":47},{"not_picked":["Leap+1","Hologram+1"],"picked":"Storm+1","floor":48},{"not_picked":["Scrape","Beam Cell","Stack+1"],"picked":"SKIP","floor":48},{"not_picked":["Conserve Battery+1","Hello World+1"],"picked":"Buffer","floor":54}],"player_experience":962728,"relics_obtained":[{"floor":3.0,"key":"MawBank"},{"floor":6.0,"key":"Boot"},{"floor":9.0,"key":"Mummified Hand"},{"floor":13.0,"key":"Omamori"},{"floor":23.0,"key":"Emotion Chip"},{"floor":23.0,"key":"Nunchaku"},{"floor":25.0,"key":"Gambling Chip"},{"floor":25.0,"key":"PreservedInsect"},{"floor":26.0,"key":"Centennial Puzzle"},{"floor":31.0,"key":"Art of War"},{"floor":31.0,"key":"Blood Vial"},{"floor":39,"key":"Prayer Wheel"},{"floor":41,"key":"Pantograph"},{"floor":41,"key":"Smiling Mask"},{"floor":42,"key":"Toxic Egg 2"},{"floor":42,"key":"CeramicFish"},{"floor":46,"key":"Calipers"},{"floor":47,"key":"Shuriken"},{"floor":47,"key":"Anchor"},{"floor":54,"key":"Gremlin Horn"},{"floor":54,"key":"Bird Faced Urn"}],"event_choices":[{"damage_healed":75.0,"max_hp_gain":0.0,"max_hp_loss":75.0,"gold_gain":0.0,"event_name":"betterThird:BetterShining","player_choice":"Upgrade","floor":2.0,"gold_loss":0.0,"damage_taken":15.0,"cards_upgraded":["Glacier","Defragment"]},{"damage_healed":0.0,"max_hp_gain":0.0,"max_hp_loss":0.0,"gold_gain":1.0,"event_name":"betterThird:BetterScrap","player_choice":"Relic Relic ","floor":11.0,"gold_loss":0.0,"damage_taken":6.0,"cards_obtained":["ConjureBlade"]},{"damage_healed":0.0,"max_hp_gain":0.0,"max_hp_loss":0.0,"gold_gain":0.0,"event_name":"Ghosts","player_choice":"Ignored","floor":19.0,"gold_loss":0.0,"damage_taken":0.0},{"damage_healed":0.0,"max_hp_gain":0.0,"max_hp_loss":0.0,"gold_gain":0.0,"event_name":"betterThird:BetterWriting","player_choice":"Adaptability","floor":20.0,"gold_loss":0.0,"damage_taken":0.0},{"cards_removed":["Tempest"],"damage_healed":0.0,"max_hp_gain":0.0,"max_hp_loss":0.0,"gold_gain":0.0,"event_name":"Beggar","player_choice":"Gave Gold","floor":27.0,"gold_loss":75.0,"damage_taken":0.0},{"damage_healed":0,"gold_gain":0,"player_choice":"Fight","damage_taken":0,"max_hp_gain":0,"max_hp_loss":0,"event_name":"MindBloom","floor":39,"gold_loss":0},{"damage_healed":0,"gold_gain":0,"player_choice":"Fight","damage_taken":0,"max_hp_gain":0,"max_hp_loss":0,"event_name":"Mysterious Sphere","floor":46,"gold_loss":0}],"is_beta":false,"boss_relics":[{"not_picked":["Astrolabe","Philosopher\u0027s Stone"],"picked":"Black Star"},{"not_picked":["Fusion Hammer","Empty Cage"],"picked":"Cursed Key"}],"items_purged_floors":[38,53],"is_endless":false,"potions_floor_spawned":[1,5,7,14,21,23,28,31,35,36,41,45,48],"ascension_level":5}}