{"host":"yeg3u3dfqewtiiug","time":1613456692,"event":{"mods":["AchievementEnabler","BaseMod","Downfall","Minty Spire (QoL Compilation)","Replay The Spire","StSLib"],"gold_per_floor":[118,118,10,28,47,85,100,100,151,189,189,215,281,299,299,428,428,444,468,468,78,92,92,92,136,136,176,176,189,189,212,212,232,232,357,357,370,118,131,145,158,201,201,240,240,0,0,0,38,38,38,38],"floor_reached":53,"language":"ENG","playtime":5842,"items_purged":["Strike_R","True Grit"],"score":820,"play_id":"421f69d3-abda-4e85-8357-eb3e856b91ab","local_time":"20210216002452","is_ascension_mode":false,"campfire_choices":[{"data":"Metallicize","floor":8,"key":"SMITH"},{"floor":11,"key":"REST"},{"data":"Armaments","floor":15,"key":"SMITH"},{"data":"Demon Form","floor":26,"key":"SMITH"},{"data":"Limit Break","floor":30,"key":"SMITH"},{"floor":34,"key":"DIG"},{"data":"Barricade","floor":43,"key":"SMITH"},{"floor":47,"key":"REST"}],"circlet_count":0,"master_deck":["Strike_R","Defend_R+1","Defend_R","Defend_R+1","Bash","Pommel Strike","Flame Barrier","Flame Barrier","Warcry","ReplayTheSpireMod:Stacked+1","Metallicize+1","Limit Break+1","ReplayReversal","Armaments+1","Barricade+1","Shrug It Off","Demon Form+1","Body Slam+1","Twin Strike+1","Inflame","Heavy Blade","Replay:Undeath\u0027s Touch","Berserk","Berserk","True Grit+1","Battle Trance+1","Dual Wield","Ghostly Armor+1"],"relics":["Burning Blood","Golden Idol","Replay:Ringing Soul","Lantern","Red Skull","Odd Mushroom","Toy Ornithopter","Empty Cage","Replay:Towering Pillar of Hats","Anchor","Ancient Tea Set","Bottled Lightning","Simple Rune","SacredBark","PreservedInsect","Darkstone Periapt","Centennial Puzzle","Frozen Egg 2","Red Mask","King of Hearts"],"acts_visited":["Exordium","TheCity","TheBeyond"],"potions_floor_usage":[16,18,25,27,37,40,42],"damage_taken":[{"damage":0,"enemies":"Small Slimes","floor":1,"turns":3},{"damage":0,"enemies":"2 Louse","floor":4,"turns":3},{"damage":2,"enemies":"Jaw Worm","floor":5,"turns":5},{"damage":23,"enemies":"3 Sentries","floor":6,"turns":17},{"damage":0,"enemies":"Blue Slaver","floor":7,"turns":5},{"damage":59,"enemies":"Gremlin Nob","floor":10,"turns":8},{"damage":5,"enemies":"The Mushroom Lair","floor":12,"turns":5},{"damage":0,"enemies":"Red Slaver","floor":14,"turns":4},{"damage":7,"enemies":"The Guardian","floor":16,"turns":12},{"damage":9,"enemies":"Chosen","floor":18,"turns":7},{"damage":0,"enemies":"3 Byrds","floor":19,"turns":2},{"damage":10,"enemies":"Snake Plant","floor":22,"turns":5},{"damage":62,"enemies":"Slavers","floor":25,"turns":8},{"damage":5,"enemies":"Book of Stabbing","floor":27,"turns":5},{"damage":11,"enemies":"Cultist and Chosen","floor":29,"turns":6},{"damage":15,"enemies":"Snecko","floor":31,"turns":6},{"damage":9,"enemies":"Sentry and Sphere","floor":33,"turns":4},{"damage":6,"enemies":"Champ","floor":35,"turns":9},{"damage":11,"enemies":"3 Shapes","floor":37,"turns":9},{"damage":11,"enemies":"3 Darklings","floor":39,"turns":14},{"damage":19,"enemies":"4 Shapes","floor":40,"turns":7},{"damage":68,"enemies":"Transient","floor":41,"turns":5},{"damage":11,"enemies":"R_Hoarder","floor":42,"turns":6},{"damage":33,"enemies":"Nemesis","floor":44,"turns":7},{"damage":34,"enemies":"Giant Head","floor":49,"turns":7},{"damage":44,"enemies":"Time Eater","floor":52,"turns":9}],"seed_played":"6621685114727022274","potions_obtained":[{"floor":6,"key":"Elixir"},{"floor":10,"key":"Energy Potion"},{"floor":12,"key":"CultistPotion"},{"floor":13,"key":"Reflective Coating"},{"floor":13,"key":"DistilledChaos"},{"floor":19,"key":"Adrenaline Potion"},{"floor":25,"key":"FairyPotion"},{"floor":31,"key":"SkillPotion"},{"floor":33,"key":"Languid Potion"},{"floor":39,"key":"Adrenaline Potion"},{"floor":41,"key":"SkillPotion"}],"is_trial":false,"path_per_floor":["M","?","$","M","M","E","M","R","T","E","R","?","?","M","R","B",null,"M","M","?","$","M","PTL","PTL","E","R","E","T","M","R","M","?","M","R","B",null,"M","$","M","M","M","E","R","E","T","?","R","?","E","$","R","B",null],"character_chosen":"IRONCLAD","items_purchased":["Flame Barrier","Warcry","Replay:Towering Pillar of Hats","PreservedInsect"],"campfire_rested":2,"item_purchase_floors":[3,3,21,38],"current_hp_per_floor":[80,60,60,66,70,56,62,62,62,12,37,41,44,53,53,60,98,101,104,104,104,103,103,103,55,55,64,64,59,59,53,53,53,53,56,122,120,120,115,110,51,51,51,27,27,27,67,67,39,39,79,41],"gold":38,"neow_bonus":"REMOVE_CARD","is_daily":false,"chose_seed":false,"campfire_upgraded":5,"win_rate":0.0,"timestamp":1613456692,"path_taken":["M","?","$","M","M","E","M","R","T","E","R","?","?","M","R","BOSS","M","M","?","$","M","PTL","PTL","E","R","E","T","?","R","M","?","M","R","BOSS","M","$","M","M","M","E","R","E","T","?","R","?","E","?","R","BOSS"],"items_purchased_type":["Card","Card","Relic","Relic"],"build_version":"2020-12-22","purchased_purges":2,"victory":true,"max_hp_per_floor":[80,80,80,80,80,83,83,83,83,86,86,89,92,95,95,98,98,101,104,104,104,107,107,107,110,110,113,113,113,113,116,116,119,119,122,122,125,125,125,128,131,131,131,134,134,134,134,134,134,134,134,134],"card_choices":[{"not_picked":["Flex","Cleave"],"picked":"Pommel Strike","floor":1},{"not_picked":["Combust","Evolve"],"picked":"ReplayTheSpireMod:Stacked","floor":4},{"not_picked":["Wild Strike","Pommel Strike"],"picked":"Metallicize","floor":5},{"not_picked":["Warcry","Seeing Red"],"picked":"Limit Break","floor":6},{"not_picked":["Run Through","Warcry","Whirlwind"],"picked":"SKIP","floor":7},{"not_picked":["Iron Wave","Thunderclap"],"picked":"ReplayReversal","floor":10},{"not_picked":["Blood for Blood","Uppercut"],"picked":"Armaments","floor":12},{"not_picked":["Warcry","Carnage"],"picked":"Barricade","floor":13},{"not_picked":["Infernal Blade","Twin Strike"],"picked":"Shrug It Off","floor":14},{"not_picked":["Corruption","Limit Break"],"picked":"Demon Form","floor":16},{"not_picked":["Warcry","ReplayTheSpireMod:Muscle Training"],"picked":"Body Slam+1","floor":18},{"not_picked":["Rupture","Pommel Strike"],"picked":"Twin Strike+1","floor":19},{"not_picked":["Wild Strike","Sentinel+1"],"picked":"Inflame","floor":22},{"not_picked":["Twin Strike+1","Fire Breathing"],"picked":"Heavy Blade","floor":25},{"not_picked":["Defy Death+1","Infernal Blade"],"picked":"Replay:Undeath\u0027s Touch","floor":27},{"not_picked":["Havoc","Perfected Strike+1","Seeing Red"],"picked":"SKIP","floor":29},{"not_picked":["ReplayTheSpireMod:Strike From Hell","Warcry"],"picked":"Berserk","floor":31},{"not_picked":["Clothesline","Replay:Undeath\u0027s Touch"],"picked":"True Grit","floor":33},{"not_picked":["Corruption","Bludgeon"],"picked":"Berserk","floor":35},{"not_picked":["Thunderclap","Sentinel"],"picked":"True Grit+1","floor":37},{"not_picked":["Rage+1","Combust+1","Havoc"],"picked":"SKIP","floor":39},{"not_picked":["Clothesline+1","Armaments"],"picked":"Battle Trance+1","floor":40},{"not_picked":["Exhume","Wild Strike"],"picked":"Dual Wield","floor":41},{"not_picked":["Offering","Bloodletting+1","Armaments"],"picked":"SKIP","floor":42},{"not_picked":["Replay:Many Hands","True Grit+1"],"picked":"Ghostly Armor+1","floor":44},{"not_picked":["Shrug It Off","Warcry","Clothesline"],"picked":"SKIP","floor":49}],"player_experience":389484,"relics_obtained":[{"floor":6,"key":"Replay:Ringing Soul"},{"floor":9,"key":"Lantern"},{"floor":10,"key":"Red Skull"},{"floor":12,"key":"Odd Mushroom"},{"floor":13,"key":"Toy Ornithopter"},{"floor":25,"key":"Anchor"},{"floor":27,"key":"Ancient Tea Set"},{"floor":28,"key":"Bottled Lightning"},{"floor":34,"key":"Simple Rune"},{"floor":42,"key":"Darkstone Periapt"},{"floor":44,"key":"Centennial Puzzle"},{"floor":45,"key":"Frozen Egg 2"},{"floor":49,"key":"King of Hearts"}],"event_choices":[{"damage_healed":0,"gold_gain":0,"player_choice":"Take Damage","damage_taken":20,"relics_obtained":["Golden Idol"],"max_hp_gain":0,"max_hp_loss":0,"event_name":"Golden Idol","floor":2,"gold_loss":0},{"damage_healed":0,"gold_gain":0,"player_choice":"Fought Mushrooms","damage_taken":0,"max_hp_gain":0,"max_hp_loss":0,"event_name":"Mushrooms","floor":12,"gold_loss":0},{"damage_healed":0,"gold_gain":0,"player_choice":"Ignored","damage_taken":0,"max_hp_gain":0,"max_hp_loss":0,"event_name":"The Mausoleum","floor":20,"gold_loss":0},{"damage_healed":0,"gold_gain":0,"player_choice":"Ignored","damage_taken":0,"max_hp_gain":0,"max_hp_loss":0,"event_name":"Ghosts","floor":32,"gold_loss":0},{"damage_healed":0,"gold_gain":0,"player_choice":"Paid","damage_taken":0,"relics_obtained":["Red Mask"],"max_hp_gain":0,"max_hp_loss":0,"event_name":"Tomb of Lord Red Mask","floor":46,"gold_loss":240},{"cards_removed":["Defend_R"],"damage_healed":0,"gold_gain":0,"player_choice":"Removed Skill","damage_taken":0,"max_hp_gain":0,"max_hp_loss":0,"event_name":"Falling","floor":48,"gold_loss":0}],"is_beta":false,"boss_relics":[{"not_picked":["Replay:Ancient Bell","SlaversCollar"],"picked":"Empty Cage"},{"not_picked":["Calling Bell","Velvet Choker"],"picked":"SacredBark"}],"items_purged_floors":[21,38],"is_endless":false,"potions_floor_spawned":[6,10,12,14,19,25,31,33,39,41],"ascension_level":0}}