{"host":"ydg0vn0pu4pubmdt","time":1613502400,"event":{"mods":["AchievementEnabler","BaseMod","Colored Map","Minty Spire (QoL Compilation)","Quick Restart","SuperFastMode"],"gold_per_floor":[114,114,114,39,52,87,87,104,179,196,196,214,226,236,236,236,236],"floor_reached":16,"language":"KOR","playtime":377,"items_purged":["Strike_R"],"score":208,"play_id":"99dad31f-dd95-4127-b8ce-12a3eb4f7392","local_time":"20210217040640","is_ascension_mode":true,"campfire_choices":[{"data":"Battle Trance","floor":7.0,"key":"SMITH"},{"data":"Bash","floor":15.0,"key":"SMITH"}],"circlet_count":0,"master_deck":["AscendersBane","Strike_R","Strike_R+1","Strike_R","Defend_R","Defend_R","Defend_R+1","Bash+1","Havoc+1","Hemokinesis","Shockwave+1","Clothesline","Battle Trance+1","Pommel Strike","Feel No Pain","Shrug It Off","Second Wind"],"relics":["Burning Blood","War Paint","Orichalcum","Self Forming Clay"],"acts_visited":["Exordium"],"potions_floor_usage":[16],"damage_taken":[{"damage":11.0,"enemies":"Jaw Worm","floor":1.0,"turns":4.0},{"damage":6.0,"enemies":"2 Louse","floor":5.0,"turns":2.0},{"damage":22.0,"enemies":"Lagavulin","floor":6.0,"turns":5.0},{"damage":5.0,"enemies":"Small Slimes","floor":8.0,"turns":3.0},{"damage":5.0,"enemies":"Looter","floor":10.0,"turns":3.0},{"damage":7.0,"enemies":"Exordium Thugs","floor":12.0,"turns":4.0},{"damage":1.0,"enemies":"2 Fungi Beasts","floor":13.0,"turns":3.0},{"damage":2.0,"enemies":"Exordium Wildlife","floor":14.0,"turns":3.0},{"damage":38,"enemies":"Slime Boss","floor":16,"turns":6}],"seed_played":"-2095534889655912750","potions_obtained":[{"floor":5.0,"key":"Block Potion"},{"floor":6.0,"key":"ColorlessPotion"},{"floor":10.0,"key":"EntropicBrew"},{"floor":13.0,"key":"GamblersBrew"}],"is_trial":false,"path_per_floor":["M","?","?","$","M","E","R","M","T","M","?","M","M","M","R","B"],"character_chosen":"IRONCLAD","items_purchased":[],"campfire_rested":0,"item_purchase_floors":[],"current_hp_per_floor":[63,63,52,52,52,36,36,37,37,38,16,29,34,38,38,0,0],"gold":236,"neow_bonus":"TRANSFORM_TWO_CARDS","is_daily":false,"chose_seed":false,"campfire_upgraded":2,"win_rate":0.0,"timestamp":1613502400,"path_taken":["M","?","?","$","M","E","R","M","T","M","?","M","M","M","R","BOSS"],"items_purchased_type":[],"build_version":"2020-12-22","purchased_purges":1,"victory":false,"max_hp_per_floor":[75,72,72,72,72,72,72,72,72,72,72,72,72,72,72,72,72],"card_choices":[{"not_picked":["Havoc","Headbutt"],"picked":"Shockwave","floor":1.0},{"not_picked":["Clash","Infernal Blade"],"picked":"Clothesline","floor":5.0},{"not_picked":["Havoc","Demon Form"],"picked":"Battle Trance","floor":6.0},{"not_picked":["Heavy Blade","Cleave"],"picked":"Pommel Strike","floor":8.0},{"not_picked":["True Grit","Whirlwind"],"picked":"Feel No Pain","floor":10.0},{"not_picked":["Flame Barrier","Clash"],"picked":"Shrug It Off","floor":12.0},{"not_picked":["Dark Embrace","Combust","Cleave"],"picked":"SKIP","floor":13.0},{"not_picked":["Clothesline","Pommel Strike"],"picked":"Second Wind","floor":14.0}],"player_experience":602848,"relics_obtained":[{"floor":6.0,"key":"Orichalcum"},{"floor":9.0,"key":"Self Forming Clay"}],"event_choices":[{"cards_removed":["Parasite"],"damage_healed":0.0,"max_hp_gain":0.0,"max_hp_loss":0.0,"gold_gain":0.0,"event_name":"Living Wall","player_choice":"Forget","floor":2.0,"gold_loss":0.0,"damage_taken":0.0},{"damage_healed":0.0,"max_hp_gain":0.0,"max_hp_loss":0.0,"gold_gain":0.0,"event_name":"Scrap Ooze","player_choice":"Success","floor":3.0,"gold_loss":0.0,"damage_taken":11.0,"relics_obtained":["War Paint"]},{"damage_healed":0.0,"max_hp_gain":0.0,"max_hp_loss":0.0,"gold_gain":0.0,"event_name":"Shining Light","player_choice":"Entered Light","floor":11.0,"gold_loss":0.0,"damage_taken":22.0,"cards_upgraded":["Strike_R","Havoc"]}],"is_beta":false,"boss_relics":[],"items_purged_floors":[4],"is_endless":false,"potions_floor_spawned":[5,6,10,13],"killed_by":"Slime Boss","ascension_level":20}}