{"host":"syfsfjmzue8y1a6l","time":1613484621,"event":{"mods":["AchievementEnabler","BaseMod","Colored Map","DeckTracker","Minty Spire (QoL Compilation)","Permanent Neow","SuperFastMode"],"gold_per_floor":[109,127,143,162,179,179,220,220,220,244,244,258,282,326,326,326,326],"floor_reached":16,"language":"KOR","playtime":1149,"items_purged":[],"score":116,"play_id":"e9301699-84fb-4f3b-8580-312515451296","local_time":"20210216231021","is_ascension_mode":false,"campfire_choices":[{"data":"Adrenaline","floor":11,"key":"SMITH"},{"data":"Bullet Time","floor":15,"key":"SMITH"}],"circlet_count":0,"master_deck":["Strike_G","Strike_G","Strike_G","Strike_G","Defend_G","Defend_G","Defend_G","Defend_G","Defend_G","Survivor","Neutralize","Malaise","Backstab","Choke","Acrobatics","Adrenaline+1","Infinite Blades","Blade Dance","Bullet Time+1"],"relics":["Ring of the Snake","Golden Idol","Smiling Mask","Bag of Preparation"],"acts_visited":["Exordium"],"potions_floor_usage":[7,7,7,14,16],"damage_taken":[{"damage":0,"enemies":"Cultist","floor":1,"turns":6},{"damage":0,"enemies":"Jaw Worm","floor":2,"turns":6},{"damage":0,"enemies":"Small Slimes","floor":3,"turns":2},{"damage":4,"enemies":"2 Fungi Beasts","floor":4,"turns":4},{"damage":11,"enemies":"Exordium Thugs","floor":5,"turns":9},{"damage":11,"enemies":"Lagavulin","floor":7,"turns":10},{"damage":1,"enemies":"3 Louse","floor":10,"turns":3},{"damage":0,"enemies":"Blue Slaver","floor":12,"turns":3},{"damage":3,"enemies":"Lots of Slimes","floor":13,"turns":5},{"damage":10,"enemies":"3 Sentries","floor":14,"turns":7},{"damage":21,"enemies":"The Guardian","floor":16,"turns":2}],"seed_played":"-6743331338122684393","potions_obtained":[{"floor":1,"key":"SpeedPotion"},{"floor":4,"key":"Swift Potion"},{"floor":5,"key":"SneckoOil"},{"floor":10,"key":"Poison Potion"},{"floor":14,"key":"LiquidBronze"}],"is_trial":false,"path_per_floor":["M","M","M","M","M","?","E","?","T","M","R","M","M","E","R","B"],"character_chosen":"THE_SILENT","items_purchased":[],"campfire_rested":0,"item_purchase_floors":[],"current_hp_per_floor":[70,70,70,66,55,38,27,27,27,26,26,26,23,13,13,0,0],"gold":326,"neow_bonus":"ONE_RANDOM_RARE_CARD","is_daily":false,"chose_seed":false,"campfire_upgraded":2,"win_rate":0.0,"timestamp":1613484621,"path_taken":["M","?","M","M","M","?","E","?","T","M","R","?","M","E","R","BOSS"],"items_purchased_type":[],"build_version":"2020-12-22","purchased_purges":0,"victory":false,"max_hp_per_floor":[70,70,70,70,70,70,70,70,70,70,70,70,70,70,70,70,70],"card_choices":[{"not_picked":["Footwork","Outmaneuver"],"picked":"Backstab","floor":1},{"not_picked":["Expertise","PiercingWail"],"picked":"Choke","floor":2},{"not_picked":["Slice","Expertise"],"picked":"Acrobatics","floor":3},{"not_picked":["Deadly Poison","Cloak And Dagger"],"picked":"Adrenaline","floor":4},{"not_picked":["Dagger Spray","Crippling Poison","Slice"],"picked":"SKIP","floor":5},{"not_picked":["Calculated Gamble","All Out Attack"],"picked":"Infinite Blades","floor":7},{"not_picked":["Bane","Prepared"],"picked":"Blade Dance","floor":10},{"not_picked":["Noxious Fumes","Backflip","Dagger Spray"],"picked":"SKIP","floor":12},{"not_picked":["All Out Attack","Eviscerate","Dagger Spray"],"picked":"SKIP","floor":13},{"not_picked":["Distraction","Finisher"],"picked":"Bullet Time","floor":14}],"player_experience":95925,"relics_obtained":[{"floor":7,"key":"Smiling Mask"},{"floor":14,"key":"Bag of Preparation"}],"event_choices":[{"damage_healed":0,"gold_gain":0,"player_choice":"Take Damage","damage_taken":17,"relics_obtained":["Golden Idol"],"max_hp_gain":0,"max_hp_loss":0,"event_name":"Golden Idol","floor":6,"gold_loss":0},{"cards_removed":["Strike_G"],"damage_healed":0,"gold_gain":0,"player_choice":"Purged","damage_taken":0,"max_hp_gain":0,"max_hp_loss":0,"event_name":"Purifier","floor":8,"gold_loss":0}],"is_beta":false,"boss_relics":[],"items_purged_floors":[],"is_endless":false,"potions_floor_spawned":[1,4,5,10,14],"killed_by":"The Guardian","ascension_level":0}}