{"host":"amnup8uv961nil3y","time":1613441034,"event":{"mods":["Act Like it!","Aspiration","BaseMod","Bestiary","Better Altar","Better Match","Better Sensory Stone","Better Synergies","Better Third Choice","Block Reminder","Challenge The Spire","Colored Map","Colored Powertips","Colorless Booster Pack","Conspire","DeckTracker","Disable Question Mark Monsters","Elementarium","Energized Spire","Evolution","GifTheSpireLib","Halation","Hermit","HexUI Lib","Highlight Path","Hubris","Infinite Spire","Lotus Mark","Menagerie","Minty Spire (QoL Compilation)","Pale of the Ancients","Potion Indicator Mod","Quarter Circle Forward PUNCH!","Random Character Button","Relic Stats","Reliquary","Replay The Spire","Reworked Bosses","Shop Mod","Small Relic Pack","Spicy Shops","Spikes Relics","StSLib","Stuff the Spire","Swap Starting Deck Mod","The Jungle","TheVacant","Trackpad","Useless Jewels Mod","Wandering Minibosses"],"gold_per_floor":[112,112,37,50,14,14,49,21,21,21,37,68,68,103,103,205,205,216,216,229,229,242,274,274,274,300,300,332,182,182,212,212,314,314,334,346,346,346,346,365,394,143,143,271,271,21,33,161,161,161,161,161,1,26,26],"floor_reached":56,"language":"ENG","playtime":6260,"items_purged":["Intolerance"],"score":1558,"play_id":"e8ce5458-5953-4e72-9159-e8f0e1423768","local_time":"20210216020354","is_ascension_mode":true,"campfire_choices":[{"data":"theVacant:Release","floor":6.0,"key":"SMITH"},{"data":"theVacant:BellToll","floor":10.0,"key":"SMITH"},{"data":"theVacant:Exorcise","floor":15.0,"key":"SMITH"},{"floor":25.0,"key":"RECALL"},{"data":"theVacant:Husk","floor":27.0,"key":"SMITH"},{"data":"Dark Embrace","floor":30.0,"key":"SMITH"},{"floor":45,"key":"REST"},{"floor":49,"key":"REST"},{"floor":52,"key":"REST"}],"circlet_count":0,"master_deck":["theVacant:VacantStarterStrike","theVacant:VacantStarterStrike","theVacant:VacantStarterDefend","theVacant:VacantStarterDefend","theVacant:Release+1","theVacant:Crunch","theVacant:Husk+1","theVacant:Spinshield+1","theVacant:Exorcise+1","theVacant:BellToll+1","theVacant:EmbraceDarkness+1","Madness+1","theVacant:OnSecondThought+1","theVacant:Anguish","theVacant:EyePoke","theVacant:Showdown","Armaments+1","theVacant:Recover","Body Slam","theVacant:Necromancy+1","Evolve","Havoc+1","Dark Embrace+1","theVacant:Threat","theVacant:ForgeSoul+1","Barricade+1","True Grit+1","theVacant:Sneeze+1","Parasite","theVacant:VoidEmbrace+1","Metallicize+1"],"relics":["theVacant:BrassGoblet","EVO:Axolotl","Burning Blood","halation:EternalFortune","ReplayTheSpireMod:CursedCoin","Toxic Egg 2","Gremlin Horn","CherryCoatedStake","Vajra","trackpad:Mousetrap","aspiration:IroncladSkillbook","trackpad:CultistFigurine","wanderingMiniBosses:AbyssPearl","Happy Flower","reliquary:SilkGlove","Thread and Needle","relicPack:SpireResearchBook","Replay:Mystery Machine","Fusion Hammer","hubris:Icosahedron","hubris:Towel","relicPack:OneForAll","hubris:CuriousFeather","conspire:BottledYoYo","Happy Flower","trackpad:BottledShadow","SpikesRelics:DaevaFist","MerchantsRug","Guide Book","Art of War"],"acts_visited":["Menagerie:Menagerie","TheCity","TheBeyond","TheEnding"],"potions_floor_usage":[44,54,55,55],"damage_taken":[{"damage":0.0,"enemies":"Menagerie:StygianBoar","floor":1.0,"turns":4.0},{"damage":4.0,"enemies":"Menagerie:2_RABBITS","floor":4.0,"turns":7.0},{"damage":12.0,"enemies":"Menagerie:Hydra","floor":7.0,"turns":4.0},{"damage":30.0,"enemies":"Menagerie:MonstrousExperiment","floor":11.0,"turns":5.0},{"damage":23.0,"enemies":"Menagerie:VoidReaper","floor":12.0,"turns":10.0},{"damage":5.0,"enemies":"Menagerie:VoidReaper","floor":14.0,"turns":4.0},{"damage":35.0,"enemies":"Menagerie:Suneater","floor":16.0,"turns":5.0},{"damage":9.0,"enemies":"Spheric Guardian","floor":18.0,"turns":5.0},{"damage":15.0,"enemies":"conspire:FuzzyDice","floor":20.0,"turns":4.0},{"damage":34.0,"enemies":"conspire:HollyBat","floor":22.0,"turns":8.0},{"damage":13.0,"enemies":"Nightmare","floor":23.0,"turns":7.0},{"damage":43.0,"enemies":"Slavers","floor":28.0,"turns":5.0},{"damage":0.0,"enemies":"Gremlin Leader","floor":31.0,"turns":1.0},{"damage":3.0,"enemies":"bossMod:newCollector","floor":33.0,"turns":5.0},{"damage":0.0,"enemies":"3 Darklings","floor":35.0,"turns":3.0},{"damage":1,"enemies":"3 Shapes","floor":36,"turns":4},{"damage":0,"enemies":"Sphere and 2 Shapes","floor":40,"turns":4},{"damage":8,"enemies":"Giant Head","floor":41,"turns":7},{"damage":8,"enemies":"Reptomancer","floor":44,"turns":4},{"damage":1,"enemies":"Writhing Mass","floor":47,"turns":3},{"damage":0,"enemies":"R_Hoarder","floor":48,"turns":3},{"damage":5,"enemies":"bossMod:newAwakened","floor":50,"turns":5},{"damage":8,"enemies":"Shield and Spear","floor":54,"turns":5},{"damage":6,"enemies":"The Heart","floor":55,"turns":5}],"seed_played":"4828503046295716219","potions_obtained":[{"floor":1.0,"key":"Elixir"},{"floor":7.0,"key":"Explosive Potion"},{"floor":11.0,"key":"Flashbang"},{"floor":20.0,"key":"Swift Potion"},{"floor":23.0,"key":"BlessingOfTheForge"},{"floor":28.0,"key":"Adrenaline Potion"},{"floor":35.0,"key":"Fire Potion"}],"is_trial":false,"path_per_floor":["M","?","?","M","$","R","E","$","T","R","M","E","$","E","R","B",null,"M","?","M","?","M","NM","T","R","T","R","E","$","R","E","R_BF","B",null,"M","M","?","?","?","M","E","$","T","E","R","$","M","E","R","B",null,"R","$","E","B",null],"character_chosen":"THE_VACANT","items_purchased":["ReplayTheSpireMod:CursedCoin","theVacant:BellToll","Madness+1","CBP: ChaoticOffering+1","relicPack:SpireResearchBook","conspire:BottledYoYo","trackpad:BottledShadow","MerchantsRug","Guide Book"],"campfire_rested":3,"item_purchase_floors":[5,5,8,8,29,42,46,53,53],"current_hp_per_floor":[80,83,83,83,83,83,77,77,77,77,53,39,39,40,40,11,86,86,86,81,81,65,71,71,71,71,71,47,47,47,57,57,75,86,86,86,86,86,86,86,86,86,86,86,86,86,86,86,86,86,86,86,86,86,86],"gold":26,"neow_bonus":"NOSTALGIA","is_daily":false,"chose_seed":false,"campfire_upgraded":5,"win_rate":0.0,"timestamp":1613441034,"path_taken":["M","?","?","?","$","R","E","$","T","R","M","E","$","E","R","BOSS","M","?","M","?","M","NM","?","R","T","R","E","$","R","E","R_BF","BOSS","M","?","?","?","?","M","E","?","T","E","R","$","?","E","R","BOSS","R","$","E","BOSS"],"items_purchased_type":["Relic","Card","Card","Card","Relic","Relic","Relic","Relic","Relic"],"build_version":"2020-12-22","purchased_purges":1,"victory":true,"max_hp_per_floor":[80,83,83,83,83,83,83,83,83,83,83,86,86,86,86,86,86,86,86,86,86,86,86,86,86,86,86,86,86,86,86,86,86,86,86,86,86,86,86,86,86,86,86,86,86,86,86,86,86,86,86,86,86,86,86],"relic_stats":{"Gremlin Horn":[26,27],"Happy Flower":[26],"counters":[24,117],"Art of War":[0],"obtain_stats":[{"trackpad:Mousetrap":14,"theVacant:BrassGoblet":0,"reliquary:SilkGlove":26,"Gremlin Horn":9,"Vajra":12,"wanderingMiniBosses:AbyssPearl":22,"EVO:Axolotl":0,"Replay:Mystery Machine":31,"Smiling Mask":44,"Burning Blood":0,"relicPack:SpireResearchBook":29,"relicPack:OneForAll":39,"hubris:Icosahedron":37,"Fusion Hammer":34,"hubris:CuriousFeather":41,"Toxic Egg 2":7,"trackpad:CultistFigurine":18,"MerchantsRug":53,"CherryCoatedStake":11,"Happy Flower":23,"aspiration:Nostalgia":0,"ReplayTheSpireMod:CursedCoin":5,"Guide Book":53,"Thread and Needle":28,"hubris:Towel":38,"aspiration:IroncladSkillbook":17,"halation:EternalFortune":2,"reliquary:SculptingSteel":43,"trackpad:BottledShadow":46,"conspire:BottledYoYo":42,"SpikesRelics:DaevaFist":48,"Art of War":54},{"trackpad:Mousetrap":6,"theVacant:BrassGoblet":0,"reliquary:SilkGlove":11,"Gremlin Horn":3,"Vajra":5,"wanderingMiniBosses:AbyssPearl":10,"EVO:Axolotl":0,"Replay:Mystery Machine":13,"Smiling Mask":19,"Burning Blood":0,"relicPack:SpireResearchBook":12,"relicPack:OneForAll":16,"hubris:Icosahedron":16,"Fusion Hammer":14,"hubris:CuriousFeather":18,"Toxic Egg 2":3,"trackpad:CultistFigurine":8,"MerchantsRug":22,"CherryCoatedStake":4,"Happy Flower":11,"aspiration:Nostalgia":0,"ReplayTheSpireMod:CursedCoin":2,"Guide Book":22,"Thread and Needle":12,"hubris:Towel":16,"aspiration:IroncladSkillbook":7,"halation:EternalFortune":1,"reliquary:SculptingSteel":18,"trackpad:BottledShadow":19,"conspire:BottledYoYo":18,"SpikesRelics:DaevaFist":21,"Art of War":23},{"trackpad:Mousetrap":34,"theVacant:BrassGoblet":0,"reliquary:SilkGlove":63,"Gremlin Horn":15,"Vajra":30,"wanderingMiniBosses:AbyssPearl":56,"EVO:Axolotl":0,"Replay:Mystery Machine":69,"Smiling Mask":96,"Burning Blood":0,"relicPack:SpireResearchBook":68,"relicPack:OneForAll":81,"hubris:Icosahedron":81,"Fusion Hammer":74,"hubris:CuriousFeather":92,"Toxic Egg 2":15,"trackpad:CultistFigurine":44,"MerchantsRug":107,"CherryCoatedStake":20,"Happy Flower":63,"aspiration:Nostalgia":0,"ReplayTheSpireMod:CursedCoin":11,"Guide Book":107,"Thread and Needle":68,"hubris:Towel":81,"aspiration:IroncladSkillbook":39,"halation:EternalFortune":4,"reliquary:SculptingSteel":92,"trackpad:BottledShadow":96,"conspire:BottledYoYo":92,"SpikesRelics:DaevaFist":102,"Art of War":112}],"Burning Blood":84},"card_choices":[{"not_picked":["theVacant:BellToll","theVacant:ShutAway"],"picked":"theVacant:Husk","floor":1.0},{"not_picked":["theVacant:EyePoke+1","theVacant:CursedBlast+1"],"picked":"theVacant:Spinshield+1","floor":3.0},{"not_picked":["theVacant:GraveDigger","theVacant:IntoTheAbyss"],"picked":"theVacant:Exorcise","floor":4.0},{"not_picked":["theVacant:Showdown","theVacant:Dig+1"],"picked":"theVacant:EmbraceDarkness+1","floor":7.0},{"not_picked":["theVacant:BurdenBreak","theVacant:Spinshield+1"],"picked":"theVacant:OnSecondThought+1","floor":11.0},{"not_picked":["theVacant:GraveDigger","theVacant:Husk"],"picked":"theVacant:Anguish","floor":12.0},{"not_picked":["theVacant:Snowball","theVacant:PitOfDespair"],"picked":"theVacant:EyePoke","floor":14.0},{"not_picked":["theVacant:MindBreak+1","theVacant:TheAnvil+1"],"picked":"theVacant:Showdown","floor":16.0},{"not_picked":["Sword Boomerang","Body Slam","StuffTheSpire:RockThrow"],"picked":"Armaments+1","floor":18.0},{"not_picked":["theVacant:ShriekingBlast","theVacant:PitOfDespair","theVacant:Enrage+1"],"picked":"theVacant:Recover","floor":20.0},{"not_picked":["theVacant:Fling+1","Ghostly Armor+1","Power Through+1"],"picked":"Evolve","floor":22.0},{"not_picked":["ReplayTheSpireMod:Corrosion Curse+1","Bloodletting+1","Feel No Pain+1"],"picked":"Havoc+1","floor":23.0},{"not_picked":["theVacant:ReaperStrike","theVacant:GraveDigger","theVacant:DimensionTear"],"picked":"Dark Embrace","floor":28.0},{"not_picked":["Blood for Blood","theVacant:Spinshield+1","StuffTheSpire:Pyroclast"],"picked":"theVacant:Threat","floor":31.0},{"not_picked":["theVacant:Rejection","theVacant:WhenDarknessComes","theVacant:FromNothing+1"],"picked":"Barricade","floor":33.0},{"not_picked":["theVacant:GraveWave+1","theVacant:BellToll","Dropkick","StuffTheSpire:Incineration+1"],"picked":"SKIP","floor":35.0},{"not_picked":["Twin Strike+1","theVacant:Soothe+1","conspire:Charge+1"],"picked":"True Grit+1","floor":36},{"not_picked":["theVacant:BattleScars+1","Shrug It Off+1","Feel No Pain"],"picked":"theVacant:Sneeze+1","floor":40},{"not_picked":["theVacant:BattleScars+1","Flame Barrier+1","Replay:Undeath\u0027s Touch","Evolve"],"picked":"SKIP","floor":41},{"not_picked":["hubris:ReadiedAction+1","Searing Blow","ReplayReversal+1","Rampage+1"],"picked":"SKIP","floor":44},{"not_picked":["hubris:CleavingFinish+1","theVacant:EyePoke+1","Iron Wave+1"],"picked":"theVacant:VoidEmbrace+1","floor":47},{"not_picked":["theVacant:WaitInWrath","StuffTheSpire:Pyroclast+1","Anger+1","StuffTheSpire:Slingshot"],"picked":"SKIP","floor":48},{"not_picked":["Fiend Fire","Armaments+1","theVacant:FromNothing+1"],"picked":"Metallicize+1","floor":54}],"player_experience":398151,"relics_obtained":[{"floor":7.0,"key":"Toxic Egg 2"},{"floor":9.0,"key":"Gremlin Horn"},{"floor":11.0,"key":"CherryCoatedStake"},{"floor":12.0,"key":"halation:EternalFortune"},{"floor":12.0,"key":"Vajra"},{"floor":14.0,"key":"trackpad:Mousetrap"},{"floor":18.0,"key":"trackpad:CultistFigurine"},{"floor":22.0,"key":"wanderingMiniBosses:AbyssPearl"},{"floor":23.0,"key":"Happy Flower"},{"floor":26.0,"key":"reliquary:SilkGlove"},{"floor":28.0,"key":"Thread and Needle"},{"floor":31.0,"key":"Replay:Mystery Machine"},{"floor":41,"key":"hubris:CuriousFeather"},{"floor":43,"key":"reliquary:SculptingSteel"},{"floor":44,"key":"Smiling Mask"},{"floor":48,"key":"SpikesRelics:DaevaFist"},{"floor":54,"key":"Art of War"}],"event_choices":[{"damage_healed":0.0,"max_hp_gain":0.0,"max_hp_loss":0.0,"gold_gain":0.0,"event_name":"betterMatch:BetterMatch","player_choice":"2","floor":3.0,"gold_loss":0.0,"damage_taken":0.0,"cards_obtained":["betterMatch:CommonCard"]},{"cards_removed":["CBP: ChaoticOffering"],"damage_healed":0.0,"max_hp_gain":0.0,"max_hp_loss":0.0,"gold_gain":0.0,"event_name":"betterThird:BetterWriting","player_choice":"Elegance","floor":19.0,"gold_loss":0.0,"damage_taken":0.0},{"damage_healed":0.0,"max_hp_gain":0.0,"max_hp_loss":0.0,"gold_gain":0.0,"cards_transformed":["theVacant:VacantStarterDefend","theVacant:VacantStarterStrike"],"event_name":"Drug Dealer","player_choice":"Became Test Subject","floor":21.0,"gold_loss":0.0,"damage_taken":0.0,"cards_obtained":["Body Slam","theVacant:Necromancy"]}],"is_beta":false,"boss_relics":[{"not_picked":["Ectoplasm","conspire:RunicOctahedron"],"picked":"aspiration:IroncladSkillbook"},{"not_picked":["Runic Pyramid","conspire:SeveredTorchhead"],"picked":"Fusion Hammer"}],"items_purged_floors":[5],"is_endless":false,"potions_floor_spawned":[1,7,11,20,23,28,31,35],"ascension_level":1}}