{"host":"ty2cix8xj6r3ad26","time":1613490617,"event":{"mods":["AchievementEnabler","BaseMod","BetterRewards","Minty Spire (QoL Compilation)","Quick Restart","StSLib","SuperFastMode"],"gold_per_floor":[118,118,135,135,155,155,185,196,250,263,281,113,113,158,158,234,234,252,269,288,288,213,241,251,251,332,332,332,332,345,119,119,191,191,211,42,42,42,53,53,53],"floor_reached":40,"language":"ENG","playtime":2664,"items_purged":["Strike_G","Strike_G","Defend_G","Writhe"],"score":796,"play_id":"65926082-6ce0-4c7e-8291-619030b58a7f","local_time":"20210216175017","is_ascension_mode":true,"campfire_choices":[{"data":"Footwork","floor":6,"key":"SMITH"},{"data":"Burst","floor":13,"key":"SMITH"},{"data":"Dagger Spray","floor":15,"key":"SMITH"},{"data":"Envenom","floor":25,"key":"SMITH"},{"data":"Noxious Fumes","floor":28,"key":"SMITH"},{"data":"Neutralize","floor":32,"key":"SMITH"}],"circlet_count":0,"master_deck":["AscendersBane","Defend_G+1","Survivor","Neutralize+1","Poisoned Stab","Footwork+1","Bane","Dodge and Roll","Dagger Spray+1","Backstab","Backflip","Burst+1","Blur","Well Laid Plans","Envenom+1","Noxious Fumes+1","Bite","Bite","Bite","Bite","Bite","Dodge and Roll","Blur","Riddle With Holes","Terror+1","Footwork","Night Terror+1","Adrenaline"],"relics":["Ring of the Snake","TwistedFunnel","Vajra","Happy Flower","HornCleat","Smiling Mask","Regal Pillow","Busted Crown","Ancient Tea Set","Mummified Hand","The Courier","Membership Card","Black Star","Torii"],"acts_visited":["Exordium","TheCity","TheBeyond"],"potions_floor_usage":[7,7,23,30,33,40,40],"damage_taken":[{"damage":0,"enemies":"Jaw Worm","floor":1,"turns":3},{"damage":0,"enemies":"Small Slimes","floor":3,"turns":2},{"damage":0,"enemies":"Cultist","floor":5,"turns":2},{"damage":5,"enemies":"3 Sentries","floor":7,"turns":8},{"damage":0,"enemies":"Exordium Wildlife","floor":8,"turns":2},{"damage":0,"enemies":"2 Fungi Beasts","floor":10,"turns":2},{"damage":0,"enemies":"Lots of Slimes","floor":11,"turns":2},{"damage":2,"enemies":"The Guardian","floor":16,"turns":12},{"damage":0,"enemies":"3 Byrds","floor":18,"turns":5},{"damage":0,"enemies":"2 Thieves","floor":19,"turns":3},{"damage":13,"enemies":"Cultist and Chosen","floor":20,"turns":8},{"damage":23,"enemies":"Gremlin Leader","floor":23,"turns":9},{"damage":3,"enemies":"Centurion and Healer","floor":24,"turns":6},{"damage":19,"enemies":"Snecko","floor":30,"turns":6},{"damage":11,"enemies":"Champ","floor":33,"turns":9},{"damage":13,"enemies":"3 Darklings","floor":35,"turns":3},{"damage":1,"enemies":"Orb Walker","floor":39,"turns":3},{"damage":48,"enemies":"Reptomancer","floor":40,"turns":3}],"seed_played":"2353829439589431341","potions_obtained":[{"floor":1,"key":"SteroidPotion"},{"floor":3,"key":"Regen Potion"},{"floor":19,"key":"Regen Potion"},{"floor":24,"key":"EssenceOfSteel"},{"floor":35,"key":"DuplicationPotion"}],"is_trial":false,"path_per_floor":["M","?","M","?","M","R","E","M","T","M","M","$","R","T","R","B",null,"M","M","M","?","?","E","M","R","T","?","R","?","M","$","R","B",null,"M","$","?","?","M","E"],"character_chosen":"THE_SILENT","items_purchased":["TwistedFunnel","Poisoned Stab","Vajra","Happy Flower","Footwork","Fire Potion","Bane","Well Laid Plans","Regen Potion","Membership Card","Footwork","LiquidBronze","Torii","Adrenaline"],"campfire_rested":0,"item_purchase_floors":[0,0,0,0,0,0,0,12,12,31,31,31,36,36],"current_hp_per_floor":[28,8,8,30,30,30,40,40,40,40,40,40,40,40,40,38,59,59,59,46,46,46,35,44,44,44,44,44,44,33,33,33,35,43,34,34,34,34,37,0,0],"gold":53,"neow_bonus":"","is_daily":false,"chose_seed":false,"campfire_upgraded":6,"win_rate":0.0,"timestamp":1613490617,"path_taken":["M","?","M","?","M","R","E","M","T","M","M","$","R","?","R","BOSS","M","M","?","?","?","E","?","R","T","?","R","?","?","$","R","BOSS","M","$","?","?","M","E"],"items_purchased_type":["Relic","Card","Relic","Relic","Card","Potion","Card","Card","Potion","Relic","Card","Potion","Relic","Card"],"build_version":"2020-12-22","purchased_purges":4,"victory":false,"max_hp_per_floor":[66,66,66,66,66,66,66,66,66,66,66,66,66,66,66,66,66,66,66,66,46,46,46,46,46,46,46,46,46,46,46,46,46,46,46,46,46,46,46,46,46],"card_choices":[{"not_picked":["Outmaneuver","Infinite Blades"],"picked":"Dodge and Roll","floor":1},{"not_picked":["Quick Slash","Outmaneuver"],"picked":"Dagger Spray","floor":3},{"not_picked":["Expertise","Dash"],"picked":"Backstab","floor":5},{"not_picked":["Prepared","Heel Hook","PiercingWail"],"picked":"SKIP","floor":7},{"not_picked":["Dagger Throw","Underhanded Strike"],"picked":"Backflip","floor":8},{"not_picked":["Flechettes","Heel Hook"],"picked":"Burst","floor":10},{"not_picked":["PiercingWail","Expertise"],"picked":"Blur","floor":11},{"not_picked":["Grand Finale","A Thousand Cuts"],"picked":"Envenom","floor":16},{"not_picked":["Backflip"],"picked":"SKIP","floor":18},{"not_picked":["Predator"],"picked":"SKIP","floor":19},{"not_picked":[],"picked":"Noxious Fumes","floor":20},{"not_picked":["Heel Hook"],"picked":"SKIP","floor":23},{"not_picked":["Predator"],"picked":"SKIP","floor":24},{"not_picked":[],"picked":"Terror+1","floor":30},{"not_picked":[],"picked":"Night Terror","floor":33},{"not_picked":["Quick Slash"],"picked":"SKIP","floor":35},{"not_picked":["Skewer"],"picked":"SKIP","floor":39}],"player_experience":591882,"relics_obtained":[{"floor":7,"key":"HornCleat"},{"floor":9,"key":"Smiling Mask"},{"floor":14,"key":"Regal Pillow"},{"floor":23,"key":"Ancient Tea Set"},{"floor":26,"key":"Mummified Hand"}],"event_choices":[{"damage_healed":0,"gold_gain":0,"player_choice":"Entered Light","damage_taken":20,"max_hp_gain":0,"max_hp_loss":0,"event_name":"Shining Light","floor":2,"gold_loss":0,"cards_upgraded":["Defend_G","Strike_G"]},{"damage_healed":22,"gold_gain":0,"player_choice":"Banana","damage_taken":0,"max_hp_gain":0,"max_hp_loss":0,"event_name":"Big Fish","floor":4,"gold_loss":0},{"damage_healed":0,"gold_gain":0,"player_choice":"Became a vampire","damage_taken":0,"max_hp_gain":0,"max_hp_loss":20,"event_name":"Vampires","floor":21,"gold_loss":0,"cards_obtained":["Bite","Bite","Bite","Bite","Bite"]},{"damage_healed":0,"gold_gain":0,"cards_transformed":["Defend_G","Defend_G"],"player_choice":"Transformed Cards","damage_taken":0,"max_hp_gain":0,"max_hp_loss":0,"event_name":"Designer","floor":22,"gold_loss":75,"cards_obtained":["Dodge and Roll","Blur"]},{"damage_healed":0,"gold_gain":0,"player_choice":"Read","damage_taken":0,"max_hp_gain":0,"max_hp_loss":0,"event_name":"The Library","floor":27,"gold_loss":0,"cards_obtained":["Riddle With Holes"]},{"damage_healed":0,"gold_gain":0,"player_choice":"Opened","damage_taken":0,"relics_obtained":["The Courier"],"max_hp_gain":0,"max_hp_loss":0,"event_name":"The Mausoleum","floor":29,"gold_loss":0,"cards_obtained":["Writhe"]},{"cards_removed":["Defend_G"],"damage_healed":0,"gold_gain":0,"player_choice":"Removed Skill","damage_taken":0,"max_hp_gain":0,"max_hp_loss":0,"event_name":"Falling","floor":37,"gold_loss":0},{"damage_healed":0,"gold_gain":0,"player_choice":"Upgraded","damage_taken":0,"max_hp_gain":0,"max_hp_loss":0,"event_name":"Upgrade Shrine","floor":38,"gold_loss":0,"cards_upgraded":["Night Terror"]}],"is_beta":false,"boss_relics":[{"not_picked":["Philosopher\u0027s Stone","Ring of the Serpent"],"picked":"Busted Crown"},{"not_picked":["WristBlade","Astrolabe"],"picked":"Black Star"}],"items_purged_floors":[0,0,12,31],"is_endless":false,"potions_floor_spawned":[1,3,5,19,24,35],"killed_by":"Reptomancer","ascension_level":18}}