{"host":"tr0r177cvmpvg89h","time":1613470662,"event":{"mods":["BaseMod","Colored Map","DeckTracker","Minty Spire (QoL Compilation)","StSLib","SuperFastMode"],"gold_per_floor":[117,127,144,94,19,19,44,44,44,61,61,75,150,166,166,269,269,279,189,42,61,61,61,73,73,97,97,107,125,25,36,36,36,36],"floor_reached":33,"language":"KOR","playtime":2493,"items_purged":["Defend_R","Defend_R"],"score":249,"play_id":"967d1c30-6862-46f9-aa5d-665942964541","local_time":"20210216191742","is_ascension_mode":false,"campfire_choices":[{"data":"True Grit","floor":6,"key":"SMITH"},{"data":"Sever Soul","floor":8,"key":"SMITH"},{"data":"True Grit","floor":15,"key":"SMITH"},{"data":"Double Tap","floor":23,"key":"SMITH"},{"data":"FlyingSleeves","floor":25,"key":"SMITH"},{"data":"Reckless Charge","floor":27,"key":"SMITH"},{"data":"Slice","floor":32,"key":"SMITH"}],"circlet_count":0,"master_deck":["Strike_R","Strike_R","Strike_R","Strike_R","Bash","True Grit+1","Sever Soul+1","Second Wind","Thunderclap","Double Tap+1","True Grit+1","Reckless Charge+1","Immolate+1","Quick Slash+1","FlyingSleeves+1","Burning Pact","Go for the Eyes","Slice+1"],"relics":["Burning Blood","CaptainsWheel","Meat on the Bone","Mark of Pain","PrismaticShard","Dream Catcher"],"acts_visited":["Exordium","TheCity"],"potions_floor_usage":[7,16,33],"damage_taken":[{"damage":2,"enemies":"Small Slimes","floor":1,"turns":4},{"damage":1,"enemies":"Cultist","floor":2,"turns":3},{"damage":11,"enemies":"2 Louse","floor":3,"turns":2},{"damage":27,"enemies":"3 Sentries","floor":7,"turns":8},{"damage":11,"enemies":"Lots of Slimes","floor":10,"turns":4},{"damage":0,"enemies":"Gremlin Gang","floor":12,"turns":2},{"damage":0,"enemies":"2 Fungi Beasts","floor":14,"turns":2},{"damage":48,"enemies":"The Guardian","floor":16,"turns":9},{"damage":3,"enemies":"Spheric Guardian","floor":18,"turns":4},{"damage":21,"enemies":"Shell Parasite","floor":21,"turns":4},{"damage":13,"enemies":"Cultist and Chosen","floor":24,"turns":5},{"damage":0,"enemies":"3 Cultists","floor":28,"turns":2},{"damage":12,"enemies":"Centurion and Healer","floor":29,"turns":3},{"damage":15,"enemies":"Snecko","floor":31,"turns":5},{"damage":93,"enemies":"Automaton","floor":33,"turns":6}],"seed_played":"8628576067612889607","potions_obtained":[{"floor":1,"key":"Fire Potion"},{"floor":10,"key":"EssenceOfSteel"},{"floor":24,"key":"BlessingOfTheForge"},{"floor":31,"key":"Explosive Potion"}],"is_trial":false,"path_per_floor":["M","M","M","?","$","R","E","R","T","M","?","M","?","M","R","B",null,"M","?","$","M","$","R","M","R","T","R","M","M","$","M","R","B"],"character_chosen":"IRONCLAD","items_purchased":["PrismaticShard"],"campfire_rested":0,"item_purchase_floors":[20],"current_hp_per_floor":[88,88,83,83,83,83,62,62,62,57,57,63,52,58,58,28,88,88,88,88,73,73,73,66,66,66,66,72,66,66,57,57,0,0],"gold":36,"neow_bonus":"TEN_PERCENT_HP_BONUS","is_daily":false,"chose_seed":false,"campfire_upgraded":7,"win_rate":0.0,"timestamp":1613470662,"path_taken":["M","M","M","?","$","R","E","R","T","M","?","M","?","M","R","BOSS","M","?","?","M","$","R","M","R","T","R","?","M","?","M","R","BOSS"],"items_purchased_type":["Relic"],"build_version":"2020-12-22","purchased_purges":2,"victory":false,"max_hp_per_floor":[88,88,88,88,88,88,88,88,88,88,88,88,88,88,88,88,88,88,88,88,88,88,88,88,88,88,88,88,88,88,88,88,88,88],"card_choices":[{"not_picked":["Evolve","Wild Strike"],"picked":"True Grit","floor":1},{"not_picked":["Flex","Perfected Strike"],"picked":"Sever Soul","floor":2},{"not_picked":["Iron Wave","Shrug It Off"],"picked":"Second Wind","floor":3},{"not_picked":["Whirlwind","Perfected Strike"],"picked":"Thunderclap","floor":7},{"not_picked":["Pommel Strike","Fire Breathing"],"picked":"Double Tap","floor":10},{"not_picked":["Inflame","Warcry"],"picked":"True Grit","floor":12},{"not_picked":["Heavy Blade","Perfected Strike"],"picked":"Reckless Charge","floor":14},{"not_picked":["Offering","Bludgeon"],"picked":"Immolate","floor":16},{"not_picked":["Hemokinesis","Blood for Blood+1","Iron Wave"],"picked":"SKIP","floor":18},{"not_picked":["Stack+1","Leap"],"picked":"Quick Slash+1","floor":21},{"not_picked":["Infinite Blades","Discovery"],"picked":"FlyingSleeves","floor":24},{"not_picked":["Cleave","True Grit"],"picked":"Burning Pact","floor":28},{"not_picked":["Masterful Stab","Warcry+1"],"picked":"Go for the Eyes","floor":29},{"not_picked":["Prepared","ThirdEye"],"picked":"Slice","floor":31}],"player_experience":51993,"relics_obtained":[{"floor":7,"key":"CaptainsWheel"},{"floor":9,"key":"Meat on the Bone"},{"floor":26,"key":"Dream Catcher"}],"event_choices":[{"cards_removed":["Strike_R"],"damage_healed":0,"gold_gain":0,"player_choice":"Card Removal","damage_taken":0,"max_hp_gain":0,"max_hp_loss":0,"event_name":"The Cleric","floor":4,"gold_loss":50},{"cards_removed":["Defend_R"],"damage_healed":0,"gold_gain":0,"player_choice":"Forget","damage_taken":0,"max_hp_gain":0,"max_hp_loss":0,"event_name":"Living Wall","floor":11,"gold_loss":0},{"damage_healed":0,"gold_gain":75,"player_choice":"Gather Gold","damage_taken":11,"max_hp_gain":0,"max_hp_loss":0,"event_name":"World of Goop","floor":13,"gold_loss":0},{"cards_removed":["Defend_R"],"damage_healed":0,"gold_gain":0,"player_choice":"Upgrade and Remove","damage_taken":0,"max_hp_gain":0,"max_hp_loss":0,"event_name":"Designer","floor":19,"gold_loss":90,"cards_upgraded":["Immolate"]}],"is_beta":false,"boss_relics":[{"not_picked":["Black Blood","Runic Cube"],"picked":"Mark of Pain"}],"items_purged_floors":[5,30],"is_endless":false,"potions_floor_spawned":[1,10,24,31],"killed_by":"Automaton","ascension_level":0}}