{"host":"zk2wr01vh49shv6l","time":1613440589,"event":{"mods":["BaseMod","Hermit","Minty Spire (QoL Compilation)","Replay The Spire","StSLib","The Bug Knight"],"gold_per_floor":[110,110,185,196,206,206,219,219,219,16,33,51,51,67,67,67,67],"floor_reached":16,"language":"PTB","playtime":2314,"items_purged":[],"score":96,"play_id":"6bb204de-f3da-4d47-a4b5-480424c14da8","local_time":"20210215235629","is_ascension_mode":false,"campfire_choices":[{"floor":13,"key":"REST"},{"floor":15,"key":"REST"}],"circlet_count":0,"master_deck":["hermit:Strike_Hermit","hermit:Strike_Hermit","hermit:Strike_Hermit","hermit:Strike_Hermit","hermit:Defend_Hermit","hermit:Defend_Hermit","hermit:Defend_Hermit","hermit:Defend_Hermit","hermit:Snapshot","hermit:Covet","Survivor","Strike_P","hermit:Dive+1","hermit:TakeAim","hermit:CalledShot","hermit:Ricochet","hermit:GoldenBullet+1","hermit:TakeCover","hermit:BigShot","hermit:Dive","hermit:Roulette","hermit:TrackingShot"],"relics":["hermit:Momento","Replay:Multitool","ReplayTheSpireMod:TigerMarble"],"acts_visited":["Exordium"],"potions_floor_usage":[7,8,16],"damage_taken":[{"damage":0,"enemies":"Jaw Worm","floor":1,"turns":5},{"damage":0,"enemies":"Small Slimes","floor":4,"turns":5},{"damage":0,"enemies":"Cultist","floor":5,"turns":4},{"damage":1,"enemies":"2 Fungi Beasts","floor":7,"turns":5},{"damage":0,"enemies":"Lots of Slimes","floor":8,"turns":1},{"damage":19,"enemies":"Looter","floor":11,"turns":5},{"damage":4,"enemies":"Blue Slaver","floor":12,"turns":5},{"damage":13,"enemies":"Large Slime","floor":14,"turns":8},{"damage":75,"enemies":"Hexaghost","floor":16,"turns":16}],"seed_played":"6911403795520227061","potions_obtained":[{"floor":4,"key":"SmokeBomb"},{"floor":5,"key":"Dexterity Potion"},{"floor":14,"key":"Swift Potion"}],"is_trial":false,"path_per_floor":["M","?","?","M","M","R","M","M","T","$","M","M","R","M","R","B"],"character_chosen":"HERMIT","items_purchased":["hermit:GoldenBullet+1","hermit:TakeCover","hermit:BigShot"],"campfire_rested":2,"item_purchase_floors":[10,10,10],"current_hp_per_floor":[75,75,64,64,64,75,74,74,74,74,55,51,73,62,75,0,0],"gold":67,"neow_bonus":"ONE_RARE_RELIC","is_daily":false,"chose_seed":false,"campfire_upgraded":0,"win_rate":0.0,"timestamp":1613440589,"path_taken":["M","?","?","M","M","R","M","M","T","$","M","M","R","M","R","BOSS"],"items_purchased_type":["Card","Card","Card"],"build_version":"2020-12-22","purchased_purges":0,"victory":false,"max_hp_per_floor":[75,75,75,75,75,75,75,75,75,75,75,75,75,75,75,75,75],"card_choices":[{"not_picked":["hermit:Roulette","hermit:Coalescence"],"picked":"hermit:Dive","floor":1},{"not_picked":["hermit:Malice","hermit:TrackingShot"],"picked":"hermit:TakeAim","floor":4},{"not_picked":["hermit:SprayPray","hermit:Misfire"],"picked":"hermit:CalledShot","floor":5},{"not_picked":["hermit:Desperado","hermit:CalledShot"],"picked":"hermit:Ricochet","floor":7},{"not_picked":["hermit:Cheat","hermit:Coalescence"],"picked":"hermit:Dive","floor":11},{"not_picked":["hermit:Gambit","hermit:SprayPray"],"picked":"hermit:Roulette","floor":12},{"not_picked":["hermit:Grudge","hermit:Quickdraw"],"picked":"hermit:TrackingShot","floor":14}],"player_experience":201367,"relics_obtained":[{"floor":9,"key":"ReplayTheSpireMod:TigerMarble"}],"event_choices":[{"damage_healed":0,"gold_gain":0,"player_choice":"Leave","damage_taken":0,"max_hp_gain":0,"max_hp_loss":0,"event_name":"The Cleric","floor":2,"gold_loss":0},{"damage_healed":0,"gold_gain":75,"player_choice":"Gather Gold","damage_taken":11,"max_hp_gain":0,"max_hp_loss":0,"event_name":"World of Goop","floor":3,"gold_loss":0}],"is_beta":false,"boss_relics":[],"items_purged_floors":[],"is_endless":false,"potions_floor_spawned":[4,5,8,14],"killed_by":"Hexaghost","ascension_level":0}}