{"host":"ne5hixkhdtkevwwo","time":1613506620,"event":{"mods":["BaseMod","Downfall","Minty Spire (QoL Compilation)","Relic Stats","StSLib"],"gold_per_floor":[99,117,34,54,66,96,96,96,96,113,113,113,113],"floor_reached":11,"language":"ENG","playtime":423,"items_purged":[],"score":106,"play_id":"051a83c7-aba6-4620-bfaa-24d17530d299","local_time":"20210216211700","is_ascension_mode":true,"campfire_choices":[{"data":"bronze:Library","floor":1.0,"key":"SMITH"},{"floor":8.0,"key":"REST"}],"circlet_count":0,"master_deck":["bronze:Strike","bronze:Strike","bronze:Strike","bronze:Strike","bronze:Defend","bronze:Defend","bronze:Defend","bronze:Defend","bronze:Replicate+1","bronze:Goto","bronze:Library+1","bronze:Overheat","bronze:FollowUp","bronze:TinkerersToolbox","bronze:Separator+1","bronze:Verify","bronze:ChildClass"],"relics":["bronze:BronzeCore","Bottled Tornado","Whetstone","Ice Cream"],"acts_visited":["Exordium"],"potions_floor_usage":[11,11],"damage_taken":[{"damage":7.0,"enemies":"Jaw Worm","floor":2.0,"turns":3.0},{"damage":0.0,"enemies":"downfall:FleeingMerchant","floor":3.0,"turns":4.0},{"damage":5.0,"enemies":"Small Slimes","floor":4.0,"turns":3.0},{"damage":2.0,"enemies":"2 Louse","floor":5.0,"turns":2.0},{"damage":12.0,"enemies":"Lagavulin","floor":6.0,"turns":5.0},{"damage":0.0,"enemies":"Large Slime","floor":10.0,"turns":3.0},{"damage":45,"enemies":"Gremlin Nob","floor":11,"turns":3}],"seed_played":"797654572787020706","potions_obtained":[{"floor":5.0,"key":"EssenceOfSteel"},{"floor":6.0,"key":"bronze:FreeFunctionsPotion"},{"floor":10.0,"key":"Fire Potion"}],"is_trial":false,"path_per_floor":["R","M","$","M","M","E","T","R","?","M","E"],"character_chosen":"THE_AUTOMATON","items_purchased":["bronze:TinkerersToolbox"],"campfire_rested":1,"item_purchase_floors":[3],"current_hp_per_floor":[45,38,38,33,31,19,19,40,37,37,0,0,0],"gold":113,"neow_bonus":"THREE_RARE_CARDS","is_daily":false,"chose_seed":false,"campfire_upgraded":1,"win_rate":0.0,"timestamp":1613506620,"path_taken":["R","M","$","M","M","E","T","R","?","M","E"],"items_purchased_type":["Card"],"build_version":"2020-12-22","purchased_purges":0,"victory":false,"max_hp_per_floor":[70,70,70,70,70,70,70,70,70,70,70,70,70],"relic_stats":{"counters":[7,23],"Whetstone":["bronze:Separator","bronze:Replicate"],"obtain_stats":[{"Ice Cream":9,"bronze:BronzeCore":0,"Whetstone":7,"Bottled Tornado":6},{"Ice Cream":5,"bronze:BronzeCore":0,"Whetstone":5,"Bottled Tornado":5},{"Ice Cream":17,"bronze:BronzeCore":0,"Whetstone":17,"Bottled Tornado":17}]},"card_choices":[{"not_picked":["bronze:BurnOut","bronze:ThunderWave"],"picked":"bronze:Library","floor":0.0},{"not_picked":["bronze:OilSpill","bronze:DarkDash"],"picked":"bronze:Overheat","floor":2.0},{"not_picked":["bronze:Iterate","bronze:WhirlingStrike"],"picked":"bronze:FollowUp","floor":3.0},{"not_picked":["bronze:FineTuning","bronze:Constructor"],"picked":"bronze:Separator","floor":4.0},{"not_picked":["bronze:BuggyMess","bronze:CloningBeam"],"picked":"bronze:Verify","floor":5.0},{"not_picked":["bronze:Deprecate","bronze:Overheat"],"picked":"bronze:ChildClass","floor":6.0},{"not_picked":["bronze:WildBeam","bronze:OilSpill","bronze:BugBarrage"],"picked":"SKIP","floor":10.0}],"player_experience":1090608,"relics_obtained":[{"floor":6.0,"key":"Bottled Tornado"},{"floor":7.0,"key":"Whetstone"}],"event_choices":[{"damage_healed":0.0,"max_hp_gain":0.0,"max_hp_loss":0.0,"gold_gain":0.0,"event_name":"Scrap Ooze","player_choice":"Success","floor":9.0,"gold_loss":0.0,"damage_taken":3.0,"relics_obtained":["Ice Cream"]}],"is_beta":false,"boss_relics":[],"items_purged_floors":[],"is_endless":false,"potions_floor_spawned":[5,6,10],"killed_by":"Gremlin Nob","ascension_level":9}}