{"host":"4cz9gr89nglr7k8k","time":1613506993,"event":{"mods":["BaseMod","Minty Spire (QoL Compilation)","Relic Stats","Slay-I"],"gold_per_floor":[114,74,22,22,40,40,75,75,75,91,10,29,44,319,319,396,396,407,51,51,51,51,51,98,98,121,140,140,155,168,188,188,259,259,275,275,294,306,322,322,350,350,350,365,380,380,380],"floor_reached":46,"language":"DEU","playtime":1331,"items_purged":["Regret"],"score":954,"play_id":"652cb824-3a7c-4796-bc97-2730f2f7420f","local_time":"20210216212313","is_ascension_mode":true,"campfire_choices":[{"floor":6,"key":"REST"},{"floor":8,"key":"REST"},{"floor":15,"key":"REST"},{"floor":23,"key":"REST"},{"floor":25,"key":"REST"},{"floor":28,"key":"REST"},{"floor":32,"key":"REST"},{"floor":40,"key":"REST"},{"floor":42,"key":"REST"}],"circlet_count":0,"master_deck":["AscendersBane","Defend_R","Defend_R","Defend_R","Defend_R","Bash","Flex","Clash+1","Flame Barrier","Metallicize","Clash","Metallicize","Sword Boomerang","Spot Weakness","Immolate","Shrug It Off+1","Necronomicurse","Bite","Bite","Bite","Bite","Bite","Rage+1","Burning Pact+1","Iron Wave+1","Immolate","Limit Break+1","Ghostly Armor+1","Whirlwind","Rage+1","Flex+1","Anger+1","Heavy Blade+1","Flex+1"],"relics":["Burning Blood","Incense Burner","SacredBark","Pantograph","Necronomicon","Toxic Egg 2","Centennial Puzzle","Anchor","Mark of Pain","Bag of Marbles","Smiling Mask"],"acts_visited":["Exordium","TheCity","TheBeyond"],"potions_floor_usage":[2,18,33,33,33,33,41,46],"damage_taken":[{"damage":24,"enemies":"Jaw Worm","floor":1,"turns":5},{"damage":1,"enemies":"Cultist","floor":5,"turns":3},{"damage":36,"enemies":"Gremlin Nob","floor":7,"turns":4},{"damage":0,"enemies":"2 Louse","floor":10,"turns":3},{"damage":17,"enemies":"Red Slaver","floor":12,"turns":6},{"damage":14,"enemies":"3 Louse","floor":13,"turns":4},{"damage":46,"enemies":"The Guardian","floor":16,"turns":11},{"damage":41,"enemies":"3 Byrds","floor":18,"turns":4},{"damage":18,"enemies":"Chosen","floor":27,"turns":4},{"damage":30,"enemies":"Snake Plant","floor":29,"turns":3},{"damage":0,"enemies":"Shelled Parasite and Fungi","floor":30,"turns":2},{"damage":45,"enemies":"Centurion and Healer","floor":31,"turns":4},{"damage":60,"enemies":"Champ","floor":33,"turns":8},{"damage":17,"enemies":"3 Darklings","floor":35,"turns":3},{"damage":2,"enemies":"3 Shapes","floor":37,"turns":3},{"damage":67,"enemies":"Spire Growth","floor":38,"turns":4},{"damage":9,"enemies":"Jaw Worm Horde","floor":39,"turns":3},{"damage":17,"enemies":"Nemesis","floor":41,"turns":7},{"damage":0,"enemies":"Sphere and 2 Shapes","floor":44,"turns":1},{"damage":18,"enemies":"4 Shapes","floor":45,"turns":1},{"damage":106,"enemies":"Giant Head","floor":46,"turns":8}],"seed_played":"2156485443527778549","potions_obtained":[{"floor":1,"key":"ElixirPotion"},{"floor":2,"key":"Fruit Juice"},{"floor":2,"key":"DuplicationPotion"},{"floor":2,"key":"SneckoOil"},{"floor":5,"key":"BlessingOfTheForge"},{"floor":16,"key":"CultistPotion"},{"floor":27,"key":"EntropicBrew"},{"floor":38,"key":"EssenceOfSteel"},{"floor":39,"key":"PowerPotion"}],"is_trial":false,"path_per_floor":["M","?","$","?","M","R","E","R","T","M","$","M","M","?","R","B",null,"M","$","?","?","?","R","T","R","T","M","R","M","M","M","R","B",null,"M","?","M","M","M","R","E","R","T","M","M","E"],"character_chosen":"IRONCLAD","items_purchased":["Clash","Metallicize","Pantograph"],"campfire_rested":9,"item_purchase_floors":[3,11,19],"current_hp_per_floor":[46,51,51,23,28,56,26,54,54,62,62,53,47,47,75,37,80,47,47,26,26,26,54,54,82,82,76,94,72,78,45,73,50,83,72,72,80,23,24,52,55,83,83,91,79,0,0],"gold":380,"neow_bonus":"TWENTY_PERCENT_HP_BONUS","is_daily":false,"chose_seed":false,"campfire_upgraded":0,"win_rate":0.0,"timestamp":1613506993,"path_taken":["M","?","?","?","?","R","E","R","T","M","?","?","M","?","R","BOSS","M","$","?","?","?","R","?","R","T","M","R","M","M","?","R","BOSS","M","?","?","?","?","R","E","R","T","?","M","E"],"items_purchased_type":["Card","Card","Relic"],"build_version":"2020-12-22","purchased_purges":1,"victory":false,"max_hp_per_floor":[89,94,94,94,94,94,94,94,94,94,94,94,94,94,94,94,94,94,94,94,94,94,94,94,94,94,94,94,94,94,94,94,94,94,94,94,94,94,94,94,94,94,94,94,94,94,94],"relic_stats":{"Centennial Puzzle":[33],"counters":[21,91],"Pantograph":21,"Necronomicon":[29],"Smiling Mask":0,"obtain_stats":[{"Blood Vial":7,"Centennial Puzzle":24,"Anchor":26,"SacredBark":17,"Pantograph":19,"Mark of Pain":34,"Incense Burner":9,"Necronomicon":20,"Bag of Marbles":41,"Toxic Egg 2":21,"Smiling Mask":43,"Burning Blood":0},{"Blood Vial":3,"Centennial Puzzle":8,"Anchor":8,"SacredBark":7,"Pantograph":8,"Mark of Pain":13,"Incense Burner":3,"Necronomicon":8,"Bag of Marbles":18,"Toxic Egg 2":8,"Smiling Mask":18,"Burning Blood":0},{"Blood Vial":12,"Centennial Puzzle":40,"Anchor":40,"SacredBark":36,"Pantograph":40,"Mark of Pain":61,"Incense Burner":12,"Necronomicon":40,"Bag of Marbles":81,"Toxic Egg 2":40,"Smiling Mask":81,"Burning Blood":0}],"Burning Blood":120},"card_choices":[{"not_picked":["Shockwave","Entrench"],"picked":"Flex","floor":1},{"not_picked":["Headbutt","Wild Strike"],"picked":"Flame Barrier","floor":5},{"not_picked":["Brutality","Sentinel"],"picked":"Metallicize","floor":7},{"not_picked":["Burning Pact","Anger"],"picked":"Clash","floor":10},{"not_picked":["Shockwave","True Grit"],"picked":"Sword Boomerang","floor":12},{"not_picked":["Pommel Strike","Perfected Strike"],"picked":"Spot Weakness","floor":13},{"not_picked":["Bludgeon","Reaper"],"picked":"Immolate","floor":16},{"not_picked":["Pommel Strike","Perfected Strike"],"picked":"Shrug It Off+1","floor":18},{"not_picked":["Warcry+1","Dropkick"],"picked":"Rage+1","floor":27},{"not_picked":["Dropkick","Body Slam"],"picked":"Burning Pact+1","floor":29},{"not_picked":["Second Wind+1","True Grit+1"],"picked":"Iron Wave+1","floor":30},{"not_picked":["Shrug It Off+1","Combust"],"picked":"Immolate","floor":31},{"not_picked":["Bludgeon","Reaper"],"picked":"Limit Break+1","floor":33},{"not_picked":["Searing Blow","Combust"],"picked":"Ghostly Armor+1","floor":35},{"not_picked":["Iron Wave","Wild Strike+1"],"picked":"Whirlwind","floor":37},{"not_picked":["Wild Strike","Perfected Strike"],"picked":"Rage+1","floor":38},{"not_picked":["Blood for Blood","Armaments+1"],"picked":"Flex+1","floor":39},{"not_picked":["Body Slam","Pummel"],"picked":"Anger+1","floor":41},{"not_picked":["Clothesline+1","Warcry+1"],"picked":"Heavy Blade+1","floor":44},{"not_picked":["Body Slam","Havoc+1"],"picked":"Flex+1","floor":45}],"player_experience":1555098,"relics_obtained":[{"floor":7,"key":"Blood Vial"},{"floor":9,"key":"Incense Burner"},{"floor":20,"key":"Necronomicon"},{"floor":24,"key":"Centennial Puzzle"},{"floor":26,"key":"Anchor"},{"floor":41,"key":"Bag of Marbles"},{"floor":43,"key":"Smiling Mask"}],"event_choices":[{"damage_healed":0,"gold_gain":0,"player_choice":"Bought 3 Potions","damage_taken":0,"max_hp_gain":0,"max_hp_loss":0,"event_name":"The Woman in Blue","floor":2,"gold_loss":0},{"damage_healed":0,"gold_gain":0,"player_choice":"Entered Light","damage_taken":28,"max_hp_gain":0,"max_hp_loss":0,"event_name":"Shining Light","floor":4,"gold_loss":0,"cards_upgraded":["Clash","Strike_R"]},{"damage_healed":0,"gold_gain":275,"player_choice":"Desecrate","damage_taken":0,"max_hp_gain":0,"max_hp_loss":0,"event_name":"Golden Shrine","floor":14,"gold_loss":0,"cards_obtained":["Regret"]},{"damage_healed":0,"gold_gain":0,"player_choice":"Obtained Book","damage_taken":21,"max_hp_gain":0,"max_hp_loss":0,"event_name":"Cursed Tome","floor":20,"gold_loss":0},{"damage_healed":0,"gold_gain":0,"player_choice":"Opened","damage_taken":0,"relics_obtained":["Toxic Egg 2"],"max_hp_gain":0,"max_hp_loss":0,"event_name":"The Mausoleum","floor":21,"gold_loss":0,"cards_obtained":["Writhe"]},{"damage_healed":0,"gold_gain":0,"player_choice":"Became a vampire (Vial)","damage_taken":0,"max_hp_gain":0,"max_hp_loss":0,"event_name":"Vampires","floor":22,"relics_lost":["Blood Vial"],"gold_loss":0,"cards_obtained":["Bite","Bite","Bite","Bite","Bite"]},{"cards_removed":["Writhe"],"damage_healed":0,"gold_gain":0,"player_choice":"Card Removal","damage_taken":0,"max_hp_gain":0,"max_hp_loss":0,"event_name":"Wheel of Change","floor":36,"gold_loss":0}],"is_beta":false,"boss_relics":[{"not_picked":["Runic Cube","Coffee Dripper"],"picked":"SacredBark"},{"not_picked":["Pandora\u0027s Box","Snecko Eye"],"picked":"Mark of Pain"}],"items_purged_floors":[19],"is_endless":false,"potions_floor_spawned":[1,5,12,16,27,38,39],"killed_by":"Giant Head","ascension_level":20}}