{"host":"wshey5htrz8rni6u","time":1613479799,"event":{"mods":["2.2 Compatiblity","BaseMod","Block Reminder","Colored Map","Colored Powertips","Current Relic Mod","Curses Come First","Dark Map","Key Reminder","Keyboard Shortcuts","Minty Spire (QoL Compilation)","Potion Indicator Mod","Quick Restart","Random Character Button","Relic Sorter","Relic Stats","StSLib","SuperFastMode","Unceasing Turn Reminder","UnlockEverythingMod","Weighted Paths"],"gold_per_floor":[14,14,89,104,158,158,194,194,220,256,256,271,294,13,13,139,202,178,178,93,93,18,18,36,36,36,75,115,115,148,162,162,285,285,306,362,376,138,163,163,1,34,108,146,146,479,529,540,540,540,540,540,36,63,63],"floor_reached":56,"language":"ENG","playtime":6215,"items_purged":["Strike_G","Well Laid Plans+1","Well Laid Plans+1","Night Terror"],"score":1491,"play_id":"3c2846c1-41b7-4a0c-813b-913ba024dec1","local_time":"20210216044959","is_ascension_mode":true,"campfire_choices":[{"data":"Neutralize","floor":6.0,"key":"SMITH"},{"data":"Well Laid Plans","floor":8.0,"key":"SMITH"},{"floor":11.0,"key":"REST"},{"data":"Terror","floor":15.0,"key":"SMITH"},{"data":"Well Laid Plans","floor":23.0,"key":"SMITH"},{"data":"Adrenaline","floor":25.0,"key":"SMITH"},{"data":"Footwork","floor":29.0,"key":"SMITH"},{"floor":32.0,"key":"REST"},{"floor":40,"key":"RECALL"},{"data":"Footwork","floor":45,"key":"SMITH"},{"floor":49,"key":"REST"},{"data":"Malaise","floor":52,"key":"SMITH"}],"circlet_count":0,"master_deck":["Strike_G+1","Strike_G+1","Defend_G","Defend_G","Defend_G","Defend_G+1","Defend_G","Survivor","Neutralize+1","Grand Finale","Dash","Footwork+1","Dagger Throw","Adrenaline+1","Terror+1","PiercingWail","Backstab","Acrobatics","Crippling Poison","Backstab+1","Prepared","Dodge and Roll","Malaise+1","PiercingWail","Blur+1","Terror+1","Footwork+1","Grand Finale","Outmaneuver+1","Caltrops","Die Die Die","Dodge and Roll","PiercingWail+1","Escape Plan","PiercingWail","Wraith Form v2","Prepared+1","Dodge and Roll","Deflect","Dash","Acrobatics"],"relics":["Ring of the Snake","Whetstone","Art of War","Akabeko","Bronze Scales","Tiny House","Potion Belt","Ornamental Fan","Centennial Puzzle","Lantern","Red Mask","Juzu Bracelet","Runic Pyramid","Incense Burner","Mummified Hand","Ninja Scroll","Strawberry","Lizard Tail","Orrery","CaptainsWheel"],"acts_visited":["Exordium","TheCity","TheBeyond","TheEnding"],"potions_floor_usage":[42,44,44,48,55],"damage_taken":[{"damage":0.0,"enemies":"2 Louse","floor":1.0,"turns":2.0},{"damage":0.0,"enemies":"Jaw Worm","floor":4.0,"turns":5.0},{"damage":15.0,"enemies":"3 Sentries","floor":7.0,"turns":5.0},{"damage":24.0,"enemies":"Gremlin Nob","floor":10.0,"turns":5.0},{"damage":0.0,"enemies":"Small Slimes","floor":12.0,"turns":2.0},{"damage":0.0,"enemies":"Blue Slaver","floor":13.0,"turns":4.0},{"damage":1.0,"enemies":"Slime Boss","floor":16.0,"turns":6.0},{"damage":6.0,"enemies":"2 Thieves","floor":18.0,"turns":5.0},{"damage":11.0,"enemies":"Spheric Guardian","floor":24.0,"turns":6.0},{"damage":1.0,"enemies":"Gremlin Leader","floor":27.0,"turns":7.0},{"damage":1.0,"enemies":"Masked Bandits","floor":28.0,"turns":4.0},{"damage":12.0,"enemies":"Book of Stabbing","floor":30.0,"turns":7.0},{"damage":2.0,"enemies":"Chosen and Byrds","floor":31.0,"turns":5.0},{"damage":17.0,"enemies":"Automaton","floor":33.0,"turns":8.0},{"damage":16.0,"enemies":"3 Darklings","floor":35.0,"turns":7.0},{"damage":9,"enemies":"2 Orb Walkers","floor":36,"turns":6},{"damage":0,"enemies":"3 Shapes","floor":37,"turns":5},{"damage":2,"enemies":"Sphere and 2 Shapes","floor":39,"turns":5},{"damage":14,"enemies":"Giant Head","floor":42,"turns":11},{"damage":0,"enemies":"Nemesis","floor":44,"turns":5},{"damage":0,"enemies":"Mind Bloom Boss Battle","floor":47,"turns":7},{"damage":0,"enemies":"Transient","floor":48,"turns":5},{"damage":11,"enemies":"Donu and Deca","floor":50,"turns":9},{"damage":4,"enemies":"Shield and Spear","floor":54,"turns":5},{"damage":10,"enemies":"The Heart","floor":55,"turns":11}],"seed_played":"-7385813290751339151","potions_obtained":[{"floor":1.0,"key":"ColorlessPotion"},{"floor":7.0,"key":"ColorlessPotion"},{"floor":12.0,"key":"SneckoOil"},{"floor":17.0,"key":"SneckoOil"},{"floor":18.0,"key":"GamblersBrew"},{"floor":24.0,"key":"Swift Potion"},{"floor":36,"key":"PowerPotion"},{"floor":37,"key":"Strength Potion"},{"floor":42,"key":"Block Potion"},{"floor":47,"key":"DistilledChaos"}],"is_trial":false,"path_per_floor":["M","?","?","M","T","R","E","R","T","E","R","M","M","$","R","B",null,"M","?","?","T","$","R","M","R","T","E","?","R","E","M","R","B",null,"M","?","M","$","M","R","$","E","T","E","R","?","?","M","R","B",null,"R","$","E","B",null],"character_chosen":"THE_SILENT","items_purchased":["Bronze Scales","PiercingWail","Well Laid Plans","Footwork","Grand Finale","Caltrops","PiercingWail","Orrery","Deflect","Dash","PowerPotion"],"campfire_rested":3,"item_purchase_floors":[14,14,22,38,38,41,53,53,53,53,53],"current_hp_per_floor":[70,65,54,54,54,54,39,39,39,15,34,34,34,34,34,33,70,64,64,64,64,64,64,53,53,53,52,51,51,39,37,58,41,70,54,45,45,45,43,43,43,29,29,36,36,36,36,36,59,48,77,77,77,73,63],"gold":63,"neow_bonus":"TRANSFORM_TWO_CARDS","is_daily":false,"chose_seed":false,"campfire_upgraded":8,"win_rate":0.0,"timestamp":1613479799,"path_taken":["M","?","?","M","?","R","E","R","T","E","R","M","M","$","R","BOSS","M","?","?","?","$","R","M","R","T","E","?","R","E","M","R","BOSS","M","?","M","$","M","R","$","E","T","E","R","?","?","M","R","BOSS","R","$","E","BOSS"],"items_purchased_type":["Relic","Card","Card","Card","Card","Card","Card","Relic","Card","Card","Potion"],"build_version":"2020-12-13","purchased_purges":4,"victory":true,"max_hp_per_floor":[70,65,65,65,65,65,65,65,65,65,65,65,65,65,65,65,70,70,70,70,70,70,70,70,70,70,70,70,70,70,70,70,70,70,70,70,70,70,70,70,70,70,70,77,77,77,77,77,77,77,77,77,77,77,77],"relic_stats":{"Centennial Puzzle":[36],"Lizard Tail":0,"counters":[25,147],"Ornamental Fan":[104],"Mummified Hand":[27],"Bronze Scales":[446],"Art of War":[25],"Juzu Bracelet":0,"Whetstone":["Strike_G","Strike_G"],"obtain_stats":[{"Potion Belt":20,"Lantern":27,"Tiny House":17,"Golden Idol":2,"Juzu Bracelet":30,"Incense Burner":36,"Whetstone":5,"Akabeko":10,"keyreminder:keyreminder":9,"Centennial Puzzle":26,"Lizard Tail":47,"CaptainsWheel":54,"Ornamental Fan":21,"Mummified Hand":42,"Ninja Scroll":43,"Bronze Scales":14,"Strawberry":44,"Orrery":53,"Art of War":7,"Red Mask":28,"Ring of the Snake":0,"Runic Pyramid":34},{"Potion Belt":8,"Lantern":10,"Tiny House":7,"Golden Idol":1,"Juzu Bracelet":12,"Incense Burner":16,"Whetstone":2,"Akabeko":4,"keyreminder:keyreminder":3,"Centennial Puzzle":9,"Lizard Tail":21,"CaptainsWheel":24,"Ornamental Fan":8,"Mummified Hand":19,"Ninja Scroll":19,"Bronze Scales":6,"Strawberry":20,"Orrery":23,"Art of War":3,"Red Mask":11,"Ring of the Snake":0,"Runic Pyramid":14},{"Potion Belt":34,"Lantern":47,"Tiny House":29,"Golden Idol":2,"Juzu Bracelet":58,"Incense Burner":84,"Whetstone":7,"Akabeko":17,"keyreminder:keyreminder":12,"Centennial Puzzle":40,"Lizard Tail":117,"CaptainsWheel":136,"Ornamental Fan":34,"Mummified Hand":105,"Ninja Scroll":105,"Bronze Scales":23,"Strawberry":110,"Orrery":131,"Art of War":12,"Red Mask":51,"Ring of the Snake":0,"Runic Pyramid":71}],"Ring of the Snake":[50]},"card_choices":[{"not_picked":["Catalyst","Prepared"],"picked":"Well Laid Plans","floor":1.0},{"not_picked":["Acrobatics","Leg Sweep"],"picked":"Footwork","floor":4.0},{"not_picked":["Sucker Punch","Slice"],"picked":"Dagger Throw","floor":7.0},{"not_picked":["Masterful Stab","Bouncing Flask","Blade Dance"],"picked":"SKIP","floor":10.0},{"not_picked":["Cloak And Dagger","Crippling Poison"],"picked":"Adrenaline","floor":12.0},{"not_picked":["Caltrops","Sucker Punch"],"picked":"Terror","floor":13.0},{"not_picked":["Storm of Steel","A Thousand Cuts"],"picked":"Night Terror","floor":16.0},{"not_picked":["Flying Knee","Deadly Poison"],"picked":"Backstab","floor":17.0},{"not_picked":["Flechettes","Underhanded Strike+1"],"picked":"Acrobatics","floor":18.0},{"not_picked":["Dodge and Roll","Sucker Punch"],"picked":"Backstab+1","floor":24.0},{"not_picked":["Poisoned Stab","All Out Attack","Tactician+1"],"picked":"SKIP","floor":27.0},{"not_picked":["Blur","Sucker Punch"],"picked":"Prepared","floor":28.0},{"not_picked":["Deadly Poison","Masterful Stab","Dagger Spray"],"picked":"SKIP","floor":30.0},{"not_picked":["Underhanded Strike","Prepared"],"picked":"Dodge and Roll","floor":31.0},{"not_picked":["Bullet Time","Grand Finale"],"picked":"Malaise","floor":33.0},{"not_picked":["Prepared","Quick Slash+1"],"picked":"PiercingWail","floor":35.0},{"not_picked":["Riddle With Holes","PiercingWail"],"picked":"Blur+1","floor":36},{"not_picked":["Predator","PiercingWail+1"],"picked":"Terror+1","floor":37},{"not_picked":["Sucker Punch","Noxious Fumes+1"],"picked":"Outmaneuver+1","floor":39},{"not_picked":["Unload","Masterful Stab+1"],"picked":"Die Die Die","floor":42},{"not_picked":["Riddle With Holes+1","Night Terror"],"picked":"Dodge and Roll","floor":44},{"not_picked":["Accuracy","Quick Slash+1"],"picked":"PiercingWail+1","floor":47},{"not_picked":["Accuracy","Expertise+1"],"picked":"Escape Plan","floor":48},{"not_picked":["Prepared+1","Phantasmal Killer"],"picked":"Wraith Form v2","floor":53},{"not_picked":["All Out Attack","Cloak And Dagger+1"],"picked":"Prepared+1","floor":53},{"not_picked":["Underhanded Strike+1","Poisoned Stab"],"picked":"Dodge and Roll","floor":53},{"not_picked":["Dagger Spray","PiercingWail"],"picked":"Acrobatics","floor":54}],"player_experience":77222,"relics_obtained":[{"floor":5.0,"key":"Whetstone"},{"floor":7.0,"key":"Art of War"},{"floor":10.0,"key":"Akabeko"},{"floor":21.0,"key":"Ornamental Fan"},{"floor":26.0,"key":"Centennial Puzzle"},{"floor":27.0,"key":"Lantern"},{"floor":28.0,"key":"Red Mask"},{"floor":30.0,"key":"Juzu Bracelet"},{"floor":36,"key":"Incense Burner"},{"floor":42,"key":"Mummified Hand"},{"floor":43,"key":"Ninja Scroll"},{"floor":44,"key":"Strawberry"},{"floor":47,"key":"Lizard Tail"},{"floor":54,"key":"CaptainsWheel"}],"event_choices":[{"damage_healed":0.0,"max_hp_gain":0.0,"max_hp_loss":5.0,"gold_gain":0.0,"event_name":"Golden Idol","player_choice":"Lose Max HP","floor":2.0,"gold_loss":0.0,"damage_taken":0.0,"relics_obtained":["Golden Idol"]},{"damage_healed":0.0,"max_hp_gain":0.0,"max_hp_loss":0.0,"gold_gain":75.0,"event_name":"World of Goop","player_choice":"Gather Gold","floor":3.0,"gold_loss":0.0,"damage_taken":11.0},{"damage_healed":0.0,"max_hp_gain":0.0,"max_hp_loss":0.0,"gold_gain":0.0,"event_name":"The Library","player_choice":"Read","floor":19.0,"gold_loss":0.0,"damage_taken":0.0,"cards_obtained":["Crippling Poison"]},{"damage_healed":0.0,"max_hp_gain":0.0,"max_hp_loss":0.0,"gold_gain":0.0,"event_name":"Addict","player_choice":"Obtained Relic","floor":20.0,"gold_loss":85.0,"damage_taken":0.0,"relics_obtained":["Potion Belt"]},{"damage_healed":0.0,"max_hp_gain":0.0,"max_hp_loss":0.0,"gold_gain":0.0,"event_name":"Masked Bandits","player_choice":"Fought Bandits","floor":28.0,"gold_loss":0.0,"damage_taken":0.0},{"damage_healed":0,"gold_gain":0,"player_choice":"Fight","damage_taken":0,"max_hp_gain":0,"max_hp_loss":0,"event_name":"Mysterious Sphere","floor":36,"gold_loss":0},{"damage_healed":0,"gold_gain":333,"player_choice":"Gave Idol","damage_taken":0,"max_hp_gain":0,"max_hp_loss":0,"event_name":"The Moai Head","floor":46,"relics_lost":["Golden Idol"],"gold_loss":0},{"damage_healed":0,"gold_gain":0,"player_choice":"Fight","damage_taken":0,"max_hp_gain":0,"max_hp_loss":0,"event_name":"MindBloom","floor":47,"gold_loss":0}],"is_beta":false,"boss_relics":[{"not_picked":["Philosopher\u0027s Stone","Pandora\u0027s Box"],"picked":"Tiny House"},{"not_picked":["Runic Dome","WristBlade"],"picked":"Runic Pyramid"}],"items_purged_floors":[14,38,41,53],"is_endless":false,"potions_floor_spawned":[1,7,12,18,24,36,37,42,47],"ascension_level":4}}