{"host":"pft5kheyb7v7gger","time":1613467682,"event":{"mods":["Act Like it!","BaseMod","Downfall","Energized Spire","LagranYue(拉格朗・月)","Lobotomy","LobotomyExtend","Minty Spire (QoL Compilation)","Replay The Spire","StSLib","【遗物卡牌】REMEMod"],"gold_per_floor":[0,14,27,43,43,69,93,193,93,93,127,127,139,165,188,284,284,184,202,202,221,221,221,221,221,235,235,255,255,282,282,300,395,395,395,415,467,36,36,311,311,326,346,26,26,76,76,44,57,57,57],"floor_reached":52,"language":"ZHS","playtime":2916,"items_purged":["Regret"],"score":805,"play_id":"c86df7fe-7e01-424f-9aba-858806a75fc3","local_time":"20210216172802","is_ascension_mode":false,"campfire_choices":[{"floor":1.0,"key":"RECALL"},{"floor":9.0,"key":"REST"},{"floor":23.0,"key":"REST"},{"data":"sneckomod:SerpentIdol","floor":27.0,"key":"SMITH"},{"floor":29.0,"key":"REST"},{"floor":35.0,"key":"DIG"},{"floor":45,"key":"REST"},{"floor":47,"key":"REST"}],"circlet_count":0,"master_deck":["hexamod:Defend","hexamod:Defend","hexamod:Defend+1","hexamod:Sear+1","hexamod:Float","sneckomod:SerpentIdol+1","hexamod:BurningTouch","hexamod:GhostLash+1","hexamod:SpectersWail+1","hexamod:SpectralAdrenaline","hexamod:UnleashSpirits","hexamod:HauntingEcho","hexamod:HeatMetal+1","hexamod:GhostShield+1","hexamod:InspiringFlames+1","hexamod:FirstSeal","Slimebound:Tackle+1","Slimebound:Tackle+1","Slimebound:Tackle+1","hexamod:EtherealExpedition+1","hexamod:FlamesFromBeyond","hexamod:HeatShield","hexamod:Haunt+1","hexamod:PhantomCloak+1","hexamod:SixthSeal","hexamod:HeatCrush","hexamod:GiftsFromTheDead","hexamod:GhostOfSpirePresent","hexamod:RetreatToShadows+1","hexamod:FirstSeal","hexamod:FlamesFromBeyond+1","hexamod:RadiantFlame+1","Panache+1","hexamod:DynamicBlow+1","hexamod:Incineration+1","Parasite","hexamod:GhostLash+1","hexamod:GhostLash+1","expansioncontent:DashGenerateEvil","hexamod:SwordOfDarkness+1","hexamod:ForkedFlame","hexamod:ThermalTransfer+1","hexamod:UnlimitedPower","Dark Shackles","Secret Technique","hexamod:BacktrackSmack"],"relics":["hexamod:SpiritBrand","REME_ComplimentaryCards","LagranYue:RandomDrawCardRelic","LetterFromLob","Juzu Bracelet","Centennial Puzzle","downfall:HeartBlessingRed","Pocketwatch","Black Star","downfall:HeartBlessingGreen","GremlinMask","Gremlin Horn","Durian","Art of War","Philosopher\u0027s Stone","Divine Protection","hexamod:TheBrokenSeal","WingedGreaves","OrangePellets","Incense Burner","Dead Branch"],"acts_visited":["Exordium","TheCity","TheBeyond"],"potions_floor_usage":[37,46],"damage_taken":[{"damage":7.0,"enemies":"2 Louse","floor":2.0,"turns":3.0},{"damage":6.0,"enemies":"Jaw Worm","floor":3.0,"turns":3.0},{"damage":0.0,"enemies":"Small Slimes","floor":4.0,"turns":3.0},{"damage":59.0,"enemies":"Gremlin Nob","floor":6.0,"turns":6.0},{"damage":13.0,"enemies":"3 Sentries","floor":11.0,"turns":5.0},{"damage":8.0,"enemies":"3 Louse","floor":13.0,"turns":3.0},{"damage":5.0,"enemies":"downfall:LooterAlt","floor":14.0,"turns":2.0},{"damage":15.0,"enemies":"Exordium Thugs","floor":15.0,"turns":3.0},{"damage":19.0,"enemies":"DF_ARCHETYPE_STREAMLINE","floor":16.0,"turns":4.0},{"damage":39.0,"enemies":"Shell Parasite","floor":19.0,"turns":5.0},{"damage":20.0,"enemies":"Spheric Guardian","floor":21.0,"turns":5.0},{"damage":10.0,"enemies":"Shelled Parasite and Fungi","floor":26.0,"turns":5.0},{"damage":17.0,"enemies":"3 Cultists","floor":28.0,"turns":5.0},{"damage":28.0,"enemies":"Book of Stabbing","floor":30.0,"turns":5.0},{"damage":1.0,"enemies":"Snecko","floor":32.0,"turns":3.0},{"damage":51.0,"enemies":"WA_ARCHETYPE_CALM","floor":33.0,"turns":7.0},{"damage":22.0,"enemies":"3 Shapes","floor":36.0,"turns":5.0},{"damage":58,"enemies":"2 Orb Walkers","floor":37,"turns":7},{"damage":0,"enemies":"downfall:FleeingMerchant","floor":38,"turns":4},{"damage":5,"enemies":"Orb Walker","floor":42,"turns":3},{"damage":29,"enemies":"Writhing Mass","floor":43,"turns":5},{"damage":0,"enemies":"downfall:FleeingMerchant","floor":44,"turns":4},{"damage":35,"enemies":"downfall:FleeingMerchant","floor":46,"turns":5},{"damage":0,"enemies":"downfall:FleeingMerchant","floor":48,"turns":1},{"damage":0,"enemies":"Sphere and 2 Shapes","floor":49,"turns":1},{"damage":0,"enemies":"SI_POISON_ARCHETYPE","floor":50,"turns":8}],"seed_played":"7074196398124356582","potions_obtained":[{"floor":3.0,"key":"Ancient Potion"},{"floor":4.0,"key":"Block Potion"},{"floor":13.0,"key":"Fire Potion"},{"floor":15.0,"key":"Adrenaline Potion"},{"floor":20.0,"key":"CultistPotion"},{"floor":26.0,"key":"ColorlessPotion"},{"floor":33.0,"key":"EssenceOfSteel"},{"floor":37,"key":"REME_GoldPotion"},{"floor":43,"key":"SkillPotion"},{"floor":49,"key":"AttackPotion"}],"is_trial":false,"path_per_floor":["R","M","M","M","?","E","T","?","R","?","E","?","M","M","M","B",null,"R","M","?","M","?","R","T","?","M","R","M","R","E","?","M","B",null,"R","M","?","$","?","?","T","M","M","$","R","?","R","$","M","B",null,null],"character_chosen":"THE_SPIRIT","items_purchased":["OrangePellets","Panache","hexamod:DynamicBlow","expansioncontent:DashGenerateEvil","hexamod:SwordOfDarkness+1","hexamod:UnlimitedPower","Dark Shackles","Secret Technique"],"campfire_rested":5,"item_purchase_floors":[38,38,38,44,44,48,48,48],"current_hp_per_floor":[84,77,71,71,71,12,12,12,37,65,52,52,44,39,31,12,84,84,52,52,39,39,64,64,64,68,68,58,83,74,74,73,22,89,89,81,72,72,72,72,72,67,52,59,88,60,89,89,96,96,96],"gold":57,"neow_bonus":"TWENTY_PERCENT_HP_BONUS","is_daily":false,"chose_seed":false,"campfire_upgraded":1,"win_rate":0.0,"timestamp":1613467682,"path_taken":["R","M","M","M","?","E","T","?","R","?","E","?","M","M","M","BOSS","R","M","?","M","?","R","T","?","M","R","M","R","E","?","M","BOSS","R","M","?","$","?","?","T","M","M","?","R","?","R","$","M","BOSS"],"items_purchased_type":["Relic","Card","Card","Card","Card","Card","Card","Card"],"build_version":"2020-12-22","purchased_purges":1,"victory":true,"max_hp_per_floor":[84,84,84,84,84,84,84,84,84,84,84,84,84,84,84,84,84,84,84,84,84,84,84,84,84,84,84,84,84,89,89,89,89,89,89,89,99,99,99,99,99,99,99,99,99,99,99,99,99,99,99],"card_choices":[{"not_picked":["hexamod:PowerFromBeyond","hexamod:AdvancingGuard"],"picked":"hexamod:BurningTouch","floor":2.0},{"not_picked":["hexamod:SwordOfDarkness","hexamod:EmpoweredFlame"],"picked":"hexamod:GhostLash","floor":3.0},{"not_picked":["hexamod:BacktrackSmack","hexamod:HeatMetal"],"picked":"hexamod:SpectersWail","floor":4.0},{"not_picked":["hexamod:UnlimitedPower","hexamod:RadiantFlame"],"picked":"hexamod:SpectralAdrenaline","floor":6.0},{"not_picked":["hexamod:RecurringNightmare","hexamod:BurningTouch"],"picked":"hexamod:UnleashSpirits","floor":11.0},{"not_picked":["hexamod:SwordOfDarkness","hexamod:NightmareGuise"],"picked":"hexamod:SecondSeal","floor":13.0},{"not_picked":["hexamod:BurningTouch","hexamod:ThermalTransfer"],"picked":"hexamod:FirstSeal","floor":14.0},{"not_picked":["hexamod:GhostLash","hexamod:FastForward"],"picked":"hexamod:HauntingEcho","floor":15.0},{"not_picked":["hexamod:VolcanoVisage","hexamod:TurnItUp"],"picked":"hexamod:FifthSeal","floor":16.0},{"not_picked":["hexamod:FourthSeal","hexamod:SecondSeal"],"picked":"hexamod:ThirdSeal","floor":19.0},{"not_picked":["hexamod:BacktrackSmack","hexamod:FastForward"],"picked":"hexamod:GhostShield","floor":19.0},{"not_picked":["hexamod:BurningTouch","hexamod:NightmareGuise"],"picked":"hexamod:InspiringFlames","floor":21.0},{"not_picked":["hexamod:ThirdSeal","hexamod:SecondSeal"],"picked":"hexamod:FirstSeal","floor":21.0},{"not_picked":["hexamod:ThermalTransfer","hexamod:BurningTouch"],"picked":"hexamod:EtherealExpedition+1","floor":26.0},{"not_picked":["hexamod:AdvancingGuard","hexamod:ThermalTransfer"],"picked":"hexamod:FlamesFromBeyond","floor":26.0},{"not_picked":["hexamod:FirstSeal","hexamod:FourthSeal"],"picked":"hexamod:SixthSeal","floor":28.0},{"not_picked":["hexamod:InspiringFlames","hexamod:ThirdSeal"],"picked":"hexamod:HeatShield","floor":28.0},{"not_picked":["hexamod:GhostOfSpireFuture","hexamod:HauntingEcho"],"picked":"hexamod:Haunt","floor":28.0},{"not_picked":["hexamod:ThermalTransfer","hexamod:HauntingEcho+1"],"picked":"hexamod:PhantomCloak+1","floor":30.0},{"not_picked":["hexamod:ThirdSeal","hexamod:SecondSeal"],"picked":"hexamod:SixthSeal","floor":32.0},{"not_picked":["hexamod:InspiringFlames","hexamod:ThermalTransfer+1"],"picked":"hexamod:HeatCrush","floor":32.0},{"not_picked":["hexamod:ParanormalForm","hexamod:TimeOfNeed"],"picked":"hexamod:GiftsFromTheDead","floor":33.0},{"not_picked":["hexamod:ThirdSeal","hexamod:FirstSeal"],"picked":"hexamod:FourthSeal","floor":36.0},{"not_picked":["hexamod:SoulSteal","hexamod:ThermalTransfer+1"],"picked":"hexamod:GhostOfSpirePresent","floor":36.0},{"not_picked":["hexamod:GhostLash","hexamod:HeatMetal+1"],"picked":"hexamod:RetreatToShadows+1","floor":36.0},{"not_picked":["hexamod:SixthSeal","hexamod:FourthSeal"],"picked":"hexamod:FirstSeal","floor":37},{"not_picked":["hexamod:Firestarter","hexamod:HeatMetal+1"],"picked":"hexamod:FlamesFromBeyond+1","floor":37},{"not_picked":["hexamod:Haunt+1","hexamod:SpectersWail"],"picked":"hexamod:RadiantFlame+1","floor":38},{"not_picked":["hexamod:BacktrackSmack+1","hexamod:InspiringFlames+1"],"picked":"hexamod:Incineration+1","floor":42},{"not_picked":["hexamod:NightmareStrike+1","hexamod:SpectersWail+1"],"picked":"hexamod:GhostLash+1","floor":43},{"not_picked":["hexamod:SwordOfDarkness+1","hexamod:InspiringFlames+1"],"picked":"hexamod:GhostLash+1","floor":44},{"not_picked":["hexamod:StepThrough","hexamod:Hexaguard+1"],"picked":"hexamod:ForkedFlame","floor":46},{"not_picked":["hexamod:FourthSeal","hexamod:SwordOfDarkness"],"picked":"hexamod:ThermalTransfer+1","floor":48},{"not_picked":["hexamod:FastForward+1","hexamod:Firestarter+1"],"picked":"hexamod:BacktrackSmack","floor":49}],"player_experience":295949,"relics_obtained":[{"floor":2.0,"key":"LetterFromLob"},{"floor":6.0,"key":"Juzu Bracelet"},{"floor":7.0,"key":"Centennial Puzzle"},{"floor":11.0,"key":"Pocketwatch"},{"floor":24.0,"key":"Gremlin Horn"},{"floor":30.0,"key":"Durian"},{"floor":30.0,"key":"Art of War"},{"floor":35.0,"key":"Divine Protection"},{"floor":37,"key":"WingedGreaves"},{"floor":41,"key":"Incense Burner"},{"floor":46,"key":"Dead Branch"}],"event_choices":[{"damage_healed":28.0,"max_hp_gain":0.0,"max_hp_loss":0.0,"gold_gain":0.0,"event_name":"Big Fish","player_choice":"Banana","floor":10.0,"gold_loss":0.0,"damage_taken":0.0},{"damage_healed":0.0,"max_hp_gain":0.0,"max_hp_loss":0.0,"gold_gain":0.0,"event_name":"FaceTrader","player_choice":"Trade","floor":22.0,"gold_loss":0.0,"damage_taken":0.0,"relics_obtained":["GremlinMask"]},{"damage_healed":0,"gold_gain":0,"player_choice":"Fight","damage_taken":0,"max_hp_gain":0,"max_hp_loss":0,"event_name":"Mysterious Sphere","floor":37,"gold_loss":0}],"is_beta":false,"boss_relics":[{"not_picked":["Velvet Choker","energizedSpire:OgreHead"],"picked":"Black Star"},{"not_picked":["energizedSpire:MagnifyingGlass","energizedSpire:SpiderWeb"],"picked":"Philosopher\u0027s Stone"}],"items_purged_floors":[44],"is_endless":false,"potions_floor_spawned":[3,4,13,15,26,33,37,43,49],"ascension_level":0}}