{"host":"cpsutu8lprjuipd6","time":1613455225,"event":{"mods":["BaseMod","Colored Map","Minty Spire (QoL Compilation)","Permanent Neow","StSLib","SuperFastMode","The Bug Knight","Together in Spire"],"gold_per_floor":[109,127,145,145,72,72,72,91,91,191,211,226,226,226,226,327,327,342,342,342,342,360,387,302,338,364,364,382,420,420,420],"floor_reached":30,"language":"KOR","playtime":1451,"items_purged":[],"score":290,"play_id":"4d493bdc-1ecc-40f0-b373-ef3b503f4dea","local_time":"20210216150025","is_ascension_mode":true,"campfire_choices":[{"floor":6,"key":"REST"},{"data":"Infinite Blades","floor":13,"key":"SMITH"},{"data":"Finisher","floor":15,"key":"SMITH"},{"floor":27,"key":"RECALL"}],"circlet_count":0,"master_deck":["Strike_G","Strike_G","Defend_G","Defend_G","Defend_G","Survivor","Neutralize","Riddle With Holes","Backflip","Blade Dance","Slice","Leg Sweep","Infinite Blades+1","Finisher","Blade Dance","Finisher+1","Unload","Backflip","RitualDagger","Endless Agony","Blade Dance","Infinite Blades","Prepared+1","Escape Plan","Envenom","Poisoned Stab"],"relics":["Ring of the Snake","NlothsMask","SlaversCollar","Pantograph","CeramicFish","Toy Ornithopter","Bag of Preparation","Torii"],"acts_visited":["Exordium","TheCity"],"potions_floor_usage":[25,30],"damage_taken":[{"damage":3,"enemies":"Jaw Worm","floor":1,"turns":3},{"damage":1,"enemies":"Cultist","floor":2,"turns":3},{"damage":5,"enemies":"2 Louse","floor":3,"turns":2},{"damage":0,"enemies":"Gremlin Gang","floor":8,"turns":5},{"damage":7,"enemies":"Blue Slaver","floor":11,"turns":4},{"damage":0,"enemies":"Red Slaver","floor":12,"turns":4},{"damage":25,"enemies":"The Guardian","floor":16,"turns":13},{"damage":2,"enemies":"Chosen","floor":18,"turns":4},{"damage":0,"enemies":"Spheric Guardian","floor":22,"turns":3},{"damage":8,"enemies":"HollowMod:Nosk","floor":23,"turns":5},{"damage":8,"enemies":"Gremlin Leader","floor":25,"turns":5},{"damage":42,"enemies":"Book of Stabbing","floor":29,"turns":4},{"damage":23,"enemies":"Cultist and Chosen","floor":30,"turns":4}],"seed_played":"-4913196579756323737","potions_obtained":[{"floor":11,"key":"Fire Potion"},{"floor":12,"key":"CultistPotion"},{"floor":22,"key":"Fire Potion"},{"floor":25,"key":"FearPotion"}],"is_trial":false,"path_per_floor":["M","M","M","?","$","R","?","M","T","?","M","M","R","$","R","B",null,"M","?","?","?","M","E","?","E","T","R","?","E","M"],"character_chosen":"THE_SILENT","items_purchased":["Infinite Blades"],"campfire_rested":1,"item_purchase_floors":[5],"current_hp_per_floor":[46,45,40,40,40,61,61,61,61,61,54,54,54,54,54,29,70,68,68,62,62,62,54,54,46,46,46,46,4,0,0],"gold":420,"neow_bonus":"TRANSFORM_TWO_CARDS","is_daily":false,"chose_seed":false,"campfire_upgraded":2,"win_rate":0.0,"timestamp":1613455225,"path_taken":["M","M","M","?","?","R","?","?","T","?","M","?","R","$","R","BOSS","M","?","?","?","?","E","?","E","T","R","?","E","M"],"items_purchased_type":["Card"],"build_version":"2020-12-22","purchased_purges":0,"victory":false,"max_hp_per_floor":[70,70,70,70,70,70,70,70,70,70,70,70,70,70,70,70,70,70,70,70,70,70,70,70,70,70,70,70,70,70,70],"card_choices":[{"not_picked":["Quick Slash","Slice"],"picked":"Blade Dance","floor":1},{"not_picked":["PiercingWail","Underhanded Strike"],"picked":"Slice","floor":2},{"not_picked":["Bane","PiercingWail"],"picked":"Leg Sweep","floor":3},{"not_picked":["Crippling Poison","Corpse Explosion"],"picked":"Finisher","floor":8},{"not_picked":["Bane","Dodge and Roll"],"picked":"Blade Dance","floor":11},{"not_picked":["Crippling Poison","Backflip"],"picked":"Finisher","floor":12},{"not_picked":["Burst","After Image"],"picked":"Unload","floor":16},{"not_picked":["Bane","Blade Dance+1"],"picked":"Backflip","floor":18},{"not_picked":["Skewer+1","Quick Slash"],"picked":"Blade Dance","floor":22},{"not_picked":["Dagger Throw","Caltrops"],"picked":"Infinite Blades","floor":23},{"not_picked":["Slice+1","Dodge and Roll+1"],"picked":"Prepared+1","floor":25},{"not_picked":["Blur","Deadly Poison"],"picked":"Poisoned Stab","floor":29}],"player_experience":100501,"relics_obtained":[{"floor":23,"key":"Pantograph"},{"floor":25,"key":"Toy Ornithopter"},{"floor":26,"key":"Bag of Preparation"},{"floor":29,"key":"Torii"}],"event_choices":[{"cards_removed":["Strike_G"],"damage_healed":0,"gold_gain":0,"player_choice":"Purged","damage_taken":0,"max_hp_gain":0,"max_hp_loss":0,"event_name":"Purifier","floor":4,"gold_loss":0},{"damage_healed":0,"gold_gain":0,"player_choice":"Trade","damage_taken":0,"relics_obtained":["NlothsMask"],"max_hp_gain":0,"max_hp_loss":0,"event_name":"FaceTrader","floor":7,"gold_loss":0},{"damage_healed":0,"gold_gain":100,"player_choice":"Gold","damage_taken":0,"max_hp_gain":0,"max_hp_loss":0,"event_name":"Wheel of Change","floor":10,"gold_loss":0},{"damage_healed":0,"gold_gain":0,"player_choice":"Ignored","damage_taken":0,"max_hp_gain":0,"max_hp_loss":0,"event_name":"Vampires","floor":19,"gold_loss":0},{"damage_healed":0,"gold_gain":0,"player_choice":"Joined the Cult","damage_taken":6,"max_hp_gain":0,"max_hp_loss":0,"event_name":"Nest","floor":20,"gold_loss":0,"cards_obtained":["RitualDagger"]},{"damage_healed":0,"gold_gain":0,"player_choice":"Read","damage_taken":0,"max_hp_gain":0,"max_hp_loss":0,"event_name":"The Library","floor":21,"gold_loss":0,"cards_obtained":["Endless Agony"]},{"damage_healed":0,"gold_gain":0,"player_choice":"Obtained Relic","damage_taken":0,"relics_obtained":["CeramicFish"],"max_hp_gain":0,"max_hp_loss":0,"event_name":"Addict","floor":24,"gold_loss":85},{"damage_healed":0,"gold_gain":0,"cards_transformed":["Strike_G","Defend_G"],"player_choice":"Became Test Subject","damage_taken":0,"max_hp_gain":0,"max_hp_loss":0,"event_name":"Drug Dealer","floor":28,"gold_loss":0,"cards_obtained":["Escape Plan","Envenom"]}],"is_beta":false,"boss_relics":[{"not_picked":["Tiny House","Empty Cage"],"picked":"SlaversCollar"}],"items_purged_floors":[],"is_endless":false,"potions_floor_spawned":[11,12,22,23,25],"killed_by":"Cultist and Chosen","ascension_level":1}}