{"host":"a6ztjasp7lxlo10n","time":1613460948,"event":{"mods":["Act Like it!","BaseMod","Colored Map","Marisa£®ÏF”Í°°ƒß¿Ì…≥£©","Minty Spire (QoL Compilation)","Quick Restart","StSLib","SuperFastMode"],"gold_per_floor":[117,127,137,15,15,49,49,79,104,104,135,149,184,198,198,303,303,320,320,320,331,349,349,364,398,398,418,418,418,318,335,335,335,335],"floor_reached":33,"language":"ZHS","playtime":1156,"items_purged":["Strike_R","Strike_R"],"score":416,"play_id":"32113898-d149-4548-980f-4d577828c917","local_time":"20210216153548","is_ascension_mode":true,"campfire_choices":[{"data":"Armaments","floor":10.0,"key":"SMITH"},{"data":"Body Slam","floor":15.0,"key":"SMITH"},{"floor":23.0,"key":"REST"},{"floor":28,"key":"REST"},{"floor":32,"key":"REST"}],"circlet_count":0,"master_deck":["Strike_R","Strike_R","Strike_R","Defend_R","Defend_R","Defend_R","Defend_R","Bash","Body Slam+1","Inflame","Armaments+1","Shockwave","Disarm","Dropkick","Shrug It Off","Corruption","Pommel Strike","Offering"],"relics":["Burning Blood","NeowsBlessing","Toy Ornithopter","Lantern","Akabeko","Sundial","Regal Pillow","Fusion Hammer","White Beast Statue","Mummified Hand"],"acts_visited":["Exordium","TheCity"],"potions_floor_usage":[],"damage_taken":[{"damage":0.0,"enemies":"Cultist","floor":1.0,"turns":1.0},{"damage":0.0,"enemies":"2 Louse","floor":2.0,"turns":1.0},{"damage":0.0,"enemies":"Jaw Worm","floor":3.0,"turns":1.0},{"damage":2.0,"enemies":"Gremlin Nob","floor":6.0,"turns":3.0},{"damage":59.0,"enemies":"3 Sentries","floor":8.0,"turns":13.0},{"damage":7.0,"enemies":"Gremlin Nob","floor":11.0,"turns":4.0},{"damage":0.0,"enemies":"Large Slime","floor":12.0,"turns":5.0},{"damage":18.0,"enemies":"Lagavulin","floor":13.0,"turns":7.0},{"damage":2.0,"enemies":"Looter","floor":14.0,"turns":3.0},{"damage":8.0,"enemies":"Hexaghost","floor":16.0,"turns":9.0},{"damage":2.0,"enemies":"Shell Parasite","floor":18.0,"turns":5.0},{"damage":19.0,"enemies":"2 Thieves","floor":21.0,"turns":4.0},{"damage":19.0,"enemies":"Cultist and Chosen","floor":22.0,"turns":8.0},{"damage":2.0,"enemies":"Snecko","floor":24.0,"turns":4.0},{"damage":43,"enemies":"Book of Stabbing","floor":25,"turns":7},{"damage":32,"enemies":"Snake Plant","floor":27,"turns":4},{"damage":15,"enemies":"Centurion and Healer","floor":31,"turns":4},{"damage":55,"enemies":"Automaton","floor":33,"turns":6}],"seed_played":"-7984624336116786615","potions_obtained":[{"floor":2.0,"key":"DistilledChaos"},{"floor":5.0,"key":"Energy Potion"},{"floor":5.0,"key":"EntropicBrew"},{"floor":11.0,"key":"BloodPotion"},{"floor":18.0,"key":"SneckoOil"},{"floor":21.0,"key":"Energy Potion"},{"floor":27,"key":"BlessingOfTheForge"}],"is_trial":false,"path_per_floor":["M","M","M","$","?","E","$","E","T","R","E","M","E","M","R","B",null,"M","?","?","M","M","R","M","E","T","M","R","?","$","M","R","B"],"character_chosen":"IRONCLAD","items_purchased":["Armaments"],"campfire_rested":3,"item_purchase_floors":[4],"current_hp_per_floor":[78,80,80,80,80,80,80,27,27,27,31,37,25,29,29,58,75,79,79,79,66,53,80,80,43,43,17,56,41,41,32,72,17,17],"gold":335,"neow_bonus":"THREE_ENEMY_KILL","is_daily":false,"chose_seed":false,"campfire_upgraded":2,"win_rate":0.0,"timestamp":1613460948,"path_taken":["M","?","M","$","?","E","?","E","T","R","E","?","E","M","R","BOSS","M","?","?","M","M","R","M","E","T","M","R","?","?","M","R","BOSS"],"items_purchased_type":["Card"],"build_version":"2020-12-22","purchased_purges":2,"victory":false,"max_hp_per_floor":[80,80,80,80,80,80,80,80,80,80,80,80,80,80,80,80,80,80,80,80,80,80,80,80,80,80,80,80,85,85,85,85,85,85],"card_choices":[{"not_picked":["Iron Wave","Anger"],"picked":"Body Slam","floor":1.0},{"not_picked":["Wild Strike","Pommel Strike"],"picked":"Inflame","floor":2.0},{"not_picked":["Clothesline","Headbutt","Thunderclap"],"picked":"SKIP","floor":3.0},{"not_picked":["Seeing Red","Wild Strike"],"picked":"Shockwave","floor":6.0},{"not_picked":["Wild Strike","Thunderclap","Burning Pact"],"picked":"SKIP","floor":8.0},{"not_picked":["Dual Wield","Flex"],"picked":"Disarm","floor":11.0},{"not_picked":["Cleave","Clash"],"picked":"Dropkick","floor":12.0},{"not_picked":["Sword Boomerang","Perfected Strike","Rupture"],"picked":"SKIP","floor":13.0},{"not_picked":["Fiend Fire","Perfected Strike"],"picked":"Shrug It Off","floor":14.0},{"not_picked":["Juggernaut","Impervious"],"picked":"Corruption","floor":16.0},{"not_picked":["Infernal Blade","Hemokinesis+1","Twin Strike"],"picked":"SKIP","floor":18.0},{"not_picked":["Sword Boomerang","Headbutt","Bloodletting"],"picked":"SKIP","floor":21.0},{"not_picked":["Reckless Charge","Seeing Red","Shrug It Off"],"picked":"SKIP","floor":22.0},{"not_picked":["Shrug It Off","Twin Strike","Dual Wield+1"],"picked":"SKIP","floor":24.0},{"not_picked":["Shockwave","Body Slam+1","Carnage"],"picked":"SKIP","floor":25},{"not_picked":["Sentinel","Body Slam"],"picked":"Offering","floor":27},{"not_picked":["Wild Strike","Body Slam","Warcry"],"picked":"SKIP","floor":31}],"player_experience":333553,"relics_obtained":[{"floor":6.0,"key":"Toy Ornithopter"},{"floor":8.0,"key":"Lantern"},{"floor":9.0,"key":"Akabeko"},{"floor":11.0,"key":"Sundial"},{"floor":13.0,"key":"Regal Pillow"},{"floor":25,"key":"White Beast Statue"},{"floor":26,"key":"Mummified Hand"}],"event_choices":[{"damage_healed":0.0,"max_hp_gain":0.0,"max_hp_loss":0.0,"gold_gain":0.0,"event_name":"Lab","player_choice":"Got Potions","floor":5.0,"gold_loss":0.0,"damage_taken":0.0},{"damage_healed":0.0,"max_hp_gain":0.0,"max_hp_loss":0.0,"gold_gain":0.0,"event_name":"The Mausoleum","player_choice":"Ignored","floor":19.0,"gold_loss":0.0,"damage_taken":0.0},{"damage_healed":0.0,"max_hp_gain":0.0,"max_hp_loss":0.0,"gold_gain":0.0,"event_name":"The Library","player_choice":"Read","floor":20.0,"gold_loss":0.0,"damage_taken":0.0,"cards_obtained":["Pommel Strike"]},{"damage_healed":0,"gold_gain":0,"player_choice":"Shed Blood","damage_taken":20,"max_hp_gain":5,"max_hp_loss":0,"event_name":"Forgotten Altar","floor":29,"gold_loss":0}],"is_beta":false,"boss_relics":[{"not_picked":["Tiny House","Runic Cube"],"picked":"Fusion Hammer"}],"items_purged_floors":[4,30],"is_endless":false,"potions_floor_spawned":[2,11,12,13,18,21,27,31],"killed_by":"Automaton","ascension_level":8}}