{"host":"clf2hd4adhiiw0zf","time":1613445090,"event":{"mods":["AchievementEnabler","BaseMod","Beaked The Cultist","Bestiary","Dark Map","Downfall","Gremlin Mod","Hermit","Jorbs\u0027s Wanderer Trilogy","Marisa????????","Minty Spire (QoL Compilation)","Shop Mod","StSLib","The Cursed","Wide Potions"],"gold_per_floor":[99,113,113,132,132,163,163,63,73,100,0,34,44,144,158,230,230,230,247,258,283,283,309,309,11,38,54,54,15,15,15,25,99,99,99,110,123,123,123,134,134,134,146,173,186,221,121,155,165,165,165,190,27,27,27,27],"floor_reached":57,"language":"ENG","playtime":4222,"items_purged":[],"score":2628,"play_id":"e3c41852-8b12-4575-80b0-6b43ee3f91ae","local_time":"20210215201130","is_ascension_mode":true,"campfire_choices":[{"floor":1.0,"key":"RECALL"},{"data":"champ:PerfectedStrike","floor":8,"key":"SMITH"},{"data":"champ:HoldFirm","floor":11,"key":"SMITH"},{"data":"champ:Taunt","floor":18,"key":"SMITH"},{"data":"champ:ShieldWall","floor":28,"key":"SMITH"},{"data":"champ:StrikeOfGenius","floor":35,"key":"SMITH"},{"data":"champ:HoldFirm","floor":47,"key":"SMITH"},{"data":"champ:GladiatorStyle","floor":54,"key":"SMITH"}],"circlet_count":0,"master_deck":["AscendersBane","champ:Strike","champ:Strike","champ:Strike","champ:Strike","champ:Defend","champ:Defend","champ:Defend","champ:Defend","champ:Execute","champ:Taunt+1","champ:FaceSlap","champ:PerfectedStrike+1","champ:HoldFirm+1","stsjorbsmod:Withering","champ:BringItOn+1","champ:PerfectedStrike+1","champ:FanOfKnives+1","champ:SwordThrow+1","champ:ShieldWall+1","champ:BladeFlurry+1","champ:Shatter+1","champ:ShieldThrow+1","champ:Duel+1","champ:Endure+1","champ:GladiatorStyle+1","champ:HoldFirm+1","champ:PerfectedStrike+1","champ:StrikeOfGenius+1","expansioncontent:DashGenerateEvil+1","champ:CheapShot+1","champ:PerfectedStrike+1","champ:HoldFirm+1","Parasite"],"relics":["bronze:MakeshiftBattery","Bottled Lightning","Molten Egg 2","downfall:HeartBlessingRed","Guardian:PocketSentry","downfall:HeartBlessingGreen","Boot","Champion Belt","expansioncontent:StudyCardRelic","Red Mask","champ:DefensiveTrainingManual","FossilizedHelix","champ:DeflectingBracers","Bottled Tornado","Toy Ornithopter","OrangePellets","SlaversCollar","Bag of Preparation","PreservedInsect","downfall:HeartBlessingBlue","Unceasing Top","Akabeko"],"acts_visited":["Exordium","TheCity","TheBeyond","TheEnding"],"potions_floor_usage":[10,16,21,33,50,56,56,56,56],"damage_taken":[{"damage":15.0,"enemies":"2 Louse","floor":2.0,"turns":3.0},{"damage":15.0,"enemies":"Cultist","floor":4.0,"turns":4.0},{"damage":28.0,"enemies":"Gremlin Nob","floor":6.0,"turns":4.0},{"damage":0,"enemies":"Small Slimes","floor":9,"turns":2},{"damage":5,"enemies":"Lagavulin","floor":10,"turns":4},{"damage":15,"enemies":"3 Sentries","floor":12,"turns":4},{"damage":0,"enemies":"Blue Slaver","floor":13,"turns":2},{"damage":0,"enemies":"Blue Slaver","floor":14,"turns":2},{"damage":0,"enemies":"Exordium Thugs","floor":15,"turns":2},{"damage":10,"enemies":"SI_SHIV_ARCHETYPE","floor":16,"turns":3},{"damage":0,"enemies":"Spheric Guardian","floor":19,"turns":2},{"damage":4,"enemies":"downfall:LooterAlt2","floor":20,"turns":4},{"damage":0,"enemies":"Masked Bandits","floor":21,"turns":2},{"damage":8,"enemies":"Gremlin Leader","floor":23,"turns":5},{"damage":0,"enemies":"downfall:FleeingMerchant","floor":25,"turns":4},{"damage":0,"enemies":"Book of Stabbing","floor":26,"turns":4},{"damage":0,"enemies":"Snake Plant","floor":27,"turns":3},{"damage":0,"enemies":"downfall:FleeingMerchant","floor":29,"turns":4},{"damage":0,"enemies":"Shelled Parasite and Fungi","floor":32,"turns":4},{"damage":35,"enemies":"DF_ARCHETYPE_CLAW","floor":33,"turns":5},{"damage":7,"enemies":"3 Shapes","floor":36,"turns":4},{"damage":0,"enemies":"Orb Walker","floor":37,"turns":3},{"damage":10,"enemies":"Jaw Worm Horde","floor":40,"turns":4},{"damage":10,"enemies":"Maw","floor":43,"turns":6},{"damage":0,"enemies":"Reptomancer","floor":44,"turns":3},{"damage":0,"enemies":"Sphere and 2 Shapes","floor":45,"turns":4},{"damage":5,"enemies":"Giant Head","floor":46,"turns":6},{"damage":0,"enemies":"Reptomancer","floor":48,"turns":4},{"damage":0,"enemies":"Writhing Mass","floor":49,"turns":4},{"damage":0,"enemies":"WA_ARCHETYPE_DIVINITY","floor":50,"turns":7},{"damage":0,"enemies":"downfall:CharBossMerchant","floor":52,"turns":3},{"damage":49,"enemies":"downfall:NeowBoss","floor":55,"turns":16},{"damage":60,"enemies":"downfall:NeowBossFinal","floor":56,"turns":8}],"seed_played":"2816332629749576750","potions_obtained":[{"floor":6,"key":"hexamod:SoulburnPotion"},{"floor":12,"key":"ColorlessPotion"},{"floor":20,"key":"DistilledChaos"},{"floor":27,"key":"DuplicationPotion"},{"floor":32,"key":"SpeedPotion"},{"floor":37,"key":"CultistPotion"}],"is_trial":false,"path_per_floor":["R","M","?","M","?","E","T","R","M","E","R","E","M","?","M","B",null,"R","M","M","?","?","E","T","$","E","M","R","$","?","$","M","B",null,"R","M","M","?","$","M","T","?","M","E","M","E","R","E","M","B",null,"E","$","R","B","B",null],"character_chosen":"THE_CHAMP","items_purchased":["Bottled Tornado","OrangePellets","expansioncontent:DashGenerateEvil","EntropicBrew","Dexterity Potion"],"campfire_rested":0,"item_purchase_floors":[25,29,29,53,53],"current_hp_per_floor":[73,68,68,68,68,40,40,40,40,35,35,35,35,35,35,35,70,70,70,66,66,66,63,63,68,78,81,81,81,81,81,81,46,72,72,65,65,53,53,58,58,58,48,48,48,48,58,58,58,73,87,87,87,87,78,46],"gold":27,"neow_bonus":"BOSS_RELIC","is_daily":false,"chose_seed":false,"campfire_upgraded":7,"win_rate":0.0,"timestamp":1613445090,"path_taken":["R","M","?","M","?","E","T","R","?","E","R","E","M","?","M","BOSS","R","M","M","?","?","E","T","$","E","?","R","$","?","?","M","BOSS","R","M","M","?","$","?","T","?","M","E","M","E","R","E","M","BOSS","E","$","R","BOSS","BOSS"],"items_purchased_type":["Relic","Relic","Card","Potion","Potion"],"build_version":"2020-12-22","purchased_purges":0,"victory":true,"max_hp_per_floor":[81,81,81,81,81,81,81,81,81,81,81,81,81,81,81,81,81,81,81,81,81,81,81,81,81,81,81,81,81,81,81,81,81,81,81,81,81,81,81,81,81,81,81,81,81,81,91,91,91,91,91,91,91,91,91,91],"card_choices":[{"not_picked":["champ:CrownThrow","champ:FlashCut"],"picked":"champ:FaceSlap","floor":2.0},{"not_picked":["champ:BladeFlurry","champ:FanOfKnives"],"picked":"champ:PerfectedStrike","floor":4.0},{"not_picked":["champ:Haymaker","champ:RisingSlash"],"picked":"champ:BringItOn","floor":6},{"not_picked":["champ:PreciseThrust+1","champ:Endure"],"picked":"champ:PerfectedStrike+1","floor":9},{"not_picked":["champ:IronFortress","champ:PreciseThrust+1"],"picked":"champ:FanOfKnives+1","floor":10},{"not_picked":["champ:HeartStrike+1","champ:FlashCut+1"],"picked":"champ:SwordThrow+1","floor":12},{"not_picked":["champ:Shatter+1","champ:FanOfKnives+1"],"picked":"champ:ShieldWall","floor":13},{"not_picked":["champ:ViciousMockery","champ:FalseCounter"],"picked":"champ:BladeFlurry+1","floor":14},{"not_picked":["champ:Parry","champ:BerserkerStyle"],"picked":"champ:Shatter+1","floor":15},{"not_picked":["champ:DancingMaster","champ:StrikeOfGenius"],"picked":"champ:ShieldThrow+1","floor":16},{"not_picked":["champ:SetATrap","champ:ShieldSigil"],"picked":"champ:Duel+1","floor":19},{"not_picked":["champ:ShieldSigil","champ:GutPunch+1"],"picked":"champ:Endure+1","floor":20},{"not_picked":["champ:StanceDance+1","champ:CrownThrow+1"],"picked":"champ:GladiatorStyle","floor":21},{"not_picked":["champ:Backstep+1","champ:GladiatorForm"],"picked":"champ:HoldFirm","floor":23},{"not_picked":["champ:RageSigil","champ:FocusedDefense","champ:PreciseThrust+1"],"picked":"SKIP","floor":25},{"not_picked":["champ:Backstep","champ:Haymaker+1","champ:Shatter+1"],"picked":"SKIP","floor":26},{"not_picked":["champ:Haymaker+1","champ:Shatter+1"],"picked":"champ:PerfectedStrike+1","floor":27},{"not_picked":["champ:PreciseThrust+1","champ:FlashCut+1"],"picked":"champ:StrikeOfGenius","floor":29},{"not_picked":["champ:DeathBlow+1","champ:Shatter+1","champ:Backstep"],"picked":"SKIP","floor":32},{"not_picked":["champ:Improvising","champ:DancingMaster"],"picked":"champ:CheapShot+1","floor":33},{"not_picked":["champ:PreciseThrust+1","champ:ViciousMockery","champ:TornadoPunch+1"],"picked":"SKIP","floor":36},{"not_picked":["champ:EndlessRage","champ:SwordSigil"],"picked":"champ:PerfectedStrike+1","floor":37},{"not_picked":["champ:DefensiveShout+1","champ:TornadoPunch+1"],"picked":"champ:HoldFirm","floor":40},{"not_picked":["champ:FocusedDefense+1","champ:PreemptiveStrike+1","champ:EnragedBash+1"],"picked":"SKIP","floor":43},{"not_picked":["champ:RisingSlash+1","champ:ViciousMockery+1","champ:RapidStrikes+1"],"picked":"SKIP","floor":44},{"not_picked":["champ:BerserkersShout","champ:Endure","champ:FocusedBerserking"],"picked":"SKIP","floor":45},{"not_picked":["champ:BerserkersShout+1","champ:PerfectedStrike+1","champ:Endure"],"picked":"SKIP","floor":46},{"not_picked":["champ:FocusedDefense","champ:Duel+1","champ:GutPunch+1"],"picked":"SKIP","floor":48},{"not_picked":["champ:UltimateStance","champ:Circumvent+1","champ:EndlessRage"],"picked":"SKIP","floor":49},{"not_picked":["champ:RecklessLeap+1","champ:StanceDance","champ:RisingSlash+1"],"picked":"SKIP","floor":52}],"player_experience":316265,"relics_obtained":[{"floor":6,"key":"Bottled Lightning"},{"floor":7,"key":"Molten Egg 2"},{"floor":10,"key":"Guardian:PocketSentry"},{"floor":12,"key":"Boot"},{"floor":14,"key":"Champion Belt"},{"floor":21,"key":"Red Mask"},{"floor":23,"key":"FossilizedHelix"},{"floor":24,"key":"champ:DeflectingBracers"},{"floor":26,"key":"Toy Ornithopter"},{"floor":44,"key":"Bag of Preparation"},{"floor":46,"key":"PreservedInsect"},{"floor":48,"key":"Unceasing Top"},{"floor":52,"key":"Akabeko"}],"event_choices":[{"damage_healed":0,"gold_gain":0,"player_choice":"Fought Bandits","damage_taken":0,"max_hp_gain":0,"max_hp_loss":0,"event_name":"Masked Bandits","floor":21,"gold_loss":0},{"damage_healed":0,"gold_gain":0,"player_choice":"Ignored","damage_taken":0,"max_hp_gain":0,"max_hp_loss":0,"event_name":"Vampires","floor":30,"gold_loss":0}],"is_beta":false,"boss_relics":[{"not_picked":["Fusion Hammer","Busted Crown"],"picked":"expansioncontent:StudyCardRelic"},{"not_picked":["Runic Pyramid","Astrolabe"],"picked":"SlaversCollar"}],"items_purged_floors":[],"is_endless":false,"potions_floor_spawned":[6,12,13,14,20,27,32,37,40,46,48],"ascension_level":18}}