{"host":"2ryabvayt7pqghlx","time":1613456976,"event":{"mods":["AchievementEnabler","BaseMod","Colored Map","Downfall","Hermit","Highlight Path","Minty Spire (QoL Compilation)","Rare Cards Sparkle","Relic Stats","StSLib","SuperFastMode"],"gold_per_floor":[99,109,49,68,168,184,184,202,219,232,259,278,291,391,401,498,498,498,518,618,16,27,27,27,42,42,42,80,114,114,124,144,262,262,162,179,33,60,90,90,90,124,139,177,77,77,77,77],"floor_reached":46,"language":"ENG","playtime":4287,"items_purged":["Slimebound:Strike_Slimebound"],"score":576,"play_id":"2fc5f0b8-08f6-4b57-941c-cc0926fd6368","local_time":"20210216012936","is_ascension_mode":false,"campfire_choices":[{"data":"Slimebound:Tackle","floor":1.0,"key":"SMITH"},{"data":"Slimebound:HauntingLick","floor":18.0,"key":"SMITH"},{"data":"Slimebound:MassRepurpose","floor":23,"key":"SMITH"},{"data":"Slimebound:RallyTheTroops","floor":27,"key":"SMITH"},{"floor":35,"key":"RECALL"},{"data":"Slimebound:Equalize","floor":45,"key":"SMITH"}],"circlet_count":0,"master_deck":["Slimebound:Strike_Slimebound","Slimebound:Tackle+1","Slimebound:Defend_Slimebound","Slimebound:Defend_Slimebound","Slimebound:Defend_Slimebound","Slimebound:Split","Slimebound:CorrosiveSpit","Slimebound:SplitAcid","Slimebound:GoopSpray","Slimebound:FinishingTackle","Slimebound:SamplingLick","Slimebound:HauntingLick+1","Slimebound:SplitAcid","Slimebound:LeechEnergy","Slimebound:HauntingLick","Slimebound:SlimeSpikes","Slimebound:LeechEnergy","Slimebound:MassRepurpose+1","Slimebound:ItLooksTasty+1","J.A.X.","Slimebound:Equalize+1","Slimebound:ComboTackle","Slimebound:Gluttony","Slimebound:RallyTheTroops+1","Slimebound:PressTheAttack","HandOfGreed","Slimebound:RollThrough+1","Slimebound:SplitLeeching","Slimebound:Schlurp","Slimebound:OozeBath","Slimebound:SamplingLick+1","Slimebound:SamplingLick+1","Slimebound:LeechLife","Slimebound:SlimeSpikes+1","Slimebound:SamplingLick+1"],"relics":["Slimebound:AbsorbEndCombat","Lantern","Coffee Dripper","MutagenicStrength","Oddly Smooth Stone","Pen Nib","Akabeko","Boot","Kunai","Ancient Tea Set","Busted Crown","downfall:HeartBlessingBlue","Slimebound:SelfDamagePreventRelic","Happy Flower","Omamori","Toxic Egg 2","downfall:HeartBlessingRed"],"acts_visited":["Exordium","TheCity","TheBeyond"],"potions_floor_usage":[20,25,31,42],"damage_taken":[{"damage":4.0,"enemies":"2 Louse","floor":2.0,"turns":2.0},{"damage":11.0,"enemies":"downfall:FleeingMerchant","floor":3.0,"turns":4.0},{"damage":0.0,"enemies":"Cultist","floor":4.0,"turns":3.0},{"damage":5.0,"enemies":"Jaw Worm","floor":6.0,"turns":3.0},{"damage":10.0,"enemies":"Exordium Wildlife","floor":8.0,"turns":3.0},{"damage":14.0,"enemies":"Large Slime","floor":9.0,"turns":6.0},{"damage":3.0,"enemies":"Blue Slaver","floor":10.0,"turns":2.0},{"damage":21.0,"enemies":"3 Sentries","floor":11.0,"turns":4.0},{"damage":12.0,"enemies":"Exordium Thugs","floor":12.0,"turns":3.0},{"damage":0.0,"enemies":"Lots of Slimes","floor":13.0,"turns":2.0},{"damage":2.0,"enemies":"Blue Slaver","floor":15.0,"turns":3.0},{"damage":14.0,"enemies":"SI_SHIV_ARCHETYPE","floor":16.0,"turns":4.0},{"damage":3.0,"enemies":"Chosen","floor":19.0,"turns":3.0},{"damage":35,"enemies":"downfall:Augmenter","floor":20,"turns":5},{"damage":17,"enemies":"downfall:FleeingMerchant","floor":21,"turns":4},{"damage":0,"enemies":"3 Byrds","floor":22,"turns":2},{"damage":15,"enemies":"Centurion and Healer","floor":25,"turns":2},{"damage":11,"enemies":"downfall:FleeingMerchant","floor":28,"turns":4},{"damage":25,"enemies":"Gremlin Leader","floor":29,"turns":3},{"damage":15,"enemies":"Snake Plant","floor":31,"turns":3},{"damage":6,"enemies":"Chosen and Byrds","floor":32,"turns":2},{"damage":5,"enemies":"WA_ARCHETYPE_CALM","floor":33,"turns":5},{"damage":0,"enemies":"Orb Walker","floor":36,"turns":1},{"damage":13,"enemies":"3 Shapes","floor":39,"turns":2},{"damage":44,"enemies":"Reptomancer","floor":42,"turns":6},{"damage":60,"enemies":"Transient","floor":43,"turns":5},{"damage":10,"enemies":"Writhing Mass","floor":44,"turns":4},{"damage":59,"enemies":"Giant Head","floor":46,"turns":7}],"seed_played":"-7236730513061207180","potions_obtained":[{"floor":2.0,"key":"Strength Potion"},{"floor":4.0,"key":"hexamod:SoulburnPotion"},{"floor":6.0,"key":"BlessingOfTheForge"},{"floor":20,"key":"SmokeBomb"},{"floor":22,"key":"ColorlessPotion"},{"floor":25,"key":"champ:CounterPotion"},{"floor":32,"key":"LiquidMemories"},{"floor":44,"key":"Slimebound:SlimedPotion"}],"is_trial":false,"path_per_floor":["R","M","$","M","?","M","T","M","M","M","E","M","M","?","M","B",null,"R","M","?","$","M","R","T","M","?","R","$","E","?","M","M","B",null,"R","M","$","T","M","?","T","E","M","M","R","E"],"character_chosen":"SLIMEBOUND","items_purchased":["Slimebound:GoopSpray","Oddly Smooth Stone","Pen Nib","Slimebound:PressTheAttack","HandOfGreed","Boot","Slimebound:OozeBath","Slimebound:SelfDamagePreventRelic"],"campfire_rested":0,"item_purchase_floors":[3,21,21,21,21,28,28,37],"current_hp_per_floor":[71,69,60,64,64,61,61,57,49,50,33,27,31,31,31,25,71,71,70,39,38,54,54,54,43,43,43,48,39,39,24,26,37,71,81,81,81,81,73,73,73,65,21,27,27,0,0,0],"gold":77,"neow_bonus":"TEN_PERCENT_HP_BONUS","is_daily":false,"chose_seed":false,"campfire_upgraded":5,"win_rate":0.0,"timestamp":1613456976,"path_taken":["R","M","$","M","?","M","T","M","?","M","E","M","M","?","M","BOSS","R","M","?","$","M","R","T","M","?","R","$","E","?","?","M","BOSS","R","M","$","?","?","?","T","E","?","?","R","E"],"items_purchased_type":["Card","Relic","Relic","Card","Card","Relic","Card","Relic"],"build_version":"2020-12-22","purchased_purges":1,"victory":false,"max_hp_per_floor":[71,71,71,71,71,71,71,71,71,71,71,71,71,71,71,71,71,71,71,71,71,71,71,71,71,71,71,71,71,71,71,71,71,71,81,81,81,81,81,81,81,81,81,81,81,81,81,81],"relic_stats":{"Busted Crown":10,"Happy Flower":[8],"counters":[28,94],"Pen Nib":[10],"Kunai":[16],"Boot":[7],"obtain_stats":[{"Lantern":11,"Slimebound:SelfDamagePreventRelic":37,"Happy Flower":38,"downfall:HeartBlessingRed":45,"Oddly Smooth Stone":21,"Pen Nib":21,"Omamori":41,"Boot":28,"Ancient Tea Set":30,"Akabeko":24,"Busted Crown":34,"downfall:HeartBlessingBlue":35,"MutagenicStrength":20,"Slimebound:AbsorbEndCombat":0,"Coffee Dripper":17,"Kunai":29,"Toxic Egg 2":42},{"Lantern":8,"Slimebound:SelfDamagePreventRelic":23,"Happy Flower":23,"downfall:HeartBlessingRed":27,"Oddly Smooth Stone":15,"Pen Nib":15,"Omamori":24,"Boot":18,"Ancient Tea Set":19,"Akabeko":16,"Busted Crown":22,"downfall:HeartBlessingBlue":22,"MutagenicStrength":14,"Slimebound:AbsorbEndCombat":0,"Coffee Dripper":12,"Kunai":19,"Toxic Egg 2":25},{"Lantern":25,"Slimebound:SelfDamagePreventRelic":70,"Happy Flower":70,"downfall:HeartBlessingRed":87,"Oddly Smooth Stone":49,"Pen Nib":49,"Omamori":72,"Boot":57,"Ancient Tea Set":60,"Akabeko":51,"Busted Crown":69,"downfall:HeartBlessingBlue":69,"MutagenicStrength":45,"Slimebound:AbsorbEndCombat":0,"Coffee Dripper":37,"Kunai":60,"Toxic Egg 2":78}]},"card_choices":[{"not_picked":["Slimebound:SlimeBrawl","Slimebound:RollThrough"],"picked":"Slimebound:SplitAcid","floor":2.0},{"not_picked":["Slimebound:SlimeBrawl","Slimebound:ProtectTheBoss"],"picked":"Slimebound:GoopTackle","floor":3.0},{"not_picked":["Slimebound:ForwardTackle","Slimebound:SlimeSpikes"],"picked":"Slimebound:FinishingTackle","floor":4.0},{"not_picked":["Slimebound:ItLooksTasty","Slimebound:GrowthPunch"],"picked":"Slimebound:SamplingLick","floor":6.0},{"not_picked":["Slimebound:Prepare","Slimebound:TongueLash"],"picked":"Slimebound:HauntingLick","floor":8.0},{"not_picked":["Slimebound:Grow","Slimebound:FinishingTackle","Slimebound:GoopTackle"],"picked":"SKIP","floor":9.0},{"not_picked":["Slimebound:RollThrough","Slimebound:TongueLash"],"picked":"Slimebound:SplitAcid","floor":10.0},{"not_picked":["Slimebound:Replication","Slimebound:FlameTackle"],"picked":"Slimebound:LeechEnergy","floor":11.0},{"not_picked":["Slimebound:LivingWall","Slimebound:SplitMire"],"picked":"Slimebound:HauntingLick","floor":12.0},{"not_picked":["Slimebound:BestDefense","Slimebound:MassFeed"],"picked":"Slimebound:SlimeSpikes","floor":13.0},{"not_picked":["Slimebound:SplitAcid","Slimebound:PressTheAttack"],"picked":"Slimebound:LeechEnergy","floor":15.0},{"not_picked":["Slimebound:OozeBath","Slimebound:FirmFortitude"],"picked":"Slimebound:MassRepurpose","floor":16.0},{"not_picked":["Slimebound:SplitMire","Slimebound:LeechEnergy+1"],"picked":"Slimebound:ItLooksTasty+1","floor":19.0},{"not_picked":[],"picked":"J.A.X.","floor":20},{"not_picked":["Slimebound:GoopSpray","Slimebound:FinishingTackle"],"picked":"Slimebound:Gluttony","floor":20},{"not_picked":["Slimebound:GoopSpray","Slimebound:Chomp"],"picked":"Slimebound:RallyTheTroops","floor":21},{"not_picked":["Slimebound:GoopTackle+1","Slimebound:LeechingTouch"],"picked":"Slimebound:RollThrough+1","floor":22},{"not_picked":["Slimebound:SplitMire","Slimebound:Replication+1"],"picked":"Slimebound:SplitLeeching","floor":25},{"not_picked":["Slimebound:Replication","Slimebound:SplitLeeching"],"picked":"Slimebound:Schlurp","floor":28},{"not_picked":["Slimebound:HauntingLick","Slimebound:DisruptingSlam","Slimebound:GoopTackle+1"],"picked":"SKIP","floor":29},{"not_picked":["Slimebound:MassFeed","Slimebound:Schlurp"],"picked":"Slimebound:SamplingLick+1","floor":31},{"not_picked":["Slimebound:PressTheAttack","Slimebound:LivingWall"],"picked":"Slimebound:SamplingLick+1","floor":32},{"not_picked":["Slimebound:OozeBath","Slimebound:RallyTheTroops"],"picked":"Slimebound:LeechLife","floor":33},{"not_picked":["Slimebound:GoopSpray"],"picked":"SKIP","floor":36},{"not_picked":["Slimebound:PressTheAttack+1"],"picked":"SKIP","floor":39},{"not_picked":[],"picked":"Slimebound:SlimeSpikes+1","floor":42},{"not_picked":[],"picked":"Slimebound:SamplingLick+1","floor":43},{"not_picked":["Slimebound:ForwardTackle"],"picked":"SKIP","floor":44}],"player_experience":151965,"relics_obtained":[{"floor":11.0,"key":"Lantern"},{"floor":20,"key":"MutagenicStrength"},{"floor":24,"key":"Akabeko"},{"floor":29,"key":"Kunai"},{"floor":38,"key":"Happy Flower"},{"floor":41,"key":"Omamori"},{"floor":42,"key":"Toxic Egg 2"}],"event_choices":[{"damage_healed":0.0,"max_hp_gain":0.0,"max_hp_loss":0.0,"gold_gain":100.0,"event_name":"Wheel of Change","player_choice":"Gold","floor":5.0,"gold_loss":0.0,"damage_taken":0.0}],"is_beta":false,"boss_relics":[{"not_picked":["Velvet Choker","Black Star"],"picked":"Coffee Dripper"},{"not_picked":["SacredBark","bronze:MakeshiftBattery"],"picked":"Busted Crown"}],"items_purged_floors":[21],"is_endless":false,"potions_floor_spawned":[2,4,6,9,10,13,20,22,25,32,44],"killed_by":"Giant Head","ascension_level":0}}