{"host":"ababi7n1w04ome7c","time":1613449812,"event":{"mods":["AchievementEnabler","BaseMod","Colored Map","Minty Spire (QoL Compilation)","Permanent Neow","StSLib","everything is the same but u backflip on backflip"],"gold_per_floor":[113,38,38,50,125,153,168,168,168,168,196,196,96,122,122,222,222,236,236,73,90,104,104,115,115,140,172,172,187,206,131,131,250,250,263,113,168,168,187,218,218,218,218,218,218,218],"floor_reached":45,"language":"KOR","playtime":1665,"items_purged":["Defend_P","Strike_P","Defend_P","Judgement"],"score":527,"play_id":"4d5db0ce-63be-48da-bf95-4f670db7264f","local_time":"20210216133012","is_ascension_mode":true,"campfire_choices":[{"data":"Eruption","floor":8.0,"key":"SMITH"},{"data":"Vigilance","floor":12.0,"key":"SMITH"},{"data":"FearNoEvil","floor":15.0,"key":"SMITH"},{"floor":23.0,"key":"REST"},{"data":"Adaptation","floor":25.0,"key":"SMITH"},{"floor":28.0,"key":"REST"},{"floor":32.0,"key":"REST"},{"floor":41,"key":"REST"},{"data":"Madness","floor":44,"key":"SMITH"}],"circlet_count":0,"master_deck":["Strike_P+1","Strike_P+1","Defend_P+1","Defend_P+1","Eruption+1","Vigilance+1","FearNoEvil+1","LessonLearned+1","Adaptation+1","DeusExMachina+1","Madness","Madness+1","Pain"],"relics":["PureWater","NeowsBlessing","TungstenRod","InkBottle","Sundial","Toy Ornithopter","SacredBark","Dream Catcher","Whetstone","Cursed Key","Calipers","Smiling Mask","Kunai"],"acts_visited":["Exordium","TheCity","TheBeyond"],"potions_floor_usage":[39,45],"damage_taken":[{"damage":0.0,"enemies":"Small Slimes","floor":1.0,"turns":2.0},{"damage":0.0,"enemies":"Jaw Worm","floor":4.0,"turns":1.0},{"damage":0.0,"enemies":"Gremlin Nob","floor":6.0,"turns":1.0},{"damage":0.0,"enemies":"2 Louse","floor":7.0,"turns":2.0},{"damage":9.0,"enemies":"Lagavulin","floor":11.0,"turns":5.0},{"damage":3.0,"enemies":"Gremlin Nob","floor":14.0,"turns":3.0},{"damage":26.0,"enemies":"Hexaghost","floor":16.0,"turns":8.0},{"damage":4.0,"enemies":"Shell Parasite","floor":18.0,"turns":4.0},{"damage":0.0,"enemies":"3 Byrds","floor":21.0,"turns":2.0},{"damage":25.0,"enemies":"Centurion and Healer","floor":22.0,"turns":6.0},{"damage":3.0,"enemies":"Snecko","floor":24.0,"turns":5.0},{"damage":37.0,"enemies":"Gremlin Leader","floor":27.0,"turns":8.0},{"damage":11.0,"enemies":"3 Cultists","floor":29.0,"turns":3.0},{"damage":0.0,"enemies":"Sentry and Sphere","floor":30.0,"turns":3.0},{"damage":5.0,"enemies":"Collector","floor":33.0,"turns":6.0},{"damage":18.0,"enemies":"Orb Walker","floor":35.0,"turns":3.0},{"damage":6.0,"enemies":"2 Orb Walkers","floor":37.0,"turns":2.0},{"damage":22,"enemies":"3 Shapes","floor":39,"turns":5},{"damage":18,"enemies":"Giant Head","floor":40,"turns":8},{"damage":37,"enemies":"Nemesis","floor":45,"turns":9}],"seed_played":"1280895751987280288","potions_obtained":[{"floor":1.0,"key":"Block Potion"},{"floor":6.0,"key":"CultistPotion"},{"floor":7.0,"key":"DistilledChaos"},{"floor":11.0,"key":"BottledMiracle"},{"floor":18.0,"key":"DistilledChaos"},{"floor":22.0,"key":"DuplicationPotion"},{"floor":24.0,"key":"ColorlessPotion"},{"floor":30.0,"key":"Weak Potion"},{"floor":37.0,"key":"Regen Potion"},{"floor":39,"key":"Fire Potion"}],"is_trial":false,"path_per_floor":["M","$","?","M","?","E","M","R","T","?","E","R","$","E","R","B",null,"M","?","$","M","M","R","M","R","T","E","R","M","M","?","R","B",null,"M","$","?","$","M","E","R","?","T","R","E"],"character_chosen":"WATCHER","items_purchased":["Adaptation"],"campfire_rested":4,"item_purchase_floors":[20],"current_hp_per_floor":[72,72,72,72,62,62,62,62,62,62,53,53,53,50,50,29,72,72,72,72,72,47,68,65,65,65,28,49,38,38,38,59,59,72,54,54,53,53,69,51,72,64,64,64,32,32],"gold":218,"neow_bonus":"THREE_ENEMY_KILL","is_daily":false,"chose_seed":false,"campfire_upgraded":5,"win_rate":0.0,"timestamp":1613449812,"path_taken":["M","$","?","M","?","E","?","R","T","?","E","R","$","E","R","BOSS","M","?","$","M","M","R","M","R","T","E","R","M","?","?","R","BOSS","M","$","?","$","M","E","R","?","T","R","E"],"items_purchased_type":["Card"],"build_version":"2020-12-22","purchased_purges":4,"victory":false,"max_hp_per_floor":[72,72,72,72,72,72,72,72,72,72,72,72,72,72,72,72,72,72,72,72,72,72,72,72,72,72,72,72,72,72,72,72,72,72,72,72,72,72,72,72,72,72,72,72,72,72],"card_choices":[{"not_picked":["Conclude","CarveReality","PathToVictory"],"picked":"SKIP","floor":1.0},{"not_picked":["Vengeance","SashWhip","Crescendo"],"picked":"SKIP","floor":4.0},{"not_picked":["Prostrate","SignatureMove","Crescendo"],"picked":"SKIP","floor":6.0},{"not_picked":["PathToVictory","Meditate","WindmillStrike"],"picked":"SKIP","floor":7.0},{"not_picked":["CrushJoints","EmptyFist"],"picked":"FearNoEvil","floor":11.0},{"not_picked":["Prostrate","EmptyBody","Meditate"],"picked":"SKIP","floor":14.0},{"not_picked":["Establishment","MasterReality"],"picked":"LessonLearned","floor":16.0},{"not_picked":["EmptyMind","Prostrate","BattleHymn"],"picked":"SKIP","floor":18.0},{"not_picked":["TalkToTheHand","Tantrum+1","Sanctity"],"picked":"SKIP","floor":21.0},{"not_picked":["Prostrate","EmptyBody","BattleHymn+1"],"picked":"SKIP","floor":22.0},{"not_picked":["Wallop","SignatureMove"],"picked":"DeusExMachina","floor":24.0},{"not_picked":["Halt","Omniscience","FearNoEvil"],"picked":"SKIP","floor":27.0},{"not_picked":["ClearTheMind+1","Sanctity","EmptyBody"],"picked":"SKIP","floor":29.0},{"not_picked":["WheelKick","CutThroughFate+1","FearNoEvil"],"picked":"SKIP","floor":30.0},{"not_picked":["DevaForm","SpiritShield"],"picked":"Judgement","floor":33.0},{"not_picked":["WindmillStrike+1","ThirdEye","SashWhip"],"picked":"SKIP","floor":35.0},{"not_picked":["EmptyFist+1","BowlingBash+1","JustLucky+1"],"picked":"SKIP","floor":39},{"not_picked":["Judgement","ThirdEye+1","Conclude+1"],"picked":"SKIP","floor":40}],"player_experience":338258,"relics_obtained":[{"floor":6.0,"key":"InkBottle"},{"floor":11.0,"key":"Sundial"},{"floor":14.0,"key":"Toy Ornithopter"},{"floor":26.0,"key":"Dream Catcher"},{"floor":27.0,"key":"Whetstone"},{"floor":37.0,"key":"Calipers"},{"floor":40,"key":"Smiling Mask"},{"floor":43,"key":"Kunai"}],"event_choices":[{"damage_healed":0.0,"max_hp_gain":0.0,"max_hp_loss":0.0,"gold_gain":0.0,"event_name":"Big Fish","player_choice":"Box","floor":3.0,"gold_loss":0.0,"damage_taken":0.0,"relics_obtained":["TungstenRod"],"cards_obtained":["Regret"]},{"damage_healed":0.0,"max_hp_gain":0.0,"max_hp_loss":0.0,"gold_gain":75.0,"event_name":"World of Goop","player_choice":"Gather Gold","floor":5.0,"gold_loss":0.0,"damage_taken":11.0},{"cards_removed":["Regret"],"damage_healed":0.0,"max_hp_gain":0.0,"max_hp_loss":0.0,"gold_gain":0.0,"event_name":"Living Wall","player_choice":"Forget","floor":10.0,"gold_loss":0.0,"damage_taken":0.0},{"damage_healed":0.0,"max_hp_gain":0.0,"max_hp_loss":0.0,"gold_gain":0.0,"event_name":"Match and Keep!","player_choice":"0 cards matched","floor":19.0,"gold_loss":0.0,"damage_taken":0.0,"cards_obtained":[]},{"cards_removed":["Strike_P"],"damage_healed":0.0,"max_hp_gain":0.0,"max_hp_loss":0.0,"gold_gain":0.0,"event_name":"Beggar","player_choice":"Gave Gold","floor":31.0,"gold_loss":75.0,"damage_taken":0.0},{"damage_healed":0.0,"max_hp_gain":0.0,"max_hp_loss":0.0,"gold_gain":0.0,"event_name":"Mysterious Sphere","player_choice":"Fight","floor":37.0,"gold_loss":0.0,"damage_taken":0.0},{"damage_healed":0,"gold_gain":0,"player_choice":"Embrace Madness","damage_taken":9,"max_hp_gain":0,"max_hp_loss":0,"event_name":"Winding Halls","floor":42,"gold_loss":0,"cards_obtained":["Madness","Madness"]}],"is_beta":false,"boss_relics":[{"not_picked":["Coffee Dripper","SlaversCollar"],"picked":"SacredBark"},{"not_picked":["Tiny House","Philosopher\u0027s Stone"],"picked":"Cursed Key"}],"items_purged_floors":[2,13,20,36],"is_endless":false,"potions_floor_spawned":[1,6,7,11,18,22,24,30,37,39],"killed_by":"Nemesis","ascension_level":1}}