{"host":"pzefa11dvor2x0v7","time":1613475085,"event":{"mods":["AchievementEnabler","BaseMod","Colored Powertips","Minty Spire (QoL Compilation)","Rare Cards Sparkle","StSLib"],"gold_per_floor":[20,20,33,47,47,47,80,80,154,154,170,181,194,219,219,290,290,303,203,218,218,229,229,229,229],"floor_reached":24,"language":"ENG","playtime":776,"items_purged":["Strike_B"],"score":420,"play_id":"07418840-cfe5-4fb1-952f-88ea135510af","local_time":"20210216133125","is_ascension_mode":true,"campfire_choices":[{"data":"Go for the Eyes","floor":6,"key":"SMITH"},{"data":"Compile Driver","floor":8,"key":"SMITH"},{"data":"Zap","floor":10,"key":"SMITH"},{"data":"Redo","floor":15,"key":"SMITH"},{"data":"Consume","floor":23,"key":"SMITH"}],"circlet_count":0,"master_deck":["AscendersBane","Strike_B","Strike_B","Strike_B","Defend_B","Defend_B","Defend_B","Defend_B","Zap+1","Dualcast","Cold Snap+1","Go for the Eyes+1","Compile Driver+1","Leap","Hologram","Redo+1","Capacitor","Biased Cognition","Steam","Consume+1","Cold Snap"],"relics":["Cracked Core","CultistMask","Omamori","Cables","Lizard Tail","Sozu"],"acts_visited":["Exordium","TheCity"],"potions_floor_usage":[7,16,18,20],"damage_taken":[{"damage":10,"enemies":"Small Slimes","floor":1,"turns":3},{"damage":0,"enemies":"2 Louse","floor":3,"turns":1},{"damage":0,"enemies":"Cultist","floor":4,"turns":3},{"damage":19,"enemies":"3 Sentries","floor":7,"turns":9},{"damage":0,"enemies":"Large Slime","floor":11,"turns":4},{"damage":4,"enemies":"Exordium Wildlife","floor":12,"turns":4},{"damage":7,"enemies":"Red Slaver","floor":13,"turns":3},{"damage":7,"enemies":"Lagavulin","floor":14,"turns":6},{"damage":3,"enemies":"Hexaghost","floor":16,"turns":9},{"damage":21,"enemies":"2 Thieves","floor":18,"turns":4},{"damage":30,"enemies":"Spheric Guardian","floor":20,"turns":6},{"damage":7,"enemies":"Centurion and Healer","floor":22,"turns":10},{"damage":50,"enemies":"Gremlin Leader","floor":24,"turns":8}],"seed_played":"-508005453272585641","potions_obtained":[{"floor":4,"key":"Fire Potion"},{"floor":7,"key":"CultistPotion"},{"floor":11,"key":"Fire Potion"},{"floor":16,"key":"ColorlessPotion"}],"is_trial":false,"path_per_floor":["M","?","M","M","?","R","E","R","T","R","M","M","M","E","R","B",null,"M","$","M","?","M","R","E"],"character_chosen":"DEFECT","items_purchased":["Steam"],"campfire_rested":0,"item_purchase_floors":[19],"current_hp_per_floor":[68,68,68,68,68,68,49,49,49,49,49,45,38,31,31,28,71,50,50,20,45,38,38,0,0],"gold":229,"neow_bonus":"TWENTY_PERCENT_HP_BONUS","is_daily":false,"chose_seed":false,"campfire_upgraded":5,"win_rate":0.0,"timestamp":1613475085,"path_taken":["M","?","M","M","?","R","E","R","T","R","M","?","M","E","R","BOSS","M","$","M","?","M","R","E"],"items_purchased_type":["Card"],"build_version":"2020-12-22","purchased_purges":1,"victory":false,"max_hp_per_floor":[85,85,85,85,85,85,85,85,85,85,85,85,85,85,85,85,85,85,85,85,90,90,90,90,90],"card_choices":[{"not_picked":["Sweeping Beam","Barrage"],"picked":"Cold Snap","floor":1},{"not_picked":["Reprogram","Fusion"],"picked":"Go for the Eyes","floor":3},{"not_picked":["Barrage","Streamline"],"picked":"Compile Driver","floor":4},{"not_picked":["Gash","Stack"],"picked":"Leap","floor":7},{"not_picked":["Chill","Auto Shields"],"picked":"Hologram","floor":11},{"not_picked":["BootSequence","Heatsinks","Steam"],"picked":"SKIP","floor":12},{"not_picked":["Beam Cell","Skim"],"picked":"Redo","floor":13},{"not_picked":["Tempest","Self Repair"],"picked":"Capacitor","floor":14},{"not_picked":["Core Surge","Buffer"],"picked":"Biased Cognition","floor":16},{"not_picked":["Ball Lightning","Leap","Hologram"],"picked":"SKIP","floor":18},{"not_picked":["Sweeping Beam","Stack"],"picked":"Consume","floor":20},{"not_picked":["Reprogram","Barrage"],"picked":"Cold Snap","floor":22}],"player_experience":645290,"relics_obtained":[{"floor":7,"key":"Omamori"},{"floor":9,"key":"Cables"},{"floor":14,"key":"Lizard Tail"}],"event_choices":[{"damage_healed":0,"gold_gain":0,"player_choice":"Grow","damage_taken":0,"max_hp_gain":0,"max_hp_loss":0,"event_name":"Living Wall","floor":2,"gold_loss":0,"cards_upgraded":["Cold Snap"]},{"damage_healed":0,"gold_gain":0,"player_choice":"Trade","damage_taken":0,"relics_obtained":["CultistMask"],"max_hp_gain":0,"max_hp_loss":0,"event_name":"FaceTrader","floor":5,"gold_loss":0},{"damage_healed":0,"gold_gain":0,"player_choice":"Shed Blood","damage_taken":30,"max_hp_gain":5,"max_hp_loss":0,"event_name":"Forgotten Altar","floor":21,"gold_loss":0}],"is_beta":false,"boss_relics":[{"not_picked":["Philosopher\u0027s Stone","Ectoplasm"],"picked":"Sozu"}],"items_purged_floors":[19],"is_endless":false,"potions_floor_spawned":[4,7,11,12,13,16,18],"killed_by":"Gremlin Leader","ascension_level":18}}