{"host":"qjv9b7mze4c73keh","time":1613513912,"event":{"mods":["BaseMod","Colored Map","Colored Powertips","DeckTracker","Highlight Path","Minty Spire (QoL Compilation)","Rare Cards Sparkle","Synergy Search","Unceasing Turn Reminder"],"gold_per_floor":[218,143,143,143,154,169,197,207,283,283,183,199,217,92,92,196,196,212,230,230,230,243,243,243,5,5,20,20,20,20],"floor_reached":29,"language":"RUS","playtime":2408,"items_purged":["Strike_G","Strike_G","Strike_G"],"score":225,"play_id":"2e0a7c61-6b8f-4b85-91a0-9a73793892b7","local_time":"20210217031832","is_ascension_mode":false,"campfire_choices":[{"data":"Phantasmal Killer","floor":10,"key":"SMITH"},{"floor":15,"key":"REST"},{"floor":23,"key":"REST"},{"floor":28,"key":"REST"}],"circlet_count":0,"master_deck":["Strike_G","Strike_G","Defend_G+1","Defend_G","Defend_G","Defend_G","Survivor","Neutralize","Deadly Poison","Bouncing Flask","Phantasmal Killer+1","Deadly Poison","Deadly Poison","Panacea"],"relics":["Ring of the Serpent","Lizard Tail","Darkstone Periapt","TheAbacus","Toxic Egg 2"],"acts_visited":["Exordium","TheCity"],"potions_floor_usage":[7,16,16,22,27],"damage_taken":[{"damage":2,"enemies":"Jaw Worm","floor":1,"turns":5},{"damage":0,"enemies":"Cultist","floor":5,"turns":5},{"damage":0,"enemies":"2 Louse","floor":6,"turns":3},{"damage":7,"enemies":"Lagavulin","floor":7,"turns":6},{"damage":2,"enemies":"2 Fungi Beasts","floor":8,"turns":3},{"damage":0,"enemies":"Looter","floor":12,"turns":4},{"damage":0,"enemies":"Blue Slaver","floor":13,"turns":4},{"damage":73,"enemies":"Slime Boss","floor":16,"turns":15},{"damage":7,"enemies":"Spheric Guardian","floor":18,"turns":4},{"damage":5,"enemies":"3 Byrds","floor":19,"turns":4},{"damage":38,"enemies":"Sentry and Sphere","floor":22,"turns":7},{"damage":10,"enemies":"Centurion and Healer","floor":27,"turns":7},{"damage":69,"enemies":"3 Cultists","floor":29,"turns":6}],"seed_played":"-293720921476993161","potions_obtained":[{"floor":1,"key":"PowerPotion"},{"floor":5,"key":"Energy Potion"},{"floor":8,"key":"Energy Potion"},{"floor":16,"key":"EssenceOfSteel"},{"floor":22,"key":"Weak Potion"},{"floor":27,"key":"SmokeBomb"}],"is_trial":false,"path_per_floor":["M","$","?","?","M","M","E","M","T","R","$","M","M","$","R","B",null,"M","M","?","?","M","R","?","$","T","M","R","M"],"character_chosen":"THE_SILENT","items_purchased":["TheAbacus","Panacea"],"campfire_rested":3,"item_purchase_floors":[25,25],"current_hp_per_floor":[68,68,68,68,68,68,61,59,59,59,59,59,59,59,70,35,70,63,58,58,58,20,41,41,41,41,31,52,0,0],"gold":20,"neow_bonus":"HUNDRED_GOLD","is_daily":false,"chose_seed":false,"campfire_upgraded":1,"win_rate":0.0,"timestamp":1613513912,"path_taken":["M","$","?","?","?","M","E","M","T","R","$","M","M","?","R","BOSS","M","M","?","?","M","R","?","$","T","M","R","M"],"items_purchased_type":["Relic","Card"],"build_version":"2020-12-22","purchased_purges":3,"victory":false,"max_hp_per_floor":[70,70,70,70,70,70,70,70,70,70,70,70,70,70,70,70,70,70,70,70,70,70,70,70,70,70,70,70,70,70],"card_choices":[{"not_picked":["Predator","Calculated Gamble","Dagger Spray"],"picked":"SKIP","floor":1},{"not_picked":["Backflip","Sucker Punch"],"picked":"Deadly Poison","floor":5},{"not_picked":["Dagger Throw","Flying Knee"],"picked":"Bouncing Flask","floor":6},{"not_picked":["Dagger Throw","Finisher"],"picked":"Phantasmal Killer","floor":7},{"not_picked":["Acrobatics","Finisher","Backflip"],"picked":"SKIP","floor":8},{"not_picked":["Calculated Gamble","Dodge and Roll"],"picked":"Deadly Poison","floor":12},{"not_picked":["Deflect","Slice"],"picked":"Deadly Poison","floor":13},{"not_picked":["Deflect","Blade Dance+1"],"picked":"Crippling Poison","floor":18},{"not_picked":["Bouncing Flask+1","Underhanded Strike","Bane"],"picked":"SKIP","floor":19},{"not_picked":["Calculated Gamble","PiercingWail","Bane"],"picked":"SKIP","floor":22},{"not_picked":["Riddle With Holes","Bouncing Flask+1","Eviscerate"],"picked":"SKIP","floor":27}],"player_experience":103675,"relics_obtained":[{"floor":7,"key":"Lizard Tail"},{"floor":9,"key":"Darkstone Periapt"},{"floor":26,"key":"Toxic Egg 2"}],"event_choices":[{"cards_removed":["Defend_G"],"damage_healed":0,"gold_gain":0,"player_choice":"Forget","damage_taken":0,"max_hp_gain":0,"max_hp_loss":0,"event_name":"Living Wall","floor":3,"gold_loss":0},{"damage_healed":0,"gold_gain":0,"player_choice":"Forge","damage_taken":0,"max_hp_gain":0,"max_hp_loss":0,"event_name":"Accursed Blacksmith","floor":4,"gold_loss":0,"cards_upgraded":["Defend_G"]},{"cards_removed":["Crippling Poison"],"damage_healed":0,"gold_gain":0,"player_choice":"Elegance","damage_taken":0,"max_hp_gain":0,"max_hp_loss":0,"event_name":"Back to Basics","floor":20,"gold_loss":0},{"damage_healed":0,"gold_gain":0,"player_choice":"Ignored","damage_taken":0,"max_hp_gain":0,"max_hp_loss":0,"event_name":"Vampires","floor":21,"gold_loss":0},{"damage_healed":0,"gold_gain":0,"player_choice":"Ignored","damage_taken":0,"max_hp_gain":0,"max_hp_loss":0,"event_name":"The Mausoleum","floor":24,"gold_loss":0}],"is_beta":false,"boss_relics":[{"not_picked":["Coffee Dripper","Snecko Eye"],"picked":"Ring of the Serpent"}],"items_purged_floors":[2,11,14],"is_endless":false,"potions_floor_spawned":[1,5,8,16,22,27],"killed_by":"3 Cultists","ascension_level":0}}