{"host":"kxz5izodaorfb9am","time":1613479404,"event":{"mods":["BaseMod","GifTheSpireLib","Minty Spire (QoL Compilation)","Shop Mod","StSLib"],"gold_per_floor":[109,123,133,149,149,149,163,163,163,163,10,44,44,2,2,79,79,89,89,102,102,26,26,60,60,60,60,89,89,140,140,140,214,214,224,224,240,4,4,4],"floor_reached":39,"language":"ENG","playtime":2206,"items_purged":["Strike_G","Crippling Poison"],"score":857,"play_id":"70b747bd-ab9f-4b52-920c-71438a9da87e","local_time":"20210216134324","is_ascension_mode":true,"campfire_choices":[{"data":"Footwork","floor":6,"key":"SMITH"},{"data":"Cloak And Dagger","floor":8,"key":"SMITH"},{"data":"Cloak And Dagger","floor":10,"key":"SMITH"},{"floor":15,"key":"DIG"},{"floor":23,"key":"REST"},{"data":"Burst","floor":25,"key":"SMITH"},{"data":"Terror","floor":27,"key":"SMITH"},{"data":"Blade Dance","floor":29,"key":"SMITH"},{"floor":32,"key":"DIG"}],"circlet_count":0,"master_deck":["AscendersBane","Survivor","Neutralize","Footwork+1","Cloak And Dagger+1","Blur","Calculated Gamble","Cloak And Dagger+1","Infinite Blades","Terror+1","Infinite Blades","Burst+1","Finisher","Blade Dance+1","Distraction","Cloak And Dagger","Blur","Prepared","Envenom","Dagger Throw","Storm of Steel","Flechettes","Distraction","Blade Dance","Apotheosis","Poisoned Stab","Accuracy"],"relics":["Ring of the Snake","Oddly Smooth Stone","Shovel","Tough Bandages","Mummified Hand","Darkstone Periapt","WristBlade","Prayer Wheel","Pantograph","Happy Flower","Snake Skull","Question Card","Pandora\u0027s Box"],"acts_visited":["Exordium","TheCity","TheBeyond"],"potions_floor_usage":[12,16,24,28,28],"damage_taken":[{"damage":2,"enemies":"Cultist","floor":1,"turns":4},{"damage":0,"enemies":"Small Slimes","floor":2,"turns":4},{"damage":1,"enemies":"Jaw Worm","floor":3,"turns":6},{"damage":3,"enemies":"Blue Slaver","floor":4,"turns":6},{"damage":7,"enemies":"Exordium Thugs","floor":7,"turns":9},{"damage":0,"enemies":"Lagavulin","floor":12,"turns":7},{"damage":13,"enemies":"Slime Boss","floor":16,"turns":10},{"damage":11,"enemies":"Shell Parasite","floor":18,"turns":4},{"damage":18,"enemies":"Spheric Guardian","floor":20,"turns":4},{"damage":22,"enemies":"Gremlin Leader","floor":24,"turns":7},{"damage":0,"enemies":"Slavers","floor":28,"turns":6},{"damage":25,"enemies":"Collector","floor":33,"turns":8},{"damage":36,"enemies":"3 Darklings","floor":35,"turns":4},{"damage":4,"enemies":"Orb Walker","floor":37,"turns":2},{"damage":20,"enemies":"Writhing Mass","floor":39,"turns":4}],"seed_played":"1364285219232217599","potions_obtained":[{"floor":2,"key":"Explosive Potion"},{"floor":3,"key":"CultistPotion"},{"floor":4,"key":"Explosive Potion"},{"floor":7,"key":"CunningPotion"},{"floor":12,"key":"BlessingOfTheForge"},{"floor":18,"key":"LiquidBronze"},{"floor":24,"key":"SneckoOil"},{"floor":35,"key":"FearPotion"}],"is_trial":false,"path_per_floor":["M","M","M","M","?","R","M","R","T","R","$","E","T","$","R","B",null,"M","?","M","?","$","R","E","R","T","R","E","R","T","?","R","B",null,"M","?","M","$","M"],"character_chosen":"THE_SILENT","items_purchased":["Infinite Blades","Infinite Blades","Blur","Accuracy","Dexterity Potion"],"campfire_rested":1,"item_purchase_floors":[11,14,22,38,38],"current_hp_per_floor":[57,57,56,53,46,46,39,39,39,39,39,39,39,39,39,26,56,45,45,27,27,27,46,24,24,24,24,24,24,24,24,24,24,56,20,20,16,16,0,0],"gold":4,"neow_bonus":"RANDOM_COMMON_RELIC","is_daily":false,"chose_seed":false,"campfire_upgraded":6,"win_rate":0.0,"timestamp":1613479404,"path_taken":["M","?","M","M","?","R","M","R","T","R","$","E","?","?","R","BOSS","M","?","?","?","$","R","E","R","T","R","E","R","?","?","R","BOSS","M","?","M","$","M"],"items_purchased_type":["Card","Card","Card","Card","Potion"],"build_version":"2020-12-22","purchased_purges":2,"victory":false,"max_hp_per_floor":[66,66,66,66,66,66,66,66,66,66,66,66,66,66,66,66,66,66,66,66,66,66,66,66,66,66,66,66,66,66,66,66,66,66,66,66,66,66,66,66],"card_choices":[{"not_picked":["Poisoned Stab","Caltrops"],"picked":"Footwork","floor":1},{"not_picked":["Sucker Punch","Reflex"],"picked":"Cloak And Dagger","floor":2},{"not_picked":["Dash","Flying Knee"],"picked":"Blur","floor":3},{"not_picked":["Deflect","Tactician"],"picked":"Calculated Gamble","floor":4},{"not_picked":["Dodge and Roll","Bane"],"picked":"Cloak And Dagger","floor":7},{"not_picked":["Cloak And Dagger","Die Die Die"],"picked":"Terror","floor":12},{"not_picked":["Phantasmal Killer","Adrenaline"],"picked":"Burst","floor":16},{"not_picked":["Endless Agony","Choke"],"picked":"Finisher","floor":18},{"not_picked":["Slice","Riddle With Holes"],"picked":"Blade Dance","floor":20},{"not_picked":["Distraction","Infinite Blades","Flying Knee"],"picked":"SKIP","floor":24},{"not_picked":["Acrobatics+1","Burst"],"picked":"Prepared","floor":28},{"not_picked":["Unload","Glass Knife","Venomology"],"picked":"Envenom","floor":33},{"not_picked":["Bouncing Flask","Finisher","Bane"],"picked":"Blade Dance","floor":35},{"not_picked":["Heel Hook","Deflect","Terror","Infinite Blades"],"picked":"SKIP","floor":35},{"not_picked":["Dramatic Entrance","Jack Of All Trades","Transmutation"],"picked":"Apotheosis","floor":36},{"not_picked":["Flying Knee","Sucker Punch","Prepared+1"],"picked":"Poisoned Stab","floor":37},{"not_picked":["Choke","Deflect","Eviscerate","Finisher"],"picked":"SKIP","floor":37}],"player_experience":329699,"relics_obtained":[{"floor":9,"key":"Shovel"},{"floor":12,"key":"Tough Bandages"},{"floor":13,"key":"Mummified Hand"},{"floor":15,"key":"Darkstone Periapt"},{"floor":24,"key":"Prayer Wheel"},{"floor":26,"key":"Pantograph"},{"floor":28,"key":"Happy Flower"},{"floor":30,"key":"Snake Skull"},{"floor":32,"key":"Question Card"}],"event_choices":[{"cards_removed":["Strike_G"],"damage_healed":0,"gold_gain":0,"player_choice":"Card Removal","damage_taken":7,"max_hp_gain":0,"max_hp_loss":0,"event_name":"Golden Wing","floor":5,"gold_loss":0},{"cards_removed":["Strike_G"],"damage_healed":0,"gold_gain":0,"player_choice":"Offered Basic","damage_taken":0,"max_hp_gain":0,"max_hp_loss":0,"event_name":"Bonfire Elementals","floor":19,"gold_loss":0},{"damage_healed":0,"gold_gain":0,"cards_transformed":["Strike_G","Strike_G"],"player_choice":"Became Test Subject","damage_taken":0,"max_hp_gain":0,"max_hp_loss":0,"event_name":"Drug Dealer","floor":21,"gold_loss":0,"cards_obtained":["Distraction","Cloak And Dagger"]},{"damage_healed":0,"gold_gain":0,"player_choice":"Ignored","damage_taken":0,"max_hp_gain":0,"max_hp_loss":0,"event_name":"Vampires","floor":31,"gold_loss":0},{"damage_healed":0,"gold_gain":0,"player_choice":"Memory 1","damage_taken":0,"max_hp_gain":0,"max_hp_loss":0,"event_name":"SensoryStone","floor":36,"gold_loss":0}],"is_beta":false,"boss_relics":[{"not_picked":["Philosopher\u0027s Stone","Black Star"],"picked":"WristBlade"},{"not_picked":["Coffee Dripper","HoveringKite"],"picked":"Pandora\u0027s Box"}],"items_purged_floors":[11,38],"is_endless":false,"potions_floor_spawned":[2,3,4,7,12,18,24,35],"killed_by":"Writhing Mass","ascension_level":17}}