{"host":"ymmeoa1x24ihslbm","time":1613518287,"event":{"mods":["AchievementEnabler","BaseMod","Colored Map","Colored Powertips","Defuse TimeMaze Blight","Highlight Path","Minty Spire (QoL Compilation)","Permanent Neow","Quick Restart","StSLib","Unceasing Turn Reminder"],"gold_per_floor":[118,118,118,131,143,143,160,160,215,233,243,243,255,271,271,350,350,360,373,124,137,151,151,151],"floor_reached":23,"language":"ENG","playtime":1231,"items_purged":[],"score":418,"play_id":"95c9fcf3-e0e7-4796-8827-7dd354af07c3","local_time":"20210217003127","is_ascension_mode":true,"campfire_choices":[{"data":"Neutralize","floor":6.0,"key":"SMITH"},{"data":"Deflect","floor":8.0,"key":"SMITH"},{"data":"A Thousand Cuts","floor":12.0,"key":"SMITH"},{"data":"Survivor","floor":15.0,"key":"SMITH"}],"circlet_count":0,"master_deck":["AscendersBane","Strike_G","Strike_G+1","Strike_G","Strike_G","Strike_G","Defend_G","Defend_G","Defend_G","Defend_G","Defend_G+1","Survivor+1","Neutralize+1","A Thousand Cuts+1","Heel Hook","Deflect+1","Cloak And Dagger","Adrenaline","Escape Plan","A Thousand Cuts","Backflip","Noxious Fumes"],"relics":["Ring of the Snake","Omamori","Lantern","Runic Pyramid","Pantograph"],"acts_visited":["Exordium","TheCity"],"potions_floor_usage":[19,21,23],"damage_taken":[{"damage":0.0,"enemies":"Jaw Worm","floor":1.0,"turns":5.0},{"damage":2.0,"enemies":"Small Slimes","floor":4.0,"turns":4.0},{"damage":2.0,"enemies":"2 Louse","floor":5.0,"turns":5.0},{"damage":22.0,"enemies":"Lots of Slimes","floor":7.0,"turns":4.0},{"damage":0.0,"enemies":"3 Louse","floor":10.0,"turns":4.0},{"damage":0.0,"enemies":"2 Fungi Beasts","floor":11.0,"turns":3.0},{"damage":0.0,"enemies":"Looter","floor":13.0,"turns":3.0},{"damage":0.0,"enemies":"Blue Slaver","floor":14.0,"turns":3.0},{"damage":0.0,"enemies":"The Guardian","floor":16.0,"turns":15.0},{"damage":16,"enemies":"3 Byrds","floor":18,"turns":6},{"damage":1,"enemies":"Chosen","floor":19,"turns":4},{"damage":1,"enemies":"3 Cultists","floor":21,"turns":4},{"damage":12,"enemies":"Snake Plant","floor":22,"turns":7},{"damage":22,"enemies":"Slavers","floor":23,"turns":4}],"seed_played":"1232473653990977086","potions_obtained":[{"floor":5.0,"key":"Dexterity Potion"},{"floor":11.0,"key":"LiquidMemories"},{"floor":16.0,"key":"SneckoOil"},{"floor":21,"key":"Weak Potion"},{"floor":22,"key":"LiquidBronze"}],"is_trial":false,"path_per_floor":["M","?","?","M","M","R","M","R","T","M","M","R","M","M","R","B",null,"M","M","$","M","M","E"],"character_chosen":"THE_SILENT","items_purchased":["Pantograph"],"campfire_rested":0,"item_purchase_floors":[20],"current_hp_per_floor":[59,48,28,26,24,24,2,2,2,2,2,2,2,2,2,2,50,34,33,33,32,20,0,0],"gold":151,"neow_bonus":"ONE_RANDOM_RARE_CARD","is_daily":false,"chose_seed":false,"campfire_upgraded":4,"win_rate":0.0,"timestamp":1613518287,"path_taken":["M","?","?","M","M","R","M","R","T","M","M","R","M","M","R","BOSS","M","M","$","M","M","E"],"items_purchased_type":["Relic"],"build_version":"2020-12-22","purchased_purges":0,"victory":false,"max_hp_per_floor":[66,66,66,66,66,66,66,66,66,66,66,66,66,66,66,66,66,66,66,66,66,66,66,66],"card_choices":[{"not_picked":["Flying Knee","Cloak And Dagger","Underhanded Strike"],"picked":"SKIP","floor":1.0},{"not_picked":["Finisher","Underhanded Strike"],"picked":"Heel Hook","floor":4.0},{"not_picked":["Noxious Fumes","Calculated Gamble"],"picked":"Deflect","floor":5.0},{"not_picked":["Flying Knee","Predator"],"picked":"Cloak And Dagger","floor":7.0},{"not_picked":["PiercingWail","Slice"],"picked":"Adrenaline","floor":10.0},{"not_picked":["Blur","Cloak And Dagger","Tactician"],"picked":"SKIP","floor":11.0},{"not_picked":["Calculated Gamble","Riddle With Holes"],"picked":"Escape Plan","floor":13.0},{"not_picked":["Outmaneuver","Quick Slash","Deflect"],"picked":"SKIP","floor":14.0},{"not_picked":["Glass Knife","Die Die Die"],"picked":"A Thousand Cuts","floor":16.0},{"not_picked":["Bane","Quick Slash","Dash"],"picked":"SKIP","floor":18},{"not_picked":["Deflect","Skewer"],"picked":"Backflip","floor":19},{"not_picked":["Quick Slash","Heel Hook","Bane"],"picked":"SKIP","floor":21},{"not_picked":["Slice","Skewer"],"picked":"Noxious Fumes","floor":22}],"player_experience":629412,"relics_obtained":[{"floor":9.0,"key":"Lantern"}],"event_choices":[{"damage_healed":0.0,"max_hp_gain":0.0,"max_hp_loss":0.0,"gold_gain":0.0,"event_name":"Scrap Ooze","player_choice":"Success","floor":2.0,"gold_loss":0.0,"damage_taken":11.0,"relics_obtained":["Omamori"]},{"damage_healed":0.0,"max_hp_gain":0.0,"max_hp_loss":0.0,"gold_gain":0.0,"event_name":"Shining Light","player_choice":"Entered Light","floor":3.0,"gold_loss":0.0,"damage_taken":20.0,"cards_upgraded":["Defend_G","Strike_G"]}],"is_beta":false,"boss_relics":[{"not_picked":["Pandora\u0027s Box","Coffee Dripper"],"picked":"Runic Pyramid"}],"items_purged_floors":[],"is_endless":false,"potions_floor_spawned":[5,11,16,21,22],"killed_by":"Slavers","ascension_level":15}}