{"host":"tq99ucv8ezzqzioe","time":1613508705,"event":{"mods":["BaseMod","Colored Map","Downfall","Highlight Path","Minty Spire (QoL Compilation)","StSLib"],"gold_per_floor":[18,38,58,58,58,75,87,87,87,97,114,114,131,160,160,263,263,275,295,210,223,223,223,257,257,282,292,9,0,34,45,45,144,144,154,154,30,81,131,131,160,160,160,160,160,177,206,217,217,217,217,217,6,39,39,39],"floor_reached":55,"language":"ENG","playtime":24035,"items_purged":["downfall:Bewildered"],"score":1239,"play_id":"7954cf86-d4b8-49b4-836d-caeb88a604c3","local_time":"20210216155145","is_ascension_mode":true,"campfire_choices":[{"data":"Footwork","floor":12,"key":"SMITH"},{"data":"Noxious Fumes","floor":15,"key":"SMITH"},{"floor":23,"key":"RECALL"},{"data":"Glass Knife","floor":25,"key":"SMITH"},{"data":"Accuracy","floor":32,"key":"SMITH"},{"data":"Infinite Blades","floor":40,"key":"SMITH"},{"data":"After Image","floor":42,"key":"SMITH"},{"data":"Venomology","floor":45,"key":"SMITH"},{"data":"Cloak And Dagger","floor":49,"key":"SMITH"},{"data":"Blade Dance","floor":52,"key":"SMITH"}],"circlet_count":0,"master_deck":["Strike_G+1","Defend_G","Defend_G","Defend_G","Defend_G","Survivor","Neutralize","PiercingWail","Finisher","Backflip+1","Accuracy+1","Noxious Fumes+1","Leg Sweep","Footwork+1","Bane","Flying Knee","Bullet Time","Venomology+1","Dodge and Roll+1","Dagger Spray","All Out Attack","Glass Knife+1","Blade Dance+1","Cloak And Dagger+1","Blade Dance+1","After Image+1","Noxious Fumes+1","Escape Plan+1","Bullet Time+1","Cloak And Dagger+1","Infinite Blades+1","Blade Dance","Accuracy+1","Noxious Fumes+1","Footwork+1","Accuracy+1","Choke","Adrenaline"],"relics":["Ring of the Snake","Meat on the Bone","StoneCalendar","FossilizedHelix","sneckomod:SneckoTalon","Question Card","sneckomod:BabySnecko","Anchor","Akabeko","Ornamental Fan","Astrolabe","Incense Burner","Bird Faced Urn","Frozen Egg 2","Omamori","HornCleat","Gremlin Horn","Bronze Scales"],"acts_visited":["Exordium","TheCity","TheBeyond","TheEnding"],"potions_floor_usage":[11,14,14,16,19,21,24,24,24,30,30,30,33,33,33,33,33,33,33,38,38,39,39,41,47,47,48,50,50,54,54,54,54],"damage_taken":[{"damage":4,"enemies":"Small Slimes","floor":1,"turns":5},{"damage":6,"enemies":"Jaw Worm","floor":2,"turns":7},{"damage":10,"enemies":"2 Louse","floor":3,"turns":3},{"damage":6,"enemies":"Exordium Wildlife","floor":6,"turns":7},{"damage":0,"enemies":"2 Fungi Beasts","floor":7,"turns":5},{"damage":4,"enemies":"Large Slime","floor":10,"turns":7},{"damage":0,"enemies":"Looter","floor":11,"turns":4},{"damage":12,"enemies":"2 Fungi Beasts","floor":13,"turns":4},{"damage":7,"enemies":"Gremlin Nob","floor":14,"turns":4},{"damage":0,"enemies":"Slime Boss","floor":16,"turns":7},{"damage":5,"enemies":"Spheric Guardian","floor":18,"turns":6},{"damage":0,"enemies":"Chosen","floor":19,"turns":6},{"damage":19,"enemies":"Snecko","floor":21,"turns":7},{"damage":0,"enemies":"Book of Stabbing","floor":24,"turns":6},{"damage":12,"enemies":"Cultist and Chosen","floor":27,"turns":7},{"damage":0,"enemies":"Gremlin Leader","floor":30,"turns":4},{"damage":0,"enemies":"Shelled Parasite and Fungi","floor":31,"turns":2},{"damage":5,"enemies":"Champ","floor":33,"turns":7},{"damage":9,"enemies":"3 Darklings","floor":35,"turns":6},{"damage":0,"enemies":"2 Orb Walkers","floor":38,"turns":4},{"damage":0,"enemies":"Mind Bloom Boss Battle","floor":39,"turns":5},{"damage":0,"enemies":"Giant Head","floor":41,"turns":6},{"damage":0,"enemies":"3 Shapes","floor":46,"turns":4},{"damage":0,"enemies":"Reptomancer","floor":47,"turns":6},{"damage":0,"enemies":"Transient","floor":48,"turns":5},{"damage":18,"enemies":"Time Eater","floor":50,"turns":9},{"damage":51,"enemies":"Shield and Spear","floor":54,"turns":7},{"damage":69,"enemies":"The Heart","floor":55,"turns":3}],"seed_played":"915545240812247149","potions_obtained":[{"floor":6,"key":"CultistPotion"},{"floor":10,"key":"hexamod:SoulburnPotion"},{"floor":11,"key":"hexamod:SoulburnPotion"},{"floor":13,"key":"hexamod:SoulburnPotion"},{"floor":14,"key":"Energy Potion"},{"floor":16,"key":"SteroidPotion"},{"floor":21,"key":"Block Potion"},{"floor":24,"key":"SmokeBomb"},{"floor":27,"key":"DuplicationPotion"},{"floor":30,"key":"Strength Potion"},{"floor":35,"key":"CunningPotion"},{"floor":41,"key":"Swift Potion"},{"floor":47,"key":"LiquidBronze"}],"is_trial":false,"path_per_floor":["M","M","M","?","?","M","M","?","T","M","M","R","M","E","R","B",null,"M","M","?","M","?","R","E","R","T","M","$","?","E","M","R","B",null,"M","?","$","?","?","R","E","R","T","?","R","M","E","M","R","B",null,"R","$","E","B"],"character_chosen":"THE_SILENT","items_purchased":["Akabeko","Bane","Infinite Blades","Blade Dance","Accuracy+1","Choke","GhostInAJar"],"campfire_rested":0,"item_purchase_floors":[28,28,37,37,53,53,53],"current_hp_per_floor":[59,53,43,29,26,32,44,44,44,40,40,40,40,45,45,45,64,59,59,59,40,40,40,40,40,40,40,40,40,40,40,40,47,64,55,55,55,55,55,55,69,69,69,69,69,70,70,70,70,60,68,68,68,42,0,0],"gold":39,"neow_bonus":"TRANSFORM_TWO_CARDS","is_daily":false,"chose_seed":false,"campfire_upgraded":9,"win_rate":0.0,"timestamp":1613508705,"path_taken":["M","M","M","?","?","M","M","?","T","M","M","R","M","E","R","BOSS","M","M","?","M","?","R","E","R","T","M","$","?","E","?","R","BOSS","M","?","$","?","?","R","E","R","T","?","R","?","E","M","R","BOSS","R","$","E","BOSS"],"items_purchased_type":["Relic","Card","Card","Card","Card","Card","Potion"],"build_version":"2020-12-22","purchased_purges":1,"victory":false,"max_hp_per_floor":[70,70,70,70,70,70,70,70,70,70,70,70,70,70,70,70,70,70,70,70,70,70,70,70,70,70,70,70,70,70,70,70,70,70,70,70,70,70,70,70,70,70,70,70,70,70,70,70,70,70,70,70,70,70,70,70],"card_choices":[{"not_picked":["Deflect","Slice"],"picked":"Backflip","floor":1},{"not_picked":["Outmaneuver","Deflect"],"picked":"Accuracy","floor":2},{"not_picked":["Flying Knee","Terror"],"picked":"Noxious Fumes","floor":3},{"not_picked":["Quick Slash","Underhanded Strike"],"picked":"Leg Sweep","floor":6},{"not_picked":["Backflip","Underhanded Strike","Slice"],"picked":"SKIP","floor":7},{"not_picked":["Acrobatics","Masterful Stab"],"picked":"Footwork","floor":10},{"not_picked":["Distraction","Flechettes"],"picked":"Bane","floor":11},{"not_picked":["Leg Sweep","Endless Agony"],"picked":"Flying Knee","floor":13},{"not_picked":["Setup","Caltrops"],"picked":"Bullet Time","floor":14},{"not_picked":["Wraith Form v2","Unload"],"picked":"Venomology","floor":16},{"not_picked":["Choke","Skewer"],"picked":"Dodge and Roll+1","floor":18},{"not_picked":["Finisher","PiercingWail"],"picked":"Dagger Spray","floor":19},{"not_picked":["Flying Knee","Crippling Poison","Poisoned Stab"],"picked":"All Out Attack","floor":21},{"not_picked":["Flying Knee","Crippling Poison+1","Poisoned Stab"],"picked":"Glass Knife","floor":24},{"not_picked":["Poisoned Stab+1","Escape Plan","Underhanded Strike"],"picked":"Blade Dance+1","floor":27},{"not_picked":["Outmaneuver","Flying Knee","Dagger Spray"],"picked":"Cloak And Dagger+1","floor":30},{"not_picked":["Deadly Poison+1","Tactician","Predator"],"picked":"Blade Dance","floor":31},{"not_picked":["Adrenaline","Malaise","Burst"],"picked":"After Image","floor":33},{"not_picked":["Tactician+1","Acrobatics","Quick Slash+1"],"picked":"Cloak And Dagger","floor":35},{"not_picked":["Flying Knee","Blade Dance+1","Caltrops"],"picked":"Accuracy+1","floor":38},{"not_picked":["Poisoned Stab","Prepared","Dodge and Roll+1"],"picked":"Noxious Fumes+1","floor":41},{"not_picked":["Caltrops+1","Escape Plan+1","Sucker Punch"],"picked":"Footwork+1","floor":46},{"not_picked":["Poisoned Stab+1","Night Terror","Setup+1","Acrobatics+1"],"picked":"SKIP","floor":47},{"not_picked":["Cloak And Dagger","Distraction","Quick Slash","Underhanded Strike+1"],"picked":"SKIP","floor":48},{"not_picked":["Well Laid Plans+1","Prepared+1","Malaise"],"picked":"Adrenaline","floor":54}],"player_experience":986568,"relics_obtained":[{"floor":9,"key":"StoneCalendar"},{"floor":14,"key":"FossilizedHelix"},{"floor":24,"key":"Anchor"},{"floor":30,"key":"Ornamental Fan"},{"floor":38,"key":"Incense Burner"},{"floor":39,"key":"Bird Faced Urn"},{"floor":41,"key":"Frozen Egg 2"},{"floor":43,"key":"Omamori"},{"floor":44,"key":"HornCleat"},{"floor":47,"key":"Gremlin Horn"},{"floor":54,"key":"Bronze Scales"}],"event_choices":[{"damage_healed":0,"gold_gain":0,"player_choice":"Entered Light","damage_taken":14,"max_hp_gain":0,"max_hp_loss":0,"event_name":"Shining Light","floor":4,"gold_loss":0,"cards_upgraded":["Strike_G","Backflip"]},{"damage_healed":0,"gold_gain":0,"player_choice":"Success","damage_taken":3,"relics_obtained":["Meat on the Bone"],"max_hp_gain":0,"max_hp_loss":0,"event_name":"Scrap Ooze","floor":5,"gold_loss":0},{"damage_healed":0,"gold_gain":0,"player_choice":"Ignored","damage_taken":0,"max_hp_gain":0,"max_hp_loss":0,"event_name":"Golden Idol","floor":8,"gold_loss":0},{"damage_healed":0,"gold_gain":0,"player_choice":"Obtained Relic","damage_taken":0,"relics_obtained":["Question Card"],"max_hp_gain":0,"max_hp_loss":0,"event_name":"Addict","floor":20,"gold_loss":85},{"damage_healed":0,"gold_gain":0,"player_choice":"Paid Fearfully","damage_taken":0,"max_hp_gain":0,"max_hp_loss":0,"event_name":"Masked Bandits","floor":29,"gold_loss":9},{"cards_removed":["Bane"],"damage_healed":0,"gold_gain":0,"player_choice":"Removed Attack","damage_taken":0,"max_hp_gain":0,"max_hp_loss":0,"event_name":"Falling","floor":36,"gold_loss":0},{"damage_healed":0,"gold_gain":0,"player_choice":"Fight","damage_taken":0,"max_hp_gain":0,"max_hp_loss":0,"event_name":"Mysterious Sphere","floor":38,"gold_loss":0},{"damage_healed":0,"gold_gain":0,"player_choice":"Fight","damage_taken":0,"max_hp_gain":0,"max_hp_loss":0,"event_name":"MindBloom","floor":39,"gold_loss":0},{"damage_healed":0,"gold_gain":0,"player_choice":"Relic","damage_taken":0,"max_hp_gain":0,"max_hp_loss":0,"event_name":"Wheel of Change","floor":44,"gold_loss":0}],"is_beta":false,"boss_relics":[{"not_picked":["Ectoplasm","Snecko Eye"],"picked":"sneckomod:SneckoTalon"},{"not_picked":["Pandora\u0027s Box","Runic Pyramid"],"picked":"Astrolabe"}],"items_purged_floors":[28],"is_endless":false,"potions_floor_spawned":[6,10,11,13,14,16,21,24,27,30,35,41,47,48],"killed_by":"The Heart","ascension_level":8}}