{"host":"qz0goigh82dax5l2","time":1613481007,"event":{"mods":["Act Like it!","Alarm Clock","BaseMod","Hallownest","Minty Spire (QoL Compilation)","Quick Restart","Reliquary","StSLib","TheWitcher","¡¾ÒÅÎï¿¨ÅÆ¡¿REMEMod"],"gold_per_floor":[109,134,134,153,153,153,163,235,317,346,44,44,9,19,19,139,139,164,164,185,13,13,13,13,34,34,35,35],"floor_reached":27,"language":"ZHS","playtime":1715,"items_purged":[],"score":203,"play_id":"e97aac93-3bcd-48fd-b8f1-2e150750b87b","local_time":"20210216211007","is_ascension_mode":false,"campfire_choices":[{"floor":6,"key":"RECALL"},{"floor":15,"key":"REST"},{"floor":23,"key":"REST"}],"circlet_count":0,"master_deck":["SnafuTest:DefaultCommonAttack","SnafuTest:DefaultCommonAttack","SnafuTest:BountyHunt","SnafuTest:DefaultCommonSkill","SnafuTest:DefaultCommonSkill","SnafuTest:DefaultCommonSkill","SnafuTest:SignAard","SnafuTest:SignIgni","SnafuTest:PayBank","SnafuTest:BoxingChampion","SnafuTest:PowerContactIsContract","SnafuTest:FlashingRaid","SnafuTest:SpellIncendiaryShower","SnafuTest:Meditation","SnafuTest:PowerAlwaysOnRoads","SnafuTest:WitchHunt","SnafuTest:SignAxii","SnafuTest:SpellMagicScry","SnafuTest:SpellIthlinneProphecy+1","SnafuTest:SpellLifeDrain","Iron Wave","SnafuTest:SpellIncendiaryShower+1","SnafuTest:CalculatingAmbition","SnafuTest:PowerAlwaysAWay+1","SnafuTest:BombNorthernWind","SnafuTest:SignYrden"],"relics":["SnafuTest:UnstableMutagenRelic","REME_ComplimentaryCards","SnafuTest:WolfRelic","HandDrill","Frozen Egg 2","PureWater"],"acts_visited":["Exordium","TheCity"],"potions_floor_usage":[1,16,16,25],"damage_taken":[{"damage":9,"enemies":"Cultist","floor":1,"turns":5},{"damage":5,"enemies":"Jaw Worm","floor":2,"turns":6},{"damage":0,"enemies":"Small Slimes","floor":4,"turns":3},{"damage":34,"enemies":"Exordium Thugs","floor":7,"turns":4},{"damage":4,"enemies":"3 Louse","floor":10,"turns":2},{"damage":0,"enemies":"2 Fungi Beasts","floor":14,"turns":2},{"damage":65,"enemies":"Hexaghost","floor":16,"turns":14},{"damage":60,"enemies":"Shell Parasite","floor":18,"turns":7},{"damage":7,"enemies":"3 Byrds","floor":20,"turns":5},{"damage":37,"enemies":"Shelled Parasite and Fungi","floor":25,"turns":8},{"damage":13,"enemies":"Snake Plant","floor":27,"turns":1}],"seed_played":"9186519326885854157","potions_obtained":[{"floor":1,"key":"REME_GoldPotion"},{"floor":7,"key":"GamblersBrew"},{"floor":14,"key":"PowerPotion"},{"floor":16,"key":"DistilledChaos"},{"floor":18,"key":"SnafuTest:PlaceholderPotion"}],"is_trial":false,"path_per_floor":["M","M","?","M","?","R","M","?","T","M","$","T","?","M","R","B",null,"M","?","M","$","?","R","?","M","T","M"],"character_chosen":"THE_WITCHER","items_purchased":["SnafuTest:PowerAlwaysOnRoads","SnafuTest:WitchHunt","SnafuTest:SignAxii","HandDrill","SnafuTest:CalculatingAmbition","SnafuTest:PowerAlwaysAWay+1","SnafuTest:BombNorthernWind"],"campfire_rested":2,"item_purchase_floors":[11,11,11,11,21,21,21],"current_hp_per_floor":[73,68,73,73,73,73,39,39,39,35,35,35,56,56,82,17,87,27,27,20,20,20,46,46,9,9,0,0],"gold":35,"neow_bonus":"TEN_PERCENT_HP_BONUS","is_daily":false,"chose_seed":false,"campfire_upgraded":0,"win_rate":0.0,"timestamp":1613481007,"path_taken":["M","M","?","M","?","R","?","?","T","M","$","?","?","M","R","BOSS","M","?","?","$","?","R","?","M","T","M"],"items_purchased_type":["Card","Card","Card","Relic","Card","Card","Card"],"build_version":"2020-12-22","purchased_purges":0,"victory":false,"max_hp_per_floor":[82,82,87,87,87,87,87,87,87,87,87,87,87,87,87,87,87,87,87,87,87,87,87,87,87,87,87,87],"card_choices":[{"not_picked":["SnafuTest:BombMoonDust","SnafuTest:PaySmithWorkshop"],"picked":"SnafuTest:SignIgni","floor":1},{"not_picked":["SnafuTest:PayGnomePedlar","SnafuTest:TrackingSense"],"picked":"SnafuTest:PayBank","floor":2},{"not_picked":["SnafuTest:FirstAid","SnafuTest:SpellGloemGuard"],"picked":"SnafuTest:PayWeaponShop","floor":4},{"not_picked":["SnafuTest:SmashingSlash","SnafuTest:PowerLadyOfLake"],"picked":"SnafuTest:SpellIncendiaryShower","floor":7},{"not_picked":["SnafuTest:FirstAid","SnafuTest:BombDevilsPuffball"],"picked":"SnafuTest:Meditation","floor":10},{"not_picked":["SnafuTest:SignIgni","SnafuTest:FlashingRaid"],"picked":"SnafuTest:SpellMagicScry","floor":14},{"not_picked":["SnafuTest:PowerBloodLust+1","SnafuTest:BloodLineTracing"],"picked":"SnafuTest:SpellIthlinneProphecy+1","floor":16},{"not_picked":["SnafuTest:BombMoonDust","SnafuTest:SwiftAssault"],"picked":"SnafuTest:SpellLifeDrain","floor":18},{"not_picked":["SnafuTest:GetPaid","SnafuTest:SpellBlindFury"],"picked":"SnafuTest:SpellIncendiaryShower+1","floor":20},{"not_picked":["SnafuTest:PowerHangmenTree+1","SnafuTest:FlashingEvasion+1"],"picked":"SnafuTest:SignYrden","floor":25}],"player_experience":76270,"relics_obtained":[{"floor":9,"key":"SnafuTest:WolfRelic"},{"floor":12,"key":"Frozen Egg 2"}],"event_choices":[{"damage_healed":0,"gold_gain":0,"player_choice":"Donut","damage_taken":0,"max_hp_gain":5,"max_hp_loss":0,"event_name":"Big Fish","floor":3,"gold_loss":0},{"damage_healed":0,"gold_gain":0,"player_choice":"1 cards matched","damage_taken":0,"max_hp_gain":0,"max_hp_loss":0,"event_name":"Match and Keep!","floor":5,"gold_loss":0,"cards_obtained":["SnafuTest:PowerContactIsContract"]},{"damage_healed":0,"gold_gain":72,"player_choice":"Gained Gold","damage_taken":0,"max_hp_gain":0,"max_hp_loss":0,"event_name":"Golden Wing","floor":8,"gold_loss":0},{"damage_healed":21,"gold_gain":0,"player_choice":"Healed","damage_taken":0,"max_hp_gain":0,"max_hp_loss":0,"event_name":"The Cleric","floor":13,"gold_loss":35},{"cards_removed":["SnafuTest:DefaultCommonAttack"],"damage_healed":0,"gold_gain":0,"player_choice":"Took Card","damage_taken":0,"max_hp_gain":0,"max_hp_loss":0,"event_name":"NoteForYourself","floor":19,"gold_loss":0,"cards_obtained":["Iron Wave"]},{"damage_healed":0,"gold_gain":0,"player_choice":"Ignored","damage_taken":0,"max_hp_gain":0,"max_hp_loss":0,"event_name":"Ghosts","floor":22,"gold_loss":0}],"is_beta":false,"boss_relics":[{"not_picked":["reliquary:WritOfMandamus","Runic Dome","Astrolabe"]}],"items_purged_floors":[],"is_endless":false,"potions_floor_spawned":[1,7,14,16,18],"killed_by":"Snake Plant","ascension_level":0}}