{"host":"en4narc5947t7k9n","time":1613490814,"event":{"mods":["AchievementEnabler","BaseMod","Colored Map","Minty Spire (QoL Compilation)","SuperFastMode"],"gold_per_floor":[117,192,205,221,233,260,260,291,315,315,315,334,35,48,48,48,48],"floor_reached":16,"language":"KOR","playtime":988,"items_purged":["Strike_R"],"score":112,"play_id":"9627ca35-f061-4f59-9656-2c9530efe41a","local_time":"20210217005334","is_ascension_mode":false,"campfire_choices":[{"data":"Limit Break","floor":11,"key":"SMITH"},{"data":"Searing Blow","floor":15,"key":"SMITH"}],"circlet_count":0,"master_deck":["Strike_R","Strike_R+1","Strike_R","Defend_R","Defend_R","Defend_R","Defend_R+1","Bash+1","True Grit","Warcry","Cleave","Flame Barrier+1","Ghostly Armor","Limit Break+1","Shockwave","Bandage Up","Searing Blow+1","Anger","Dropkick"],"relics":["Burning Blood","Happy Flower","War Paint","Regal Pillow","Whetstone"],"acts_visited":["Exordium"],"potions_floor_usage":[6,16,16,16],"damage_taken":[{"damage":0,"enemies":"Small Slimes","floor":1,"turns":3},{"damage":8,"enemies":"2 Louse","floor":3,"turns":3},{"damage":0,"enemies":"Jaw Worm","floor":4,"turns":5},{"damage":13,"enemies":"2 Fungi Beasts","floor":5,"turns":3},{"damage":37,"enemies":"3 Sentries","floor":6,"turns":8},{"damage":21,"enemies":"Lagavulin","floor":8,"turns":10},{"damage":0,"enemies":"Looter","floor":12,"turns":3},{"damage":0,"enemies":"3 Louse","floor":14,"turns":3},{"damage":40,"enemies":"Slime Boss","floor":16,"turns":11}],"seed_played":"6770244064993238871","potions_obtained":[{"floor":3,"key":"SpeedPotion"},{"floor":4,"key":"Explosive Potion"},{"floor":12,"key":"LiquidBronze"},{"floor":14,"key":"DuplicationPotion"}],"is_trial":false,"path_per_floor":["M","?","M","M","M","E","?","E","T","?","R","M","$","M","R","B"],"character_chosen":"IRONCLAD","items_purchased":["Bandage Up","Searing Blow","Anger"],"campfire_rested":0,"item_purchase_floors":[13,13,13],"current_hp_per_floor":[80,69,67,73,66,35,28,13,13,18,18,24,24,34,34,0,0],"gold":48,"neow_bonus":"RANDOM_COMMON_RELIC","is_daily":false,"chose_seed":false,"campfire_upgraded":2,"win_rate":0.0,"timestamp":1613490814,"path_taken":["M","?","M","M","M","E","?","E","T","?","R","M","$","M","R","BOSS"],"items_purchased_type":["Card","Card","Card"],"build_version":"2020-12-22","purchased_purges":1,"victory":false,"max_hp_per_floor":[80,80,80,80,80,80,80,80,80,85,85,85,85,85,85,85,85],"card_choices":[{"not_picked":["Body Slam","Evolve"],"picked":"True Grit","floor":1},{"not_picked":["Shrug It Off","Heavy Blade"],"picked":"Warcry","floor":3},{"not_picked":["Warcry","Combust"],"picked":"Cleave","floor":4},{"not_picked":["Flex","Clothesline"],"picked":"Flame Barrier","floor":5},{"not_picked":["Uppercut","Dark Embrace"],"picked":"Ghostly Armor","floor":6},{"not_picked":["Cleave","Carnage"],"picked":"Limit Break","floor":8},{"not_picked":["Body Slam","True Grit"],"picked":"Shockwave","floor":12},{"not_picked":["Twin Strike","Feel No Pain"],"picked":"Dropkick","floor":14}],"player_experience":13480,"relics_obtained":[{"floor":6,"key":"War Paint"},{"floor":8,"key":"Regal Pillow"},{"floor":9,"key":"Whetstone"}],"event_choices":[{"damage_healed":0,"gold_gain":75,"player_choice":"Gather Gold","damage_taken":11,"max_hp_gain":0,"max_hp_loss":0,"event_name":"World of Goop","floor":2,"gold_loss":0},{"cards_removed":["Strike_R"],"damage_healed":0,"gold_gain":0,"player_choice":"Card Removal","damage_taken":7,"max_hp_gain":0,"max_hp_loss":0,"event_name":"Golden Wing","floor":7,"gold_loss":0},{"damage_healed":0,"gold_gain":0,"player_choice":"Donut","damage_taken":0,"max_hp_gain":5,"max_hp_loss":0,"event_name":"Big Fish","floor":10,"gold_loss":0}],"is_beta":false,"boss_relics":[],"items_purged_floors":[13],"is_endless":false,"potions_floor_spawned":[3,4,12,14],"killed_by":"Slime Boss","ascension_level":0}}