{"host":"8anmd7ibyxevnonj","time":1613479105,"event":{"mods":["BaseMod","Curses Come First","Minty Spire (QoL Compilation)","Reliquary","StSLib"],"gold_per_floor":[114,114,130,130,147,177,177,20,46,64,81,8,26,60,60,163,163,132,132,150,164,57,57,57],"floor_reached":23,"language":"ENG","playtime":1316,"items_purged":[],"score":203,"play_id":"ac8a73c3-97ea-4c35-8206-dbd759d5fe7f","local_time":"20210216133825","is_ascension_mode":false,"campfire_choices":[{"floor":15,"key":"REST"}],"circlet_count":0,"master_deck":["Strike_R","Strike_R","Strike_R","Defend_R","Defend_R","Defend_R","Defend_R","Bash","Sever Soul","Battle Trance","Feel No Pain","Reaper","Dropkick","Ghostly Armor","Infernal Blade","Iron Wave","Fire Breathing","Juggernaut","Shrug It Off","Berserk","Thunderclap+1","Reckless Charge","Second Wind","Disarm"],"relics":["Burning Blood","NeowsBlessing","reliquary:TuningFork","Membership Card","Dream Catcher","Bronze Scales","reliquary:SharkskinSheath","Cursed Key","Orichalcum"],"acts_visited":["Exordium","TheCity"],"potions_floor_usage":[10,11,14,21],"damage_taken":[{"damage":0,"enemies":"2 Louse","floor":1,"turns":1},{"damage":0,"enemies":"Cultist","floor":3,"turns":1},{"damage":0,"enemies":"Jaw Worm","floor":5,"turns":1},{"damage":21,"enemies":"3 Sentries","floor":6,"turns":12},{"damage":12,"enemies":"Lots of Slimes","floor":10,"turns":6},{"damage":14,"enemies":"3 Louse","floor":11,"turns":6},{"damage":19,"enemies":"Exordium Thugs","floor":13,"turns":5},{"damage":45,"enemies":"Lagavulin","floor":14,"turns":8},{"damage":20,"enemies":"Slime Boss","floor":16,"turns":8},{"damage":30,"enemies":"2 Thieves","floor":18,"turns":5},{"damage":12,"enemies":"3 Byrds","floor":20,"turns":3},{"damage":36,"enemies":"Snake Plant","floor":21,"turns":5},{"damage":39,"enemies":"Slavers","floor":23,"turns":3}],"seed_played":"4176638412137707222","potions_obtained":[{"floor":1,"key":"SneckoOil"},{"floor":5,"key":"Strength Potion"},{"floor":6,"key":"Swift Potion"},{"floor":14,"key":"ElixirPotion"},{"floor":16,"key":"FearPotion"},{"floor":18,"key":"BloodPotion"}],"is_trial":false,"path_per_floor":["M","?","M","?","M","E","?","$","T","M","M","$","M","E","R","B",null,"M","?","M","M","$","E"],"character_chosen":"IRONCLAD","items_purchased":["Membership Card","Bronze Scales","Disarm","Orichalcum"],"campfire_rested":1,"item_purchase_floors":[8,12,22,22],"current_hp_per_floor":[80,80,80,80,80,77,77,77,77,80,79,79,67,28,52,50,80,64,49,49,36,36,0,0],"gold":57,"neow_bonus":"THREE_ENEMY_KILL","is_daily":false,"chose_seed":false,"campfire_upgraded":0,"win_rate":0.0,"timestamp":1613479105,"path_taken":["M","?","?","?","?","E","?","?","T","M","M","$","M","E","R","BOSS","M","?","M","M","$","E"],"items_purchased_type":["Relic","Relic","Card","Relic"],"build_version":"2020-12-13","purchased_purges":0,"victory":false,"max_hp_per_floor":[80,80,80,80,80,80,80,80,80,80,80,80,80,80,80,80,80,80,85,85,85,85,85,85],"card_choices":[{"not_picked":["Blood for Blood","Second Wind"],"picked":"Sever Soul","floor":1},{"not_picked":["True Grit","Shrug It Off"],"picked":"Feel No Pain","floor":3},{"not_picked":["Battle Trance","Combust"],"picked":"Dropkick","floor":5},{"not_picked":["Power Through","Shrug It Off"],"picked":"Ghostly Armor","floor":6},{"not_picked":["Combust","Clash"],"picked":"Infernal Blade","floor":10},{"not_picked":["Bloodletting","Pummel"],"picked":"Iron Wave","floor":11},{"not_picked":["Sword Boomerang","Combust"],"picked":"Fire Breathing","floor":13},{"not_picked":["Clothesline","Dark Embrace"],"picked":"Juggernaut","floor":14},{"not_picked":["Pommel Strike","Anger"],"picked":"Shrug It Off","floor":15},{"not_picked":["Bludgeon","Fiend Fire"],"picked":"Berserk","floor":16},{"not_picked":["Intimidate","Power Through"],"picked":"Thunderclap+1","floor":18},{"not_picked":["Anger+1","Dual Wield"],"picked":"Reckless Charge","floor":20},{"not_picked":["Armaments","Twin Strike"],"picked":"Second Wind","floor":21}],"player_experience":0,"relics_obtained":[{"floor":6,"key":"reliquary:TuningFork"},{"floor":9,"key":"Dream Catcher"},{"floor":14,"key":"reliquary:SharkskinSheath"}],"event_choices":[{"damage_healed":0,"gold_gain":0,"cards_transformed":["Strike_R"],"player_choice":"Transformed","damage_taken":0,"max_hp_gain":0,"max_hp_loss":0,"event_name":"Transmorgrifier","floor":2,"gold_loss":0,"cards_obtained":["Battle Trance"]},{"damage_healed":0,"gold_gain":0,"player_choice":"1 cards matched","damage_taken":0,"max_hp_gain":0,"max_hp_loss":0,"event_name":"Match and Keep!","floor":4,"gold_loss":0,"cards_obtained":["Reaper"]},{"cards_removed":["Strike_R"],"damage_healed":0,"gold_gain":0,"player_choice":"Purged","damage_taken":0,"max_hp_gain":0,"max_hp_loss":0,"event_name":"Purifier","floor":7,"gold_loss":0},{"damage_healed":0,"gold_gain":0,"player_choice":"Shed Blood","damage_taken":20,"max_hp_gain":5,"max_hp_loss":0,"event_name":"Forgotten Altar","floor":19,"gold_loss":0}],"is_beta":false,"boss_relics":[{"not_picked":["Coffee Dripper","Ectoplasm"],"picked":"Cursed Key"}],"items_purged_floors":[],"is_endless":false,"potions_floor_spawned":[1,5,6,14,16,18],"killed_by":"Slavers","ascension_level":0}}