{"host":"nea7n2z8ef69uk76","time":1613518090,"event":{"mods":["BaseMod","Better Altar","Colored Powertips","Curses Come First","Emptier Cage","Minty Spire (QoL Compilation)","Permanent Neow","Quick Restart","SacredBarkPlus","Spicy Shops","StSLib","The Bug Knight"],"gold_per_floor":[118,118,138,138,148,148,173,173,196,196,215,231,231,265,265,370,370,382,60,60,80,100,100,130,130,130,130,130,143,162,162,162,264,264,280,280,300,350,364,364,364,364,388,438,438,465,475,475,475,475],"floor_reached":51,"language":"ENG","playtime":2871,"items_purged":[],"score":680,"play_id":"5263db17-f756-49a2-9033-dde0f330931f","local_time":"20210216182810","is_ascension_mode":false,"campfire_choices":[{"data":"HollowMod:MantisMark","floor":6,"key":"SMITH"},{"data":"HollowMod:NewJinnsSoul","floor":8,"key":"SMITH"},{"data":"HollowMod:CloakDash","floor":13,"key":"SMITH"},{"data":"HollowMod:PureNailStrike","floor":15,"key":"SMITH"},{"data":"HollowMod:MantisMark","floor":23,"key":"SMITH"},{"data":"HollowMod:SiblingsSouls","floor":25,"key":"SMITH"},{"floor":27,"key":"REST"},{"data":"HollowMod:ElderbugsWisdom","floor":32,"key":"SMITH"},{"data":"HollowMod:HerrahsAnger","floor":40,"key":"SMITH"},{"data":"HollowMod:ShapeofUnn","floor":42,"key":"SMITH"},{"data":"HollowMod:QuirrelsAssistance","floor":45,"key":"SMITH"},{"floor":49,"key":"REST"}],"circlet_count":0,"master_deck":["HollowMod:NailStrikeStart","HollowMod:NailStrikeStart","HollowMod:NailStrikeStart","HollowMod:QuickDashStart","HollowMod:QuickDashStart","HollowMod:QuickDashStart","HollowMod:QuickDashStart","HollowMod:FocusHealStart+1","HollowMod:PogoStrike","HollowMod:CloakDash+1","HollowMod:AwokenDreamNail+1","HollowMod:MantisMark+1","HollowMod:NewJinnsSoul+1","HollowMod:CornifersMapStart","HollowMod:PureNailStrike+1","HollowMod:ElderbugsWisdom+1","HollowMod:SiblingsSouls+1","HollowMod:MantisMark+1","HollowMod:ShapeofUnn+1","HollowMod:DoubleDash+1","HollowMod:DashSlash+1","HollowMod:HerrahsAnger+1","CurseOfTheBell","HollowMod:QuirrelsAssistance+1","HollowMod:DashSlash+1","HollowMod:DoubleDash+1"],"relics":["HollowMod:VesselMask","Strawberry","Juzu Bracelet","Potion Belt","HollowMod:QueensCombRelic","Busted Crown","Nloth\u0027s Gift","HollowMod:KingsBrand","Blue Candle","FaceOfCleric","Calling Bell","Omamori","Darkstone Periapt","Shovel","Lizard Tail","Calipers","Mango","Pen Nib"],"acts_visited":["Exordium","TheCity","TheBeyond"],"potions_floor_usage":[5,24,24,29,38,38,41,47],"damage_taken":[{"damage":1,"enemies":"Cultist","floor":1,"turns":3},{"damage":0,"enemies":"2 Louse","floor":3,"turns":3},{"damage":0,"enemies":"Small Slimes","floor":5,"turns":3},{"damage":4,"enemies":"3 Sentries","floor":7,"turns":8},{"damage":7,"enemies":"Red Slaver","floor":11,"turns":3},{"damage":10,"enemies":"Looter","floor":12,"turns":3},{"damage":30,"enemies":"Lagavulin","floor":14,"turns":4},{"damage":31,"enemies":"Slime Boss","floor":16,"turns":8},{"damage":7,"enemies":"2 Thieves","floor":18,"turns":3},{"damage":8,"enemies":"Spheric Guardian","floor":21,"turns":4},{"damage":13,"enemies":"Cultist and Chosen","floor":22,"turns":8},{"damage":57,"enemies":"Slavers","floor":24,"turns":9},{"damage":4,"enemies":"Snecko","floor":29,"turns":4},{"damage":0,"enemies":"Chosen and Byrds","floor":30,"turns":6},{"damage":63,"enemies":"Champ","floor":33,"turns":10},{"damage":3,"enemies":"Orb Walker","floor":35,"turns":3},{"damage":0,"enemies":"3 Shapes","floor":37,"turns":4},{"damage":66,"enemies":"2 Orb Walkers","floor":38,"turns":7},{"damage":17,"enemies":"Writhing Mass","floor":39,"turns":6},{"damage":0,"enemies":"Jaw Worm Horde","floor":41,"turns":2},{"damage":4,"enemies":"Mind Bloom Boss Battle","floor":44,"turns":8},{"damage":59,"enemies":"Giant Head","floor":46,"turns":9},{"damage":8,"enemies":"4 Shapes","floor":47,"turns":5},{"damage":34,"enemies":"HollowMod:Radiance","floor":50,"turns":10}],"seed_played":"-6859901398080329989","potions_obtained":[{"floor":3,"key":"Ancient Potion"},{"floor":5,"key":"Fruit Juice"},{"floor":7,"key":"Ancient Potion"},{"floor":18,"key":"Weak Potion"},{"floor":21,"key":"SmokeBomb"},{"floor":30,"key":"PowerPotion"},{"floor":33,"key":"DistilledChaos"},{"floor":39,"key":"SmokeBomb"},{"floor":46,"key":"DuplicationPotion"}],"is_trial":false,"path_per_floor":["M","?","M","?","M","R","E","R","T","?","M","M","R","E","R","B",null,"M","$","?","M","M","R","E","R","T","R","?","M","M","?","R","B",null,"M","T","M","?","M","R","M","R","T","?","R","E","M","?","R","B",null],"character_chosen":"THE_BUGKNIGHT","items_purchased":["War Paint","HollowMod:MantisMark"],"campfire_rested":2,"item_purchase_floors":[19,19],"current_hp_per_floor":[81,86,86,86,91,91,92,92,92,92,85,81,81,57,57,35,60,53,53,53,58,57,57,15,15,15,33,33,47,60,60,60,10,61,59,59,63,32,34,34,49,49,49,74,74,23,26,26,50,41],"gold":475,"neow_bonus":"RANDOM_COMMON_RELIC","is_daily":false,"chose_seed":false,"campfire_upgraded":10,"win_rate":0.0,"timestamp":1613518090,"path_taken":["M","?","M","?","M","R","E","R","T","?","M","M","R","E","R","BOSS","M","$","?","M","M","R","E","R","T","R","?","M","M","?","R","BOSS","M","?","M","?","M","R","M","R","T","?","R","E","M","?","R","BOSS"],"items_purchased_type":["Relic","Card"],"build_version":"2020-12-22","purchased_purges":0,"victory":true,"max_hp_per_floor":[82,87,87,87,92,92,92,92,92,92,92,92,92,60,60,60,60,60,60,60,60,60,60,60,60,60,60,60,60,60,60,60,61,61,62,62,63,64,65,65,66,66,66,81,81,82,83,83,83,84],"card_choices":[{"not_picked":["HollowMod:HeavyBlow","HollowMod:DashSlash"],"picked":"HollowMod:CloakDash","floor":1},{"not_picked":["HollowMod:InfectedCysts","HollowMod:GrimmsGift"],"picked":"HollowMod:AwokenDreamNail","floor":3},{"not_picked":["HollowMod:DescendingDark","HollowMod:LifebloodCocoon"],"picked":"HollowMod:MantisMark","floor":5},{"not_picked":["HollowMod:DungDefenderAura","HollowMod:SiblingsSouls"],"picked":"HollowMod:NewJinnsSoul","floor":7},{"not_picked":["HollowMod:CoiledNail","HollowMod:TaintedHusks","HollowMod:DungDefenderAura"],"picked":"SKIP","floor":11},{"not_picked":["HollowMod:CoiledNail","HollowMod:HeavyBlow"],"picked":"HollowMod:PureNailStrike","floor":12},{"not_picked":["HollowMod:InfectedAttack","HollowMod:MothsMistake"],"picked":"HollowMod:DoubleDash","floor":14},{"not_picked":["HollowMod:VoidDash","HollowMod:HornetsHelp"],"picked":"HollowMod:ElderbugsWisdom","floor":16},{"not_picked":[],"picked":"HollowMod:SiblingsSouls","floor":18},{"not_picked":["HollowMod:InfectedCysts"],"picked":"SKIP","floor":21},{"not_picked":[],"picked":"HollowMod:ShapeofUnn","floor":22},{"not_picked":["HollowMod:LuriensSpire+1"],"picked":"SKIP","floor":24},{"not_picked":[],"picked":"HollowMod:DoubleDash+1","floor":29},{"not_picked":[],"picked":"HollowMod:DashSlash+1","floor":30},{"not_picked":[],"picked":"HollowMod:HerrahsAnger","floor":33},{"not_picked":["HollowMod:InfectionAssault"],"picked":"SKIP","floor":35},{"not_picked":[],"picked":"HollowMod:QuirrelsAssistance","floor":37},{"not_picked":[],"picked":"HollowMod:DashSlash+1","floor":38},{"not_picked":[],"picked":"HollowMod:DoubleDash+1","floor":39},{"not_picked":["HollowMod:Grubsong"],"picked":"SKIP","floor":46},{"not_picked":["HollowMod:WraithStrike"],"picked":"SKIP","floor":47}],"player_experience":423610,"relics_obtained":[{"floor":7,"key":"Juzu Bracelet"},{"floor":9,"key":"Potion Belt"},{"floor":14,"key":"HollowMod:QueensCombRelic"},{"floor":24,"key":"HollowMod:KingsBrand"},{"floor":26,"key":"Blue Candle"},{"floor":34,"key":"Omamori"},{"floor":34,"key":"Darkstone Periapt"},{"floor":34,"key":"Shovel"},{"floor":36,"key":"Lizard Tail"},{"floor":38,"key":"Calipers"},{"floor":44,"key":"Mango"},{"floor":46,"key":"Pen Nib"}],"event_choices":[{"damage_healed":0,"gold_gain":0,"player_choice":"Donut","damage_taken":0,"max_hp_gain":5,"max_hp_loss":0,"event_name":"Big Fish","floor":2,"gold_loss":0},{"damage_healed":0,"gold_gain":0,"player_choice":"Forge","damage_taken":0,"max_hp_gain":0,"max_hp_loss":0,"event_name":"Accursed Blacksmith","floor":4,"gold_loss":0,"cards_upgraded":["HollowMod:AwokenDreamNail"]},{"damage_healed":0,"gold_gain":0,"cards_transformed":["HollowMod:NailStrikeStart"],"player_choice":"Transformed","damage_taken":0,"max_hp_gain":0,"max_hp_loss":0,"event_name":"Transmorgrifier","floor":10,"gold_loss":0,"cards_obtained":["HollowMod:CornifersMapStart"]},{"damage_healed":0,"gold_gain":0,"player_choice":"Traded Relic","damage_taken":0,"relics_obtained":["Nloth\u0027s Gift"],"max_hp_gain":0,"max_hp_loss":0,"event_name":"N\u0027loth","floor":20,"relics_lost":["War Paint"],"gold_loss":0},{"damage_healed":0,"gold_gain":0,"player_choice":"Ignored","damage_taken":0,"max_hp_gain":0,"max_hp_loss":0,"event_name":"Vampires","floor":28,"gold_loss":0},{"damage_healed":0,"gold_gain":0,"player_choice":"Trade","damage_taken":0,"relics_obtained":["FaceOfCleric"],"max_hp_gain":0,"max_hp_loss":0,"event_name":"FaceTrader","floor":31,"gold_loss":0},{"damage_healed":0,"gold_gain":0,"player_choice":"Fight","damage_taken":0,"max_hp_gain":0,"max_hp_loss":0,"event_name":"Mysterious Sphere","floor":38,"gold_loss":0},{"damage_healed":0,"gold_gain":0,"player_choice":"Fight","damage_taken":0,"max_hp_gain":0,"max_hp_loss":0,"event_name":"MindBloom","floor":44,"gold_loss":0},{"cards_removed":["HollowMod:DoubleDash"],"damage_healed":0,"gold_gain":0,"player_choice":"Removed Skill","damage_taken":0,"max_hp_gain":0,"max_hp_loss":0,"event_name":"Falling","floor":48,"gold_loss":0}],"is_beta":false,"boss_relics":[{"not_picked":["Runic Pyramid","Empty Cage"],"picked":"Busted Crown"},{"not_picked":["Velvet Choker","Pandora\u0027s Box"],"picked":"Calling Bell"}],"items_purged_floors":[],"is_endless":false,"potions_floor_spawned":[3,5,7,18,21,30,33,39,41,46],"ascension_level":0}}