{"host":"en4narc5947t7k9n","time":1613489790,"event":{"mods":["AchievementEnabler","BaseMod","Colored Map","Minty Spire (QoL Compilation)","SuperFastMode"],"gold_per_floor":[111,111,36,36,52,52,72,72,72,72,106,126,34,60,60,163,163,173,273,291,310,322,322,322,342,342,342,355,373,373,392,392,493,493,511,528,350,350,81,81,98,115,161,161,161],"floor_reached":44,"language":"KOR","playtime":2048,"items_purged":["Strike_R","Strike_R","Strike_R"],"score":447,"play_id":"919e49e3-f96d-4149-8f7e-80f9ede1d01e","local_time":"20210217003630","is_ascension_mode":false,"campfire_choices":[{"data":"Carnage","floor":6,"key":"SMITH"},{"data":"Feed","floor":8,"key":"SMITH"},{"data":"Clash","floor":10,"key":"SMITH"},{"data":"Enlightenment","floor":15,"key":"SMITH"},{"data":"Blood for Blood","floor":23,"key":"SMITH"},{"data":"Evolve","floor":27,"key":"SMITH"},{"floor":32,"key":"REST"},{"data":"Barricade","floor":40,"key":"SMITH"}],"circlet_count":0,"master_deck":["Strike_R","Strike_R","Defend_R","Defend_R","Defend_R","Defend_R","Bash","Clash+1","Carnage+1","Feed+1","Iron Wave","Blood for Blood+1","Enlightenment+1","Clash+1","Immolate+1","Wild Strike+1","Sword Boomerang+1","Ghostly Armor+1","Evolve+1","Clash+1","Bloodletting","Perfected Strike+1","Sever Soul+1","Barricade+1","Dropkick+1","Sever Soul+1","Fiend Fire+1","Chrysalis","Parasite","Seeing Red+1","Inflame+1"],"relics":["Black Blood","Toy Ornithopter","Pear","Paper Frog","Lizard Tail","Molten Egg 2","Pen Nib","CultistMask","SlaversCollar","HandDrill","Strawberry"],"acts_visited":["Exordium","TheCity","TheBeyond"],"potions_floor_usage":[16,21,29,33,33,33,41],"damage_taken":[{"damage":4,"enemies":"Small Slimes","floor":1,"turns":4},{"damage":6,"enemies":"Jaw Worm","floor":5,"turns":2},{"damage":0,"enemies":"Cultist","floor":7,"turns":3},{"damage":21,"enemies":"Lagavulin","floor":11,"turns":4},{"damage":0,"enemies":"3 Louse","floor":12,"turns":3},{"damage":30,"enemies":"3 Sentries","floor":14,"turns":7},{"damage":22,"enemies":"Slime Boss","floor":16,"turns":5},{"damage":10,"enemies":"2 Thieves","floor":18,"turns":3},{"damage":10,"enemies":"Spheric Guardian","floor":20,"turns":3},{"damage":5,"enemies":"Cultist and Chosen","floor":21,"turns":4},{"damage":20,"enemies":"Sentry and Sphere","floor":22,"turns":4},{"damage":39,"enemies":"3 Cultists","floor":25,"turns":6},{"damage":28,"enemies":"Shelled Parasite and Fungi","floor":28,"turns":5},{"damage":22,"enemies":"Centurion and Healer","floor":29,"turns":5},{"damage":0,"enemies":"Snake Plant","floor":31,"turns":2},{"damage":104,"enemies":"Automaton","floor":33,"turns":9},{"damage":28,"enemies":"3 Darklings","floor":35,"turns":4},{"damage":31,"enemies":"Orb Walker","floor":36,"turns":4},{"damage":40,"enemies":"Writhing Mass","floor":41,"turns":4},{"damage":25,"enemies":"Sphere and 2 Shapes","floor":42,"turns":4},{"damage":34,"enemies":"3 Darklings","floor":44,"turns":2}],"seed_played":"-8319760613520281594","potions_obtained":[{"floor":7,"key":"SkillPotion"},{"floor":11,"key":"Block Potion"},{"floor":14,"key":"BloodPotion"},{"floor":18,"key":"SkillPotion"},{"floor":21,"key":"HeartOfIron"},{"floor":31,"key":"LiquidBronze"},{"floor":36,"key":"DuplicationPotion"}],"is_trial":false,"path_per_floor":["M","?","$","?","M","R","M","R","T","R","E","M","$","E","R","B",null,"M","?","M","M","M","R","?","M","T","R","M","M","?","M","R","B",null,"M","M","$","?","$","R","M","M","T","M"],"character_chosen":"IRONCLAD","items_purchased":["Enlightenment","Fiend Fire+1","HandDrill"],"campfire_rested":1,"item_purchase_floors":[13,37,39],"current_hp_per_floor":[80,87,87,87,87,87,90,90,90,90,75,81,81,57,57,46,90,90,90,90,90,82,82,64,37,37,37,21,16,16,28,56,28,95,79,60,60,60,60,60,37,24,31,0,0],"gold":161,"neow_bonus":"RANDOM_COMMON_RELIC","is_daily":false,"chose_seed":false,"campfire_upgraded":7,"win_rate":0.0,"timestamp":1613489790,"path_taken":["M","?","$","?","M","R","M","R","T","R","E","M","?","E","R","BOSS","M","?","?","M","M","R","?","M","T","R","M","M","?","M","R","BOSS","M","?","$","?","$","R","M","M","T","M"],"items_purchased_type":["Card","Card","Relic"],"build_version":"2020-12-22","purchased_purges":3,"victory":false,"max_hp_per_floor":[80,90,90,90,90,90,90,90,90,90,90,90,90,90,90,90,90,90,90,90,90,90,90,95,95,95,95,95,95,95,95,95,95,95,95,95,95,95,95,95,95,95,102,102,102],"card_choices":[{"not_picked":["Thunderclap","Cleave"],"picked":"Clash","floor":1},{"not_picked":["Body Slam","Warcry"],"picked":"Carnage","floor":5},{"not_picked":["Heavy Blade","Pommel Strike"],"picked":"Feed","floor":7},{"not_picked":["Headbutt","Cleave"],"picked":"Iron Wave","floor":11},{"not_picked":["Body Slam","Sword Boomerang"],"picked":"Blood for Blood","floor":12},{"not_picked":["Headbutt+1","Juggernaut"],"picked":"Clash+1","floor":14},{"not_picked":["Brutality","Berserk"],"picked":"Immolate+1","floor":16},{"not_picked":["Shrug It Off","Blood for Blood+1"],"picked":"Wild Strike+1","floor":18},{"not_picked":["Disarm","Wild Strike+1"],"picked":"Sword Boomerang+1","floor":20},{"not_picked":["Armaments","Inflame+1"],"picked":"Ghostly Armor+1","floor":21},{"not_picked":["Armaments","Feel No Pain"],"picked":"Evolve","floor":22},{"not_picked":["Power Through","Pommel Strike+1"],"picked":"Clash+1","floor":25},{"not_picked":["Armaments","Headbutt+1"],"picked":"Bloodletting","floor":28},{"not_picked":["Rupture+1","Searing Blow+1"],"picked":"Perfected Strike+1","floor":29},{"not_picked":["Cleave+1","Iron Wave+1"],"picked":"Sever Soul+1","floor":31},{"not_picked":["Demon Form","Impervious"],"picked":"Barricade","floor":33},{"not_picked":["Hemokinesis+1","Thunderclap+1"],"picked":"Dropkick+1","floor":35},{"not_picked":["Body Slam+1","Bloodletting"],"picked":"Sever Soul+1","floor":36},{"not_picked":["Secret Technique","PanicButton"],"picked":"Chrysalis","floor":38},{"not_picked":["Fire Breathing","Reckless Charge+1"],"picked":"Seeing Red+1","floor":41},{"not_picked":["Body Slam+1","Wild Strike+1"],"picked":"Inflame+1","floor":42}],"player_experience":11432,"relics_obtained":[{"floor":9,"key":"Paper Frog"},{"floor":11,"key":"Lizard Tail"},{"floor":14,"key":"Molten Egg 2"},{"floor":26,"key":"Pen Nib"},{"floor":43,"key":"Strawberry"}],"event_choices":[{"damage_healed":0,"gold_gain":0,"player_choice":"Success","damage_taken":3,"relics_obtained":["Pear"],"max_hp_gain":0,"max_hp_loss":0,"event_name":"Scrap Ooze","floor":2,"gold_loss":0},{"damage_healed":0,"gold_gain":0,"player_choice":"Ignored","damage_taken":0,"max_hp_gain":0,"max_hp_loss":0,"event_name":"Liars Game","floor":4,"gold_loss":0},{"damage_healed":0,"gold_gain":100,"player_choice":"Pray","damage_taken":0,"max_hp_gain":0,"max_hp_loss":0,"event_name":"Golden Shrine","floor":19,"gold_loss":0},{"damage_healed":0,"gold_gain":0,"player_choice":"Shed Blood","damage_taken":23,"max_hp_gain":5,"max_hp_loss":0,"event_name":"Forgotten Altar","floor":24,"gold_loss":0},{"damage_healed":0,"gold_gain":0,"player_choice":"Trade","damage_taken":0,"relics_obtained":["CultistMask"],"max_hp_gain":0,"max_hp_loss":0,"event_name":"FaceTrader","floor":30,"gold_loss":0},{"damage_healed":0,"gold_gain":0,"player_choice":"Memory 1","damage_taken":0,"max_hp_gain":0,"max_hp_loss":0,"event_name":"SensoryStone","floor":38,"gold_loss":0}],"is_beta":false,"boss_relics":[{"not_picked":["Fusion Hammer","Busted Crown"],"picked":"Black Blood"},{"not_picked":["Sozu","Black Star"],"picked":"SlaversCollar"}],"items_purged_floors":[3,37,39],"is_endless":false,"potions_floor_spawned":[7,11,14,18,21,31,36],"killed_by":"3 Darklings","ascension_level":0}}