{"host":"si7aosx2z4m2u697","time":1613496058,"event":{"mods":["2.2 Compatiblity","Act Like it!","Ascension Reborn","Aspiration","Bard","BaseMod","Beaked The Cultist","Better Third Choice","BetterRewards","Card Forge","Colored Powertips","Conspire","Downfall","Elementarium","Friendly Minions","Gensokyo","GifTheSpireLib","Glutton Mod","Halation","Hallownest","Highlight Path","Hubris","Infinite Spire","Mad Scientist","Marisa????????","Minty Spire (QoL Compilation)","Pale of the Ancients","Permanent Neow","Quick Restart","READ ME - Guardian Mod","READ ME - Snecko Mod","Rare Cards Sparkle","Replay The Spire","Shop Mod","Spicy Shops","Spikes Relics","StSLib","Stuff the Spire","SuperFastMode","Synergy Search","The Animator","The Blackbeard","The Bug Knight","The Construct","The Cursed","The Disciple","The Jungle","The Mystic","The Servant 0.9.4","The Witch"],"gold_per_floor":[113,113,113,113,123,123,123],"floor_reached":6,"language":"ENG","playtime":259,"items_purged":[],"score":41,"play_id":"0da20940-9426-4be9-abab-12fe998ef48a","local_time":"20210216172058","is_ascension_mode":true,"campfire_choices":[],"circlet_count":0,"master_deck":["Strike_R","Strike_R","Strike_R+1","Strike_R","Strike_R","Defend_R","Defend_R","Defend_R","Defend_R","Bash","StuffTheSpire:BloodClot","Flex+1","Fire Breathing"],"relics":["Burning Blood","Hammer of Thor","Seething Fire","Anvil of the Gods","hubris:Icosahedron"],"acts_visited":["Exordium"],"potions_floor_usage":[],"damage_taken":[{"damage":1,"enemies":"Small Slimes","floor":1,"turns":4},{"damage":3,"enemies":"2 Louse","floor":5,"turns":3},{"damage":101,"enemies":"Gremlin Nob","floor":6,"turns":5}],"seed_played":"3264561552070238652","potions_obtained":[],"is_trial":false,"path_per_floor":["M","?","?","?","M","E"],"character_chosen":"IRONCLAD","items_purchased":[],"campfire_rested":0,"item_purchase_floors":[],"current_hp_per_floor":[80,83,83,83,83,0,0],"gold":123,"neow_bonus":"THREE_CARDS","is_daily":false,"chose_seed":false,"campfire_upgraded":0,"win_rate":0.0,"timestamp":1613496058,"path_taken":["M","?","?","?","M","E"],"items_purchased_type":[],"build_version":"2020-12-22","purchased_purges":0,"victory":false,"max_hp_per_floor":[80,83,83,83,83,83,83],"card_choices":[{"not_picked":["BarbarianYell","ReplayTheSpireMod:Strike From Hell"],"picked":"StuffTheSpire:BloodClot","floor":0},{"not_picked":["Armaments","Thunderclap"],"picked":"Flex","floor":1},{"not_picked":["Headbutt","Wild Strike"],"picked":"Fire Breathing","floor":5}],"player_experience":323680,"relics_obtained":[],"event_choices":[{"damage_healed":83,"gold_gain":0,"player_choice":"Leave","damage_taken":0,"max_hp_gain":0,"max_hp_loss":83,"event_name":"betterThird:BetterShining","floor":4,"gold_loss":0}],"is_beta":false,"boss_relics":[],"items_purged_floors":[],"is_endless":false,"potions_floor_spawned":[],"killed_by":"Gremlin Nob","ascension_level":4}}