{"host":"i9z6y8pcdeu2qxnx","time":1613502705,"event":{"mods":["BaseMod","Colored Map","Googly Eyes","Highlight Path","Minty Spire (QoL Compilation)","Replay The Spire","StSLib"],"gold_per_floor":[410,422,57,67,67,67,79,106,106,106,139,314,344,344,344,344,344],"floor_reached":16,"language":"ENG","playtime":1199,"items_purged":[],"score":108,"play_id":"e671d0bd-de8c-42e4-afe0-1b7d83912c26","local_time":"20210216141145","daily_mods":["Heirloom","Diverse","Binary"],"is_ascension_mode":false,"campfire_choices":[{"data":"ReplayTheSpireMod:LeadingStrike","floor":6,"key":"SMITH"},{"floor":10,"key":"REST"},{"floor":15,"key":"REST"}],"circlet_count":0,"master_deck":["Strike_G","Strike_G","Strike_G+1","Strike_G","Strike_G","Defend_G","Defend_G+1","Defend_G","Defend_G","Survivor","Neutralize","ReplayTheSpireMod:LeadingStrike+1","Beam Cell","Self Repair","Thunderclap","Leap","Outmaneuver","Buffer","Iron Wave","Doubt","Power Through"],"relics":["Ring of the Snake","Old Coin","Replay:Bottled Snecko","Bag of Marbles","Simple Rune","Golden Egg","ReplayTheSpireMod:TigerMarble"],"acts_visited":["Exordium"],"potions_floor_usage":[7,16],"damage_taken":[{"damage":0,"enemies":"2 Louse","floor":1,"turns":4},{"damage":3,"enemies":"Jaw Worm","floor":2,"turns":4},{"damage":1,"enemies":"Cultist","floor":4,"turns":3},{"damage":6,"enemies":"Red Slaver","floor":7,"turns":6},{"damage":44,"enemies":"Lagavulin","floor":8,"turns":11},{"damage":38,"enemies":"Gremlin Nob","floor":11,"turns":7},{"damage":54,"enemies":"The Guardian","floor":16,"turns":9}],"seed_played":"5422288010508605007","potions_obtained":[{"floor":2,"key":"Dexterity Potion"},{"floor":11,"key":"Swift Potion"}],"is_trial":true,"path_per_floor":["M","M","$","M","$","R","M","E","T","R","E","?","?","?","R","B"],"character_chosen":"THE_SILENT","items_purchased":["Replay:Bottled Snecko","Self Repair","Thunderclap"],"campfire_rested":2,"item_purchase_floors":[3,3,3],"current_hp_per_floor":[70,67,67,70,70,70,70,33,33,54,23,23,23,23,44,0,0],"gold":344,"neow_bonus":"","is_daily":false,"chose_seed":false,"campfire_upgraded":1,"win_rate":0.0,"timestamp":1613502705,"path_taken":["M","M","$","M","$","R","M","E","T","R","E","?","?","?","R","BOSS"],"items_purchased_type":["Relic","Card","Card"],"build_version":"2020-12-22","purchased_purges":0,"victory":false,"max_hp_per_floor":[70,70,70,70,70,70,70,70,70,70,70,70,70,70,70,70,70],"card_choices":[{"not_picked":["Dagger Throw"],"picked":"ReplayTheSpireMod:LeadingStrike","floor":1},{"not_picked":["Ball Lightning"],"picked":"Beam Cell","floor":2},{"not_picked":["Reflex"],"picked":"Leap","floor":4},{"not_picked":["Blade Dance"],"picked":"Outmaneuver","floor":7},{"not_picked":["Halt"],"picked":"Buffer","floor":8},{"not_picked":["Grand Finale"],"picked":"Iron Wave","floor":11}],"player_experience":1018920,"relics_obtained":[{"floor":8,"key":"Bag of Marbles"},{"floor":9,"key":"Simple Rune"},{"floor":11,"key":"Golden Egg"}],"event_choices":[{"damage_healed":0,"gold_gain":175,"player_choice":"AGREE","damage_taken":0,"max_hp_gain":0,"max_hp_loss":0,"event_name":"Liars Game","floor":12,"gold_loss":0,"cards_obtained":["Doubt"]},{"damage_healed":0,"gold_gain":30,"player_choice":"Searched \u00273\u0027 times","damage_taken":0,"relics_obtained":["ReplayTheSpireMod:TigerMarble"],"max_hp_gain":0,"max_hp_loss":0,"event_name":"Dead Adventurer","floor":13,"gold_loss":0},{"damage_healed":0,"gold_gain":0,"cards_transformed":["Defend_G"],"player_choice":"Transformed","damage_taken":0,"max_hp_gain":0,"max_hp_loss":0,"event_name":"Transmorgrifier","floor":14,"gold_loss":0,"cards_obtained":["Power Through"]}],"is_beta":false,"boss_relics":[],"items_purged_floors":[],"is_endless":false,"potions_floor_spawned":[2,11],"killed_by":"The Guardian","ascension_level":0}}