{"host":"7r6bd5ce6zscnmwq","time":1613492206,"event":{"mods":["BaseMod","Block Reminder","Colored Map","Colored Powertips","Curses Come First","Downfall","Minty Spire (QoL Compilation)","Quick Restart","Reliquary","Shop Mod","Spicy Shops","StSLib"],"gold_per_floor":[349,366,366,382,392,392,392,410,34,51,82,82,82,82,97,192,192,192,211,45,59,72,82,82,95,109,109,123,133,133,133,153,255,255,255,269,269,85,85,95,121,29,29,46,46,46,74,87,104,104],"floor_reached":51,"language":"ENG","playtime":5846,"items_purged":["Pain","Decay","hexamod:Defend","hexamod:GhostOfSpirePresent+1"],"score":844,"play_id":"b2bac66c-772d-46e2-8e08-8ffb782d9213","local_time":"20210217011646","is_ascension_mode":true,"campfire_choices":[{"data":"hexamod:Float","floor":1.0,"key":"SMITH"},{"data":"hexamod:Haunt","floor":6.0,"key":"SMITH"},{"floor":13.0,"key":"REST"},{"data":"hexamod:GiftsFromTheDead","floor":18.0,"key":"SMITH"},{"floor":30,"key":"REST"},{"data":"hexamod:TimeOfNeed","floor":35,"key":"SMITH"},{"data":"hexamod:ForkedFlame","floor":45,"key":"SMITH"}],"circlet_count":0,"master_deck":["hexamod:Strike","hexamod:Strike","hexamod:Defend","hexamod:Sear","hexamod:Float+1","hexamod:RadiantFlame","hexamod:GhostOfSpirePast+1","hexamod:Haunt+1","hexamod:GiftsFromTheDead+1","hexamod:ShieldOfDarkness","hexamod:Hexaguard","hexamod:Float+1","hexamod:ChargedBarrage","hexamod:VolcanoVisage","hexamod:SearingWound+1","hexamod:AdvancingGuard+1","hexamod:GhostLash+1","hexamod:ExtraCrispy","hexamod:Rewind+1","hexamod:SpectralAdrenaline","hexamod:SoulSteal","hexamod:FastForward","hexamod:TimeOfNeed+1","hexamod:TimeWarp","hexamod:HeatCrush","hexamod:ForkedFlame+1","hexamod:PhantomCloak+1"],"relics":["hexamod:SpiritBrand","Ancient Tea Set","reliquary:BoilingFlask","Thread and Needle","Gremlin Horn","Astrolabe","Omamori","sneckomod:BabySnecko","hexamod:IceCube","Blue Candle","Calipers","reliquary:Firecrackers","PreservedInsect"],"acts_visited":["Exordium","TheCity","TheBeyond"],"potions_floor_usage":[25,47,50],"damage_taken":[{"damage":4.0,"enemies":"Small Slimes","floor":2.0,"turns":4.0},{"damage":6.0,"enemies":"Cultist","floor":4.0,"turns":4.0},{"damage":4.0,"enemies":"Jaw Worm","floor":5.0,"turns":3.0},{"damage":11.0,"enemies":"2 Fungi Beasts","floor":8.0,"turns":3.0},{"damage":12.0,"enemies":"downfall:FleeingMerchant","floor":9.0,"turns":4.0},{"damage":0.0,"enemies":"Lots of Slimes","floor":10.0,"turns":5.0},{"damage":8.0,"enemies":"Lagavulin","floor":11.0,"turns":6.0},{"damage":0.0,"enemies":"Exordium Thugs","floor":15.0,"turns":3.0},{"damage":25.0,"enemies":"DF_ARCHETYPE_STREAMLINE","floor":16.0,"turns":10.0},{"damage":0.0,"enemies":"downfall:LooterAlt2","floor":19.0,"turns":4.0},{"damage":6.0,"enemies":"downfall:FleeingMerchant","floor":20.0,"turns":4.0},{"damage":29.0,"enemies":"3 Byrds","floor":21.0,"turns":5.0},{"damage":3.0,"enemies":"Snake Plant","floor":22.0,"turns":4.0},{"damage":0,"enemies":"Snecko","floor":23,"turns":4},{"damage":4,"enemies":"Centurion and Healer","floor":25,"turns":3},{"damage":9,"enemies":"Snake Plant","floor":26,"turns":4},{"damage":9,"enemies":"3 Cultists","floor":28,"turns":3},{"damage":3,"enemies":"Centurion and Healer","floor":29,"turns":5},{"damage":7,"enemies":"Snake Plant","floor":32,"turns":3},{"damage":2,"enemies":"IC_MUSHROOM_ARCHETYPE","floor":33,"turns":6},{"damage":0,"enemies":"3 Darklings","floor":36,"turns":5},{"damage":0,"enemies":"downfall:FleeingMerchant","floor":38,"turns":4},{"damage":0,"enemies":"3 Shapes","floor":40,"turns":3},{"damage":4,"enemies":"downfall:FleeingMerchant","floor":42,"turns":3},{"damage":0,"enemies":"Sphere and 2 Shapes","floor":44,"turns":4},{"damage":7,"enemies":"Reptomancer","floor":47,"turns":4},{"damage":19,"enemies":"Spire Growth","floor":48,"turns":4},{"damage":0,"enemies":"Transient","floor":49,"turns":5},{"damage":3,"enemies":"SI_POISON_ARCHETYPE","floor":50,"turns":6}],"seed_played":"-3359051183062243452","potions_obtained":[{"floor":8.0,"key":"FearPotion"},{"floor":11.0,"key":"DistilledChaos"},{"floor":15.0,"key":"Dexterity Potion"},{"floor":21.0,"key":"FearPotion"},{"floor":22,"key":"Strength Potion"},{"floor":25,"key":"ColorlessPotion"},{"floor":28,"key":"SteroidPotion"},{"floor":47,"key":"AttackPotion"}],"is_trial":false,"path_per_floor":["R","M","?","M","M","R","T","M","$","M","E","?","R","?","M","B",null,"R","M","$","M","M","M","T","M","M","?","M","M","R","?","M","B",null,"R","M","?","$","?","M","T","$","?","M","R","?","E","M","M","B",null],"character_chosen":"THE_SPIRIT","items_purchased":["reliquary:BoilingFlask","Thread and Needle","hexamod:ExtraCrispy","hexamod:SoulburnPotion","hexamod:HeatCrush","Calipers"],"campfire_rested":2,"item_purchase_floors":[9,9,20,20,38,42],"current_hp_per_floor":[70,66,66,60,56,56,56,45,33,33,25,25,46,46,46,21,70,70,70,64,35,32,32,32,29,20,20,11,8,29,29,22,20,71,71,71,71,71,66,66,66,62,62,62,62,62,55,36,36,33],"gold":104,"neow_bonus":"TWO_FIFTY_GOLD","is_daily":false,"chose_seed":false,"campfire_upgraded":5,"win_rate":0.0,"timestamp":1613492206,"path_taken":["R","M","?","M","M","R","T","?","?","M","E","?","R","?","M","BOSS","R","M","?","M","?","M","T","M","M","?","M","M","R","?","M","BOSS","R","M","?","$","?","M","T","?","?","M","R","?","E","M","M","BOSS"],"items_purchased_type":["Relic","Relic","Card","Potion","Card","Relic"],"build_version":"2020-12-22","purchased_purges":4,"victory":true,"max_hp_per_floor":[70,70,70,70,70,70,70,70,70,70,70,70,70,70,70,70,70,70,70,70,70,70,70,70,71,71,71,71,71,71,71,71,71,71,71,71,71,71,71,71,71,71,71,71,71,71,71,71,71,71],"card_choices":[{"not_picked":["hexamod:HeatMetal","hexamod:BacktrackSmack"],"picked":"hexamod:RadiantFlame","floor":2.0},{"not_picked":["hexamod:RetreatToShadows","hexamod:PhantomCloak","hexamod:HeatMetal"],"picked":"SKIP","floor":4.0},{"not_picked":["hexamod:ChargedBarrage","hexamod:NightmareStrike"],"picked":"hexamod:Haunt","floor":5.0},{"not_picked":["hexamod:GhostShield","hexamod:SpectersWail"],"picked":"hexamod:GiftsFromTheDead","floor":8.0},{"not_picked":["hexamod:InspiringFlames","hexamod:FirstSeal"],"picked":"hexamod:ShieldOfDarkness","floor":9.0},{"not_picked":["hexamod:GhostShield","hexamod:SwordOfDarkness"],"picked":"hexamod:Hexaguard","floor":10.0},{"not_picked":["hexamod:HauntingEcho","hexamod:BurningTouch","hexamod:PhantomFireball"],"picked":"SKIP","floor":11.0},{"not_picked":["hexamod:RecurringNightmare","hexamod:Firestarter"],"picked":"hexamod:ChargedBarrage","floor":15.0},{"not_picked":["hexamod:HexaLevel","hexamod:UnlimitedPower"],"picked":"hexamod:VolcanoVisage","floor":16.0},{"not_picked":["hexamod:PowerFromBeyond","hexamod:BurningTouch","hexamod:ShieldOfDarkness"],"picked":"SKIP","floor":19.0},{"not_picked":["hexamod:SpectersWail","hexamod:ShieldOfDarkness"],"picked":"hexamod:GhostLash+1","floor":20.0},{"not_picked":["hexamod:Incineration","hexamod:Hexaguard"],"picked":"hexamod:Rewind+1","floor":21.0},{"not_picked":["hexamod:ShieldOfDarkness","hexamod:NightmareStrike+1"],"picked":"hexamod:SpectralAdrenaline","floor":22},{"not_picked":["hexamod:BurningTouch+1","hexamod:Hexaguard"],"picked":"hexamod:SoulSteal","floor":23},{"not_picked":["hexamod:ThermalTransfer","hexamod:Firestarter"],"picked":"hexamod:FastForward","floor":25},{"not_picked":["hexamod:PhantomFireball","hexamod:Haunt","hexamod:Hexaguard"],"picked":"SKIP","floor":26},{"not_picked":["hexamod:NightmareStrike","hexamod:DynamicBlow"],"picked":"hexamod:TimeOfNeed","floor":28},{"not_picked":["hexamod:RainOfEmbers","hexamod:ThirdSeal","hexamod:ChargedBarrage"],"picked":"SKIP","floor":29},{"not_picked":["hexamod:NightmareStrike","hexamod:BurningTouch","hexamod:SpectralAdrenaline+1"],"picked":"SKIP","floor":32},{"not_picked":["hexamod:GhostOfSpirePresent","hexamod:ParanormalForm"],"picked":"hexamod:TimeWarp","floor":33},{"not_picked":["hexamod:HeatCrush+1","hexamod:RadiantFlame+1","hexamod:StepThrough"],"picked":"SKIP","floor":36},{"not_picked":["hexamod:HeatMetal+1","hexamod:ExtraCrispy","hexamod:NightmareGuise+1"],"picked":"SKIP","floor":38},{"not_picked":["hexamod:SoulSteal","hexamod:HeatMetal+1","hexamod:BurningTouch+1"],"picked":"SKIP","floor":40},{"not_picked":["hexamod:AdvancingGuard+1","hexamod:NightmareStrike+1"],"picked":"hexamod:ForkedFlame","floor":42},{"not_picked":["hexamod:HauntingEcho","hexamod:SpectersWail","hexamod:InspiringFlames"],"picked":"SKIP","floor":44},{"not_picked":["hexamod:FlamesFromBeyond+1","hexamod:NightmareStrike"],"picked":"hexamod:PhantomCloak+1","floor":47},{"not_picked":["hexamod:BurningTouch+1","hexamod:Rewind","hexamod:NecessarySacrifice+1"],"picked":"SKIP","floor":48},{"not_picked":["hexamod:SpectersWail","hexamod:PhantomFireball","hexamod:SkipABeat+1"],"picked":"SKIP","floor":49}],"player_experience":691529,"relics_obtained":[{"floor":7.0,"key":"Ancient Tea Set"},{"floor":11.0,"key":"Gremlin Horn"},{"floor":24,"key":"Omamori"},{"floor":43,"key":"reliquary:Firecrackers"},{"floor":47,"key":"PreservedInsect"}],"event_choices":[{"damage_healed":0.0,"max_hp_gain":0.0,"max_hp_loss":0.0,"gold_gain":0.0,"event_name":"Living Wall","player_choice":"Grow","floor":12.0,"gold_loss":0.0,"damage_taken":0.0,"cards_upgraded":["hexamod:GhostOfSpirePast"]}],"is_beta":false,"boss_relics":[{"not_picked":["reliquary:Ember","reliquary:WritOfMandamus"],"picked":"Astrolabe"},{"not_picked":["reliquary:Craggleroot","Coffee Dripper"],"picked":"hexamod:IceCube"}],"items_purged_floors":[9,9,38,42],"is_endless":false,"potions_floor_spawned":[8,11,15,21,22,25,28,32,44,47],"ascension_level":1}}