{"host":"v86vpwf004p2esb7","time":1613453710,"event":{"mods":["AchievementEnabler","BaseMod","BetterRewards","Colored Powertips","Minty Spire (QoL Compilation)","Quick Restart","StSLib","Transform Curses"],"gold_per_floor":[118,118,118,130,130,130,143,182,209,209,250,273,294,336,336,441,441,463,562,522,522,34,76,76,76,126,126,155,155,190,214,214,322,381,406,468,487,41,66,104,163,202,202,202,28,69,69,98,98,98,98,98,2,38,38,38],"floor_reached":55,"language":"ENG","playtime":2530,"items_purged":[],"score":999,"play_id":"b29a9bf0-dd16-455d-bb46-fddd2831d460","local_time":"20210215213510","is_ascension_mode":true,"campfire_choices":[{"floor":6,"key":"REST"},{"floor":15,"key":"REST"},{"data":"Cloak And Dagger","floor":24,"key":"SMITH"},{"floor":29,"key":"RECALL"},{"data":"Noxious Fumes","floor":32,"key":"SMITH"},{"data":"After Image","floor":47,"key":"SMITH"},{"data":"After Image","floor":49,"key":"SMITH"},{"data":"Bane","floor":52,"key":"SMITH"}],"circlet_count":0,"master_deck":["Strike_G","Strike_G","Strike_G+1","Strike_G","Strike_G","Defend_G+1","Defend_G","Defend_G+1","Defend_G","Defend_G","Survivor","Neutralize","Poisoned Stab","Cloak And Dagger+1","Poisoned Stab","Cloak And Dagger+1","Cloak And Dagger+1","PiercingWail","Slice","Flying Knee","Blade Dance+1","Slice","Adrenaline","Cloak And Dagger+1","Noxious Fumes+1","Cloak And Dagger+1","Blade Dance","Caltrops","Deflect+1","After Image+1","Flying Knee+1","Bane+1","Bane+1","Prepared","After Image+1","Noxious Fumes","Footwork","Dodge and Roll+1","PiercingWail","Cloak And Dagger+1","Footwork","A Thousand Cuts","Footwork","Well Laid Plans","Noxious Fumes+1","Blade Dance","Deadly Poison+1"],"relics":["Ring of the Snake","The Specimen","MealTicket","Turnip","Anchor","CeramicFish","Tiny Chest","Regal Pillow","Darkstone Periapt","Black Star","Happy Flower","Ornamental Fan","Lantern","The Courier","Boot","MutagenicStrength","Snake Skull","Nunchaku","War Paint","Tiny House","Du-Vu Doll","Membership Card","Thread and Needle","Omamori","PreservedInsect","Molten Egg 2","Shuriken","TungstenRod","Blue Candle","Pen Nib","StrikeDummy","TwistedFunnel","Ninja Scroll","Akabeko","Pantograph","Bottled Flame","Blood Vial"],"acts_visited":["Exordium","TheCity","TheBeyond","TheEnding"],"potions_floor_usage":[8,14,16,16,33,33,33,42,50,50,55],"damage_taken":[{"damage":0,"enemies":"2 Louse","floor":1,"turns":2},{"damage":0,"enemies":"Small Slimes","floor":4,"turns":3},{"damage":0,"enemies":"Cultist","floor":7,"turns":3},{"damage":4,"enemies":"3 Sentries","floor":8,"turns":8},{"damage":12,"enemies":"Lagavulin","floor":11,"turns":10},{"damage":0,"enemies":"2 Fungi Beasts","floor":12,"turns":3},{"damage":0,"enemies":"Large Slime","floor":13,"turns":6},{"damage":12,"enemies":"3 Sentries","floor":14,"turns":8},{"damage":43,"enemies":"Hexaghost","floor":16,"turns":12},{"damage":5,"enemies":"3 Byrds","floor":18,"turns":5},{"damage":11,"enemies":"Gremlin Leader","floor":23,"turns":6},{"damage":0,"enemies":"Shell Parasite","floor":28,"turns":2},{"damage":0,"enemies":"Slavers","floor":30,"turns":4},{"damage":0,"enemies":"Shelled Parasite and Fungi","floor":31,"turns":4},{"damage":34,"enemies":"Champ","floor":33,"turns":12},{"damage":0,"enemies":"3 Darklings","floor":35,"turns":4},{"damage":8,"enemies":"2 Orb Walkers","floor":36,"turns":4},{"damage":6,"enemies":"Orb Walker","floor":37,"turns":3},{"damage":0,"enemies":"Reptomancer","floor":40,"turns":6},{"damage":13,"enemies":"Mind Bloom Boss Battle","floor":41,"turns":5},{"damage":0,"enemies":"Nemesis","floor":42,"turns":5},{"damage":11,"enemies":"Reptomancer","floor":46,"turns":3},{"damage":0,"enemies":"Sphere and 2 Shapes","floor":48,"turns":3},{"damage":59,"enemies":"Time Eater","floor":50,"turns":10},{"damage":21,"enemies":"Shield and Spear","floor":54,"turns":6},{"damage":77,"enemies":"The Heart","floor":55,"turns":8}],"seed_played":"6060396809373605368","potions_obtained":[{"floor":1,"key":"Energy Potion"},{"floor":4,"key":"Fire Potion"},{"floor":11,"key":"ColorlessPotion"},{"floor":12,"key":"AttackPotion"},{"floor":14,"key":"Dexterity Potion"},{"floor":18,"key":"ColorlessPotion"},{"floor":30,"key":"FearPotion"},{"floor":31,"key":"Swift Potion"},{"floor":34,"key":"Energy Potion"},{"floor":36,"key":"Swift Potion"},{"floor":37,"key":"Fire Potion"},{"floor":46,"key":"AttackPotion"}],"is_trial":false,"path_per_floor":["M","?","?","M","$","R","M","E","T","?","E","M","M","E","R","B",null,"M","?","?","T","$","E","R","?","T","T","M","R","E","M","R","B",null,"M","?","M","$","T","E","?","E","T","?","$","E","R","M","R","B",null,"R","$","E","B"],"character_chosen":"THE_SILENT","items_purchased":["Poisoned Stab","MealTicket","Cloak And Dagger","Ornamental Fan","Noxious Fumes","Lantern","Membership Card","After Image","Thread and Needle","Noxious Fumes","Footwork","Omamori","PreservedInsect","TwistedFunnel","Footwork","A Thousand Cuts","Footwork","Well Laid Plans","Pantograph"],"campfire_rested":2,"item_purchase_floors":[0,0,0,22,22,22,38,38,38,38,38,38,38,45,45,45,45,45,53],"current_hp_per_floor":[38,24,6,6,21,42,42,38,38,38,26,26,26,14,50,7,70,65,65,65,65,70,59,59,59,59,59,59,59,59,59,59,25,75,75,67,61,75,75,75,62,62,62,62,75,64,64,64,64,5,75,75,75,54,0,0],"gold":38,"neow_bonus":"","is_daily":false,"chose_seed":false,"campfire_upgraded":5,"win_rate":0.0,"timestamp":1613453710,"path_taken":["M","?","?","M","$","R","M","E","T","?","E","M","M","E","R","BOSS","M","?","?","?","$","E","R","?","T","?","M","R","E","M","R","BOSS","M","?","M","$","?","E","?","E","T","?","$","E","R","M","R","BOSS","R","$","E","BOSS"],"items_purchased_type":["Card","Relic","Card","Relic","Card","Relic","Relic","Card","Relic","Card","Card","Relic","Relic","Relic","Card","Card","Card","Card","Relic"],"build_version":"2020-12-22","purchased_purges":0,"victory":false,"max_hp_per_floor":[70,70,70,70,70,70,70,70,70,70,70,70,70,70,70,70,70,70,70,70,70,70,70,70,70,70,70,70,70,70,70,70,70,75,75,75,75,75,75,75,75,75,75,75,75,75,75,75,75,75,75,75,75,75,75,75],"card_choices":[{"not_picked":["Sucker Punch","Crippling Poison"],"picked":"Poisoned Stab","floor":1},{"not_picked":["Prepared","Underhanded Strike"],"picked":"Cloak And Dagger","floor":4},{"not_picked":["Bouncing Flask","Backflip"],"picked":"Cloak And Dagger","floor":7},{"not_picked":["Acrobatics","Deflect"],"picked":"PiercingWail","floor":8},{"not_picked":["Masterful Stab","Predator"],"picked":"Slice","floor":11},{"not_picked":["Venomology","Dagger Throw"],"picked":"Flying Knee","floor":12},{"not_picked":["Grand Finale","Blur"],"picked":"Blade Dance","floor":13},{"not_picked":["Deflect","Underhanded Strike"],"picked":"Slice","floor":14},{"not_picked":["Venomology","Wraith Form v2"],"picked":"Adrenaline","floor":16},{"not_picked":["Distraction","Underhanded Strike"],"picked":"Cloak And Dagger+1","floor":18},{"not_picked":["Wraith Form v2","Predator"],"picked":"Cloak And Dagger","floor":23},{"not_picked":["Prepared+1","PiercingWail"],"picked":"Blade Dance","floor":28},{"not_picked":["Glass Knife","Backflip"],"picked":"Caltrops","floor":30},{"not_picked":["All Out Attack","Flying Knee"],"picked":"Deflect+1","floor":31},{"not_picked":["Malaise","Phantasmal Killer"],"picked":"After Image","floor":33},{"not_picked":["Outmaneuver","Underhanded Strike"],"picked":"Flying Knee+1","floor":34},{"not_picked":["Slice","Underhanded Strike+1"],"picked":"Bane","floor":35},{"not_picked":["Quick Slash+1","Deflect+1"],"picked":"Bane+1","floor":36},{"not_picked":["Glass Knife","Bouncing Flask"],"picked":"Prepared","floor":37},{"not_picked":["Escape Plan","Prepared+1"],"picked":"Dodge and Roll+1","floor":40},{"not_picked":["Quick Slash+1","Dagger Throw+1"],"picked":"PiercingWail","floor":41},{"not_picked":["Underhanded Strike+1","Distraction"],"picked":"Cloak And Dagger+1","floor":42},{"not_picked":["Slice+1","Bouncing Flask"],"picked":"Noxious Fumes+1","floor":46},{"not_picked":["Eviscerate+1","Reflex"],"picked":"Blade Dance","floor":48},{"not_picked":["Underhanded Strike+1","Footwork"],"picked":"Deadly Poison+1","floor":54}],"player_experience":266783,"relics_obtained":[{"floor":8,"key":"CeramicFish"},{"floor":9,"key":"Tiny Chest"},{"floor":11,"key":"Regal Pillow"},{"floor":14,"key":"Darkstone Periapt"},{"floor":21,"key":"Happy Flower"},{"floor":23,"key":"The Courier"},{"floor":23,"key":"Boot"},{"floor":26,"key":"Snake Skull"},{"floor":27,"key":"Nunchaku"},{"floor":30,"key":"War Paint"},{"floor":36,"key":"Du-Vu Doll"},{"floor":40,"key":"Molten Egg 2"},{"floor":40,"key":"Shuriken"},{"floor":41,"key":"TungstenRod"},{"floor":42,"key":"Blue Candle"},{"floor":42,"key":"Pen Nib"},{"floor":43,"key":"StrikeDummy"},{"floor":46,"key":"Ninja Scroll"},{"floor":46,"key":"Akabeko"},{"floor":54,"key":"Bottled Flame"},{"floor":54,"key":"Blood Vial"}],"event_choices":[{"damage_healed":0,"gold_gain":0,"player_choice":"Entered Light","damage_taken":14,"max_hp_gain":0,"max_hp_loss":0,"event_name":"Shining Light","floor":2,"gold_loss":0,"cards_upgraded":["Cloak And Dagger","Strike_G"]},{"damage_healed":0,"gold_gain":0,"player_choice":"Success","damage_taken":18,"relics_obtained":["Anchor"],"max_hp_gain":0,"max_hp_loss":0,"event_name":"Scrap Ooze","floor":3,"gold_loss":0},{"damage_healed":0,"gold_gain":0,"player_choice":"Grow","damage_taken":0,"max_hp_gain":0,"max_hp_loss":0,"event_name":"Living Wall","floor":10,"gold_loss":0,"cards_upgraded":["Cloak And Dagger"]},{"damage_healed":0,"gold_gain":99,"player_choice":"Stole From Cult","damage_taken":0,"max_hp_gain":0,"max_hp_loss":0,"event_name":"Nest","floor":19,"gold_loss":0},{"damage_healed":0,"gold_gain":0,"player_choice":"Upgrade","damage_taken":0,"max_hp_gain":0,"max_hp_loss":0,"event_name":"Designer","floor":20,"gold_loss":40,"cards_upgraded":["Cloak And Dagger"]},{"damage_healed":0,"gold_gain":0,"player_choice":"Inject Mutagens","damage_taken":0,"relics_obtained":["MutagenicStrength"],"max_hp_gain":0,"max_hp_loss":0,"event_name":"Drug Dealer","floor":25,"gold_loss":0},{"damage_healed":0,"gold_gain":0,"player_choice":"Fight","damage_taken":0,"max_hp_gain":0,"max_hp_loss":0,"event_name":"Mysterious Sphere","floor":36,"gold_loss":0},{"damage_healed":0,"gold_gain":0,"player_choice":"Fight","damage_taken":0,"max_hp_gain":0,"max_hp_loss":0,"event_name":"MindBloom","floor":41,"gold_loss":0},{"damage_healed":0,"gold_gain":0,"player_choice":"Ignored","damage_taken":0,"max_hp_gain":0,"max_hp_loss":0,"event_name":"Tomb of Lord Red Mask","floor":44,"gold_loss":0}],"is_beta":false,"boss_relics":[{"not_picked":["Velvet Choker","Empty Cage"],"picked":"Black Star"},{"not_picked":["Coffee Dripper","HoveringKite"],"picked":"Tiny House"}],"items_purged_floors":[],"is_endless":false,"potions_floor_spawned":[1,4,11,12,13,14,18,30,31,36,37,40,46,48],"killed_by":"The Heart","ascension_level":1}}