{"host":"vk2xyavtylxbvrfq","time":1613509665,"event":{"mods":["Bard","BaseMod","Bestiary","Better Altar","Better Match","Better Note","Better Sensory Stone","Better Skull","Better Vampires","Block Reminder","Bossed Relics","Colored Map","Curses Come First","Displayed Cursed Tome","Downfall","Fox Events","Hermit","Ironclad Rager","Marked Mod","Minty Spire (QoL Compilation)","Quick Restart","Rare Cards Sparkle","Relic Sorter","Reliquary","Robot Space Explorer","StSLib","The Hayseed","The Runesmith","TheSurvivalist","Unceasing Turn Reminder"],"gold_per_floor":[362,362,375,375,29,61,61,78,78,107,107,120,130,144,144,241,241,256,276,276,12,26,26,58,90,90,101,117,117,42,59,59,163,163,182,404,417,13,33,63,63,88,88,88,140,140,190,201,201,201,201,201,45,79,79],"floor_reached":56,"language":"ENG","playtime":3501,"items_purged":["hermit:Dive"],"score":1763,"play_id":"e04bc7ae-fcb5-44be-88ca-09fd92a0af23","local_time":"20210216160745","is_ascension_mode":true,"campfire_choices":[{"data":"Apotheosis","floor":7.0,"key":"SMITH"},{"floor":11.0,"key":"REST"},{"data":"hermit:CursedWeapon","floor":15.0,"key":"SMITH"},{"floor":23.0,"key":"REST"},{"data":"Shame","floor":29.0,"key":"PURGE"},{"floor":32.0,"key":"REST"},{"floor":41.0,"key":"RECALL"},{"floor":44.0,"key":"REST"},{"data":"TheSimpletonMod:Nettles","floor":49.0,"key":"PURGE"},{"data":"Writhe","floor":52.0,"key":"PURGE"}],"circlet_count":0,"master_deck":["hermit:Strike_Hermit","hermit:Strike_Hermit","hermit:Strike_Hermit","hermit:Strike_Hermit","hermit:Defend_Hermit","hermit:Defend_Hermit","hermit:Defend_Hermit","hermit:Defend_Hermit","hermit:Snapshot","hermit:Covet","hermit:HighCaliber","Apotheosis+1","hermit:Quickdraw","hermit:GhostlyPresence","hermit:CursedWeapon+1","hermit:LuckOfTheDraw","hermit:Quickdraw","hermit:Determination","hermit:HighNoon","hermit:GhostlyPresence","hermit:TakeCover","Finesse","hermit:FlashPowder+1","hermit:BodyArmor","hermit:CalledShot","hermit:FlashPowder","hermit:BodyArmor+1","hermit:Gambit","hermit:Cheat","hermit:Gestalt+1","Flash of Steel","hermit:Quickdraw","hermit:Quickdraw+1","hermit:BodyArmor","hermit:Maintenance","Dramatic Entrance","hermit:Dissolve"],"relics":["hermit:Momento","StrikeDummy","Toolbox","Runesmith:AutoHammer","reliquary:Spinner","Anchor","Fusion Hammer","Peace Pipe","Sling","Blue Candle","Red Mask","Cursed Key","TungstenRod","reliquary:HotPoker","Runesmith:Nanobots","reliquary:RoseTintedGlasses","Ginger","Thread and Needle","reliquary:PartyBalloon"],"acts_visited":["Exordium","TheCity","TheBeyond","TheEnding"],"potions_floor_usage":[],"damage_taken":[{"damage":0.0,"enemies":"Cultist","floor":1.0,"turns":3.0},{"damage":4.0,"enemies":"Jaw Worm","floor":3.0,"turns":4.0},{"damage":0.0,"enemies":"Gremlin Nob","floor":6.0,"turns":2.0},{"damage":0.0,"enemies":"2 Louse","floor":8.0,"turns":2.0},{"damage":16.0,"enemies":"3 Sentries","floor":10.0,"turns":6.0},{"damage":2.0,"enemies":"Gremlin Gang","floor":12.0,"turns":3.0},{"damage":2.0,"enemies":"Looter","floor":13.0,"turns":2.0},{"damage":2.0,"enemies":"Large Slime","floor":14.0,"turns":1.0},{"damage":6.0,"enemies":"Hexaghost","floor":16.0,"turns":10.0},{"damage":2.0,"enemies":"Shell Parasite","floor":18.0,"turns":2.0},{"damage":5.0,"enemies":"3 Byrds","floor":19.0,"turns":5.0},{"damage":8.0,"enemies":"Snecko","floor":22.0,"turns":5.0},{"damage":2.0,"enemies":"Slavers","floor":24.0,"turns":3.0},{"damage":14.0,"enemies":"Masked Bandits","floor":25.0,"turns":6.0},{"damage":2.0,"enemies":"Cultist and Chosen","floor":27.0,"turns":4.0},{"damage":3.0,"enemies":"Centurion and Healer","floor":28.0,"turns":4.0},{"damage":4.0,"enemies":"Sentry and Sphere","floor":31.0,"turns":6.0},{"damage":13.0,"enemies":"Champ","floor":33.0,"turns":11.0},{"damage":2.0,"enemies":"3 Shapes","floor":35.0,"turns":3.0},{"damage":2.0,"enemies":"Orb Walker","floor":37.0,"turns":4.0},{"damage":1.0,"enemies":"3 Darklings","floor":39.0,"turns":10.0},{"damage":1.0,"enemies":"Giant Head","floor":40.0,"turns":7.0},{"damage":1.0,"enemies":"Nemesis","floor":42.0,"turns":5.0},{"damage":13.0,"enemies":"2 Orb Walkers","floor":45.0,"turns":5.0},{"damage":1.0,"enemies":"Mind Bloom Boss Battle","floor":47.0,"turns":4.0},{"damage":1.0,"enemies":"Sphere and 2 Shapes","floor":48.0,"turns":3.0},{"damage":1.0,"enemies":"Awakened One","floor":50.0,"turns":16.0},{"damage":19,"enemies":"Shield and Spear","floor":54,"turns":6},{"damage":7,"enemies":"The Heart","floor":55,"turns":13}],"seed_played":"9105316671122761288","potions_obtained":[{"floor":1.0,"key":"Weak Potion"},{"floor":12.0,"key":"Block Potion"},{"floor":14.0,"key":"Explosive Potion"},{"floor":18.0,"key":"champ:CounterPotion"},{"floor":22.0,"key":"SneckoOil"},{"floor":25.0,"key":"Regen Potion"},{"floor":28.0,"key":"DuplicationPotion"},{"floor":33.0,"key":"sneckomod:MuddlingPotion"},{"floor":35.0,"key":"SkillPotion"},{"floor":39.0,"key":"Ancient Potion"},{"floor":45.0,"key":"SmokeBomb"},{"floor":48.0,"key":"BlessingOfTheForge"}],"is_trial":false,"path_per_floor":["M","?","M","?","$","E","R","M","T","E","R","M","M","M","R","B",null,"M","M","?","$","M","R","E","?","T","M","M","R","?","M","R","B",null,"M","?","M","$","M","E","R","E","T","R","?","?","?","M","R","B",null,"R","$","E","B",null],"character_chosen":"HERMIT","items_purchased":["Toolbox","DuplicationPotion","Fire Potion","Sling","hermit:TakeCover","Finesse","TungstenRod","Flash of Steel","hermit:Maintenance","Dramatic Entrance"],"campfire_rested":4,"item_purchase_floors":[5,5,5,21,21,21,38,38,53,53],"current_hp_per_floor":[68,65,61,61,61,61,61,61,61,45,65,63,61,59,59,53,64,62,57,57,57,49,68,66,52,52,50,59,59,59,55,68,55,65,63,63,61,61,60,59,59,58,58,68,55,68,67,66,66,65,67,67,67,48,41],"gold":79,"neow_bonus":"TWO_FIFTY_GOLD","is_daily":false,"chose_seed":false,"campfire_upgraded":2,"win_rate":0.0,"timestamp":1613509665,"path_taken":["M","?","M","?","$","E","R","M","T","E","R","M","?","M","R","BOSS","M","M","?","$","M","R","E","?","T","M","M","R","?","M","R","BOSS","M","?","M","$","M","E","R","E","T","R","?","?","?","M","R","BOSS","R","$","E","BOSS"],"items_purchased_type":["Relic","Potion","Potion","Relic","Card","Card","Relic","Card","Card","Card"],"build_version":"2020-12-22","purchased_purges":1,"victory":true,"max_hp_per_floor":[68,68,68,68,68,68,68,68,68,68,68,68,68,68,68,68,68,68,68,68,68,68,68,68,68,68,68,68,68,68,68,68,68,68,68,68,68,68,68,68,68,68,68,68,68,68,68,68,68,68,68,68,68,68,68],"card_choices":[{"not_picked":["hermit:NoHoldsBarred","hermit:Malice"],"picked":"hermit:Dive","floor":1.0},{"not_picked":["hermit:Roulette","hermit:ItchyTrigger"],"picked":"hermit:HighCaliber","floor":3.0},{"not_picked":["Enlightenment","Swift Strike"],"picked":"Apotheosis","floor":4.0},{"not_picked":["hermit:Vantage","hermit:SprayPray"],"picked":"hermit:Quickdraw","floor":6.0},{"not_picked":["hermit:Feint","hermit:Midnight"],"picked":"hermit:GhostlyPresence","floor":8.0},{"not_picked":["hermit:Vantage","hermit:PistolWhip"],"picked":"hermit:CursedWeapon","floor":10.0},{"not_picked":["hermit:Midnight","hermit:TrackingShot"],"picked":"hermit:LuckOfTheDraw","floor":12.0},{"not_picked":["hermit:Glare","hermit:CursedWeapon"],"picked":"hermit:Quickdraw","floor":13.0},{"not_picked":["hermit:ItchyTrigger","hermit:DeadMansHand"],"picked":"hermit:Determination","floor":14.0},{"not_picked":["hermit:EternalForm","hermit:Purgatory"],"picked":"hermit:HighNoon","floor":16.0},{"not_picked":["hermit:Cheat","hermit:Quickdraw"],"picked":"hermit:GhostlyPresence","floor":18.0},{"not_picked":["hermit:PistolWhip+1","hermit:Manifest","hermit:Dive"],"picked":"SKIP","floor":19.0},{"not_picked":["hermit:ShadowCloak","hermit:GoldenBullet"],"picked":"hermit:FlashPowder+1","floor":22.0},{"not_picked":["hermit:HoleUp","hermit:SprayPray"],"picked":"hermit:Manifest","floor":24.0},{"not_picked":["hermit:Coalescence","hermit:Feint"],"picked":"hermit:BodyArmor","floor":25.0},{"not_picked":["hermit:Roulette+1","hermit:Coalescence"],"picked":"hermit:CalledShot","floor":27.0},{"not_picked":["hermit:Misfire","hermit:Ricochet"],"picked":"hermit:FlashPowder","floor":28.0},{"not_picked":["hermit:LoneWolf","hermit:Roughhouse"],"picked":"hermit:BodyArmor+1","floor":31.0},{"not_picked":["hermit:Dissolve","hermit:Reprieve"],"picked":"hermit:Gambit","floor":33.0},{"not_picked":["hermit:Coalescence","hermit:Glare"],"picked":"hermit:Cheat","floor":35.0},{"not_picked":["hermit:Coalescence+1","hermit:Manifest+1"],"picked":"hermit:Gestalt+1","floor":37.0},{"not_picked":["hermit:SprayPray+1","hermit:Desperado"],"picked":"hermit:Quickdraw","floor":39.0},{"not_picked":["hermit:Ricochet+1","hermit:ItchyTrigger","hermit:Headshot"],"picked":"SKIP","floor":40.0},{"not_picked":["hermit:BodyArmor","hermit:Headshot+1","hermit:HighNoon"],"picked":"SKIP","floor":42.0},{"not_picked":["hermit:LowProfile+1","hermit:Malice"],"picked":"hermit:Quickdraw+1","floor":45.0},{"not_picked":["hermit:CursedWeapon","hermit:Dive"],"picked":"hermit:BodyArmor","floor":48.0},{"not_picked":["hermit:ItchyTrigger","hermit:TakeAim"],"picked":"hermit:Dissolve","floor":54}],"player_experience":1387069,"relics_obtained":[{"floor":6.0,"key":"Runesmith:AutoHammer"},{"floor":9.0,"key":"reliquary:Spinner"},{"floor":10.0,"key":"Anchor"},{"floor":24.0,"key":"Blue Candle"},{"floor":25.0,"key":"Red Mask"},{"floor":40.0,"key":"reliquary:HotPoker"},{"floor":42.0,"key":"Runesmith:Nanobots"},{"floor":43.0,"key":"reliquary:RoseTintedGlasses"},{"floor":45.0,"key":"Ginger"},{"floor":47.0,"key":"Thread and Needle"},{"floor":54,"key":"reliquary:PartyBalloon"}],"event_choices":[{"damage_healed":0.0,"max_hp_gain":0.0,"max_hp_loss":0.0,"gold_gain":0.0,"event_name":"Scrap Ooze","player_choice":"Success","floor":2.0,"gold_loss":0.0,"damage_taken":3.0,"relics_obtained":["StrikeDummy"]},{"damage_healed":0.0,"max_hp_gain":0.0,"max_hp_loss":0.0,"gold_gain":1.0,"event_name":"betterStone:BetterStone","player_choice":"1","floor":4.0,"gold_loss":0.0,"damage_taken":0.0},{"damage_healed":0.0,"max_hp_gain":0.0,"max_hp_loss":0.0,"gold_gain":0.0,"event_name":"Addict","player_choice":"Stole Relic","floor":20.0,"gold_loss":0.0,"damage_taken":0.0,"relics_obtained":["Peace Pipe"],"cards_obtained":["Shame"]},{"damage_healed":0.0,"max_hp_gain":0.0,"max_hp_loss":0.0,"gold_gain":0.0,"event_name":"Masked Bandits","player_choice":"Fought Bandits","floor":25.0,"gold_loss":0.0,"damage_taken":0.0},{"cards_removed":["hermit:Manifest"],"damage_healed":0.0,"max_hp_gain":0.0,"max_hp_loss":0.0,"gold_gain":0.0,"event_name":"Beggar","player_choice":"Gave Gold","floor":30.0,"gold_loss":75.0,"damage_taken":0.0},{"damage_healed":0.0,"max_hp_gain":0.0,"max_hp_loss":0.0,"gold_gain":222.0,"event_name":"Tomb of Lord Red Mask","player_choice":"Wore Mask","floor":36.0,"gold_loss":0.0,"damage_taken":0.0},{"damage_healed":0.0,"max_hp_gain":0.0,"max_hp_loss":0.0,"gold_gain":0.0,"event_name":"Mysterious Sphere","player_choice":"Fight","floor":45.0,"gold_loss":0.0,"damage_taken":0.0},{"damage_healed":17.0,"max_hp_gain":0.0,"max_hp_loss":0.0,"gold_gain":0.0,"event_name":"Winding Halls","player_choice":"Writhe","floor":46.0,"gold_loss":0.0,"damage_taken":0.0,"cards_obtained":["Writhe"]},{"damage_healed":0.0,"max_hp_gain":0.0,"max_hp_loss":0.0,"gold_gain":0.0,"event_name":"MindBloom","player_choice":"Fight","floor":47.0,"gold_loss":0.0,"damage_taken":0.0}],"is_beta":false,"boss_relics":[{"not_picked":["bronze:MakeshiftBattery","Velvet Choker"],"picked":"Fusion Hammer"},{"not_picked":["Pandora\u0027s Box","reliquary:Craggleroot"],"picked":"Cursed Key"}],"items_purged_floors":[5],"is_endless":false,"potions_floor_spawned":[1,12,14,18,22,25,28,33,35,39,45,48],"ascension_level":6}}