{"host":"bq4pt811tk9yrmjl","time":1613489512,"event":{"mods":["AchievementEnabler","BaseMod","Colored Map","Colored Powertips","Defuse TimeMaze Blight","Hermit","Minty Spire (QoL Compilation)","Smile Girya","StSLib","SuperFastMode"],"gold_per_floor":[114,289,309,309,82,107,107,126,181,216,216,230,230,247,247,346,346,362,362,36,6,6],"floor_reached":21,"language":"ENG","playtime":2451,"items_purged":["Doubt"],"score":223,"play_id":"ff5a9db6-d7c6-4158-aa11-7fd46137b864","local_time":"20210216133152","is_ascension_mode":true,"campfire_choices":[{"data":"Zap","floor":7,"key":"SMITH"},{"data":"Defragment","floor":11,"key":"SMITH"},{"data":"Echo Form","floor":15,"key":"SMITH"}],"circlet_count":0,"master_deck":["Strike_B","Strike_B","Strike_B","Strike_B","Defend_B","Defend_B","Defend_B","Defend_B","Zap+1","Dualcast","Conserve Battery","Stack","Reinforced Body","Self Repair","Defragment+1","Echo Form+1","Defragment","Loop+1"],"relics":["FrozenCore","NeowsBlessing","PreservedInsect","Art of War","Omamori","Frozen Egg 2"],"acts_visited":["Exordium","TheCity"],"potions_floor_usage":[14,14,16,21],"damage_taken":[{"damage":0,"enemies":"Cultist","floor":1,"turns":1},{"damage":0,"enemies":"Small Slimes","floor":3,"turns":1},{"damage":0,"enemies":"Gremlin Nob","floor":6,"turns":1},{"damage":0,"enemies":"2 Louse","floor":8,"turns":2},{"damage":12,"enemies":"3 Sentries","floor":10,"turns":7},{"damage":4,"enemies":"Red Slaver","floor":12,"turns":5},{"damage":10,"enemies":"3 Louse","floor":14,"turns":4},{"damage":5,"enemies":"The Guardian","floor":16,"turns":13},{"damage":35,"enemies":"3 Byrds","floor":18,"turns":8},{"damage":12,"enemies":"2 Thieves","floor":21,"turns":2}],"seed_played":"1165252372465058241","potions_obtained":[{"floor":6,"key":"Energy Potion"},{"floor":10,"key":"EntropicBrew"},{"floor":18,"key":"Strength Potion"},{"floor":19,"key":"ColorlessPotion"}],"is_trial":false,"path_per_floor":["M","?","M","?","$","E","R","M","T","E","R","M","?","M","R","B",null,"M","?","$","M"],"character_chosen":"DEFECT","items_purchased":["PreservedInsect","Frozen Egg 2","Loop+1"],"campfire_rested":0,"item_purchase_floors":[5,20,20],"current_hp_per_floor":[75,75,75,75,75,75,75,75,75,70,70,73,73,75,75,75,75,54,54,54,42,42],"gold":6,"neow_bonus":"THREE_ENEMY_KILL","is_daily":false,"chose_seed":false,"campfire_upgraded":3,"win_rate":0.0,"timestamp":1613489512,"path_taken":["M","?","M","?","$","E","R","M","T","E","R","M","?","?","R","BOSS","M","?","$","?"],"items_purchased_type":["Relic","Relic","Card"],"build_version":"2020-12-22","purchased_purges":1,"victory":false,"max_hp_per_floor":[75,75,75,75,75,75,75,75,75,75,75,75,75,75,75,75,75,75,75,75,75,75],"card_choices":[{"not_picked":["Tempest","Turbo"],"picked":"Conserve Battery","floor":1},{"not_picked":["Turbo","Genetic Algorithm"],"picked":"Stack","floor":3},{"not_picked":["Rip and Tear","FTL"],"picked":"Reinforced Body","floor":6},{"not_picked":["Rebound","Go for the Eyes"],"picked":"Self Repair","floor":8},{"not_picked":["Core Surge","Recycle"],"picked":"Defragment","floor":10},{"not_picked":["Steam Power","Double Energy","Lockon"],"picked":"SKIP","floor":12},{"not_picked":["Conserve Battery","Steam","Cold Snap"],"picked":"SKIP","floor":14},{"not_picked":["Recycle","Conserve Battery"],"picked":"Defragment","floor":18}],"player_experience":309426,"relics_obtained":[{"floor":6,"key":"Art of War"},{"floor":10,"key":"Omamori"}],"event_choices":[{"damage_healed":0,"gold_gain":175,"player_choice":"AGREE","damage_taken":0,"max_hp_gain":0,"max_hp_loss":0,"event_name":"Liars Game","floor":2,"gold_loss":0,"cards_obtained":["Doubt"]},{"damage_healed":0,"gold_gain":0,"player_choice":"Ignored","damage_taken":0,"max_hp_gain":0,"max_hp_loss":0,"event_name":"Golden Wing","floor":4,"gold_loss":0},{"damage_healed":0,"gold_gain":0,"player_choice":"1 cards matched","damage_taken":0,"max_hp_gain":0,"max_hp_loss":0,"event_name":"Match and Keep!","floor":13,"gold_loss":0,"cards_obtained":["Echo Form"]},{"damage_healed":0,"gold_gain":0,"player_choice":"Got Potions","damage_taken":0,"max_hp_gain":0,"max_hp_loss":0,"event_name":"Lab","floor":19,"gold_loss":0}],"is_beta":false,"boss_relics":[{"not_picked":["Fusion Hammer","Calling Bell"],"picked":"FrozenCore"}],"items_purged_floors":[5],"is_endless":false,"potions_floor_spawned":[6,10,14,18],"killed_by":"2 Thieves","ascension_level":1}}