{"host":"nomlpa5ttaaqphus","time":1613512978,"event":{"mods":["100% Spire Juice","AchievementEnabler","BaseMod","Colored Powertips","Minty Spire (QoL Compilation)","StSLib"],"gold_per_floor":[111,129,84,99,114,114,147,147,147,162,172,172,196,92,92,189,69,53,67,81,99,99,99,99,99,123,136,154,154,154,154,154,16,16,33,83,101,111,126,160,160,173,200,43,55,55,55,85,85,85,85,85,85,118,118],"floor_reached":56,"language":"ENG","playtime":6509,"items_purged":[],"score":1238,"play_id":"f908230d-7614-4e04-9c52-6828686ff118","local_time":"20210216180258","is_ascension_mode":false,"campfire_choices":[{"floor":6.0,"key":"REST"},{"floor":12.0,"key":"REST"},{"floor":15.0,"key":"REST"},{"data":"Moonworks:Encore","floor":23.0,"key":"SMITH"},{"data":"Moonworks:LeapThroughSpacetime","floor":25.0,"key":"SMITH"},{"floor":30.0,"key":"REST"},{"data":"Moonworks:Ambush","floor":32.0,"key":"SMITH"},{"floor":41.0,"key":"RECALL"},{"floor":47.0,"key":"REST"},{"data":"Moonworks:DarkSideOfBusiness","floor":49.0,"key":"SMITH"},{"data":"Moonworks:DeltaField","floor":52.0,"key":"SMITH"}],"circlet_count":0,"master_deck":["Moonworks:Strike","Moonworks:Strike","Moonworks:Strike","Moonworks:Strike","Moonworks:Defend","Moonworks:Defend","Moonworks:Defend","Moonworks:Defend","Moonworks:Ambush+1","Moonworks:LongDistanceShot","Moonworks:SealedMemories","Moonworks:ExtraordinarySpecs","Moonworks:DesperateModification","Moonworks:AwakeningOfTalent","Moonworks:LeapThroughSpacetime+1","Moonworks:ProtagonistsPrivilege","Moonworks:Assault","Moonworks:DeltaField+1","Moonworks:Encore+1","Moonworks:FullSpeedAlicianrone","Moonworks:WindyEnchantment","Moonworks:StiffCrystal","Moonworks:ImmovableObject","Moonworks:MiracleRedBeanIceCream","Moonworks:Heat300Percent","Moonworks:DarkSideOfBusiness+1","Moonworks:StiffCrystal+1","Moonworks:StarBlastingFuse","Moonworks:ExtraordinarySpecs+1","Moonworks:IndiscriminateFireSupport+1","Moonworks:DeltaField","Moonworks:LuckyCharm"],"relics":["Moonworks:SBBomb","Moonworks:Homemark","Pen Nib","Bag of Preparation","Odd Mushroom","Potion Belt","SacredBark","Incense Burner","Bottled Tornado","Oddly Smooth Stone","Meat on the Bone","Eternal Feather"],"acts_visited":["Exordium","TheCity","TheBeyond","TheEnding"],"potions_floor_usage":[55,55,55,55],"damage_taken":[{"damage":1.0,"enemies":"2 Louse","floor":1.0,"turns":3.0},{"damage":8.0,"enemies":"Jaw Worm","floor":2.0,"turns":4.0},{"damage":8.0,"enemies":"Small Slimes","floor":4.0,"turns":3.0},{"damage":8.0,"enemies":"Looter","floor":5.0,"turns":3.0},{"damage":26.0,"enemies":"3 Sentries","floor":7.0,"turns":8.0},{"damage":0.0,"enemies":"Exordium Wildlife","floor":10.0,"turns":5.0},{"damage":7.0,"enemies":"Blue Slaver","floor":11.0,"turns":3.0},{"damage":31.0,"enemies":"The Mushroom Lair","floor":13.0,"turns":5.0},{"damage":0.0,"enemies":"3 Louse","floor":14.0,"turns":5.0},{"damage":0.0,"enemies":"Slime Boss","floor":16.0,"turns":5.0},{"damage":17.0,"enemies":"2 Thieves","floor":18.0,"turns":4.0},{"damage":0.0,"enemies":"Shell Parasite","floor":19.0,"turns":3.0},{"damage":0.0,"enemies":"Snecko","floor":20.0,"turns":4.0},{"damage":0.0,"enemies":"Sentry and Sphere","floor":21.0,"turns":4.0},{"damage":9.0,"enemies":"Chosen and Byrds","floor":27.0,"turns":5.0},{"damage":9.0,"enemies":"Snecko","floor":28.0,"turns":5.0},{"damage":42.0,"enemies":"Collector","floor":33.0,"turns":8.0},{"damage":3.0,"enemies":"3 Shapes","floor":35.0,"turns":4.0},{"damage":15.0,"enemies":"Mind Bloom Boss Battle","floor":36.0,"turns":8.0},{"damage":11.0,"enemies":"3 Darklings","floor":37.0,"turns":5.0},{"damage":6.0,"enemies":"Sphere and 2 Shapes","floor":38.0,"turns":5.0},{"damage":13.0,"enemies":"4 Shapes","floor":39.0,"turns":7.0},{"damage":2.0,"enemies":"Reptomancer","floor":40.0,"turns":2.0},{"damage":23.0,"enemies":"Maw","floor":42.0,"turns":9.0},{"damage":28.0,"enemies":"Writhing Mass","floor":45.0,"turns":7.0},{"damage":89.0,"enemies":"Nemesis","floor":48.0,"turns":13.0},{"damage":177.0,"enemies":"Awakened One","floor":50.0,"turns":13.0},{"damage":0.0,"enemies":"Shield and Spear","floor":54.0,"turns":1.0},{"damage":143,"enemies":"The Heart","floor":55,"turns":10}],"seed_played":"7449096092785912439","potions_obtained":[{"floor":1.0,"key":"DuplicationPotion"},{"floor":4.0,"key":"Ancient Potion"},{"floor":10.0,"key":"Strength Potion"},{"floor":28.0,"key":"PowerPotion"},{"floor":33.0,"key":"FairyPotion"},{"floor":35.0,"key":"LiquidBronze"}],"is_trial":false,"path_per_floor":["M","M","?","M","M","R","E","$","T","M","M","R","?","M","R","B",null,"M","M","M","M","$","R","$","R","T","M","M","?","R","?","R","B",null,"M","?","M","M","M","E","R","M","T","$","M","?","R","E","R","B",null,"R","$","E","B",null],"character_chosen":"THE_STARBREAKER","items_purchased":["Oddly Smooth Stone"],"campfire_rested":5,"item_purchase_floors":[44],"current_hp_per_floor":[65,57,46,38,30,49,23,23,23,23,18,37,6,6,25,29,66,53,55,57,57,57,57,57,57,57,52,47,47,66,66,66,33,66,66,53,47,46,38,38,38,41,41,41,23,23,42,56,56,23,66,66,66,66,34],"gold":118,"neow_bonus":"TEN_PERCENT_HP_BONUS","is_daily":false,"chose_seed":false,"campfire_upgraded":5,"win_rate":0.0,"timestamp":1613512978,"path_taken":["M","M","?","M","M","R","E","$","T","M","M","R","?","M","R","BOSS","M","M","M","M","$","R","$","R","T","M","M","?","R","?","R","BOSS","M","?","M","M","M","E","R","M","T","$","M","?","R","E","R","BOSS","R","$","E","BOSS"],"items_purchased_type":["Relic"],"build_version":"2020-12-22","purchased_purges":0,"victory":true,"max_hp_per_floor":[66,66,66,66,66,66,66,66,66,66,66,66,66,66,66,66,66,66,66,66,66,66,66,66,66,66,66,66,66,66,66,66,66,66,66,66,66,66,66,66,66,66,66,66,66,66,66,66,66,66,66,66,66,66,66],"card_choices":[{"not_picked":["Moonworks:SakisCookie","Moonworks:ImOnFire"],"picked":"Moonworks:SealedMemories","floor":1.0},{"not_picked":["Moonworks:WhiteChristsmasher","Moonworks:FullSpeedAlicianrone"],"picked":"Moonworks:ExtraordinarySpecs","floor":2.0},{"not_picked":["Moonworks:ForcedRevival","Moonworks:MixPhenomenon"],"picked":"Moonworks:DesperateModification","floor":4.0},{"not_picked":["Moonworks:NicePresent","Moonworks:DeployBits"],"picked":"Moonworks:AwakeningOfTalent","floor":5.0},{"not_picked":["Moonworks:UnluckyCharm","Moonworks:ScrambledEve"],"picked":"Moonworks:LeapThroughSpacetime","floor":7.0},{"not_picked":["Moonworks:WindyEnchantment","Moonworks:AngelHand"],"picked":"Moonworks:ProtagonistsPrivilege","floor":10.0},{"not_picked":["Moonworks:SakisCookie","Moonworks:IntelligenceOfficer"],"picked":"Moonworks:Assault","floor":11.0},{"not_picked":["Moonworks:BeastWitch","Moonworks:FullSpeedAlicianrone"],"picked":"Moonworks:DeltaField","floor":13.0},{"not_picked":["Moonworks:BackdoorTrade","Moonworks:BigMagnum","Moonworks:UnpaidWork"],"picked":"SKIP","floor":14.0},{"not_picked":["Moonworks:MetallicMonocoque","Moonworks:SinkOrSwim"],"picked":"Moonworks:Encore","floor":16.0},{"not_picked":["Moonworks:LulusLuckyEgg","Moonworks:DesperateModification"],"picked":"Moonworks:FullSpeedAlicianrone","floor":18.0},{"not_picked":["Moonworks:BeastWitch","Moonworks:IntelligenceOfficer+1","Moonworks:DesperateModification+1"],"picked":"SKIP","floor":19.0},{"not_picked":["Moonworks:JonathanRush","Moonworks:LulusLuckyEgg"],"picked":"Moonworks:WindyEnchantment","floor":20.0},{"not_picked":["Moonworks:NicePresent","Moonworks:DesperateModification+1"],"picked":"Moonworks:StiffCrystal","floor":21.0},{"not_picked":["Moonworks:LulusLuckyEgg","Moonworks:CloudOfSeagulls+1"],"picked":"Moonworks:ImmovableObject","floor":27.0},{"not_picked":["Moonworks:IndiscriminateFireSupport","Moonworks:MeltingMemories"],"picked":"Moonworks:MiracleRedBeanIceCream","floor":28.0},{"not_picked":["Moonworks:Blazing","Moonworks:ShieldCounter"],"picked":"Moonworks:DarkSideOfBusiness","floor":33.0},{"not_picked":["Moonworks:FullSpeedAlicianrone","Moonworks:ImOnFire+1"],"picked":"Moonworks:StiffCrystal+1","floor":35.0},{"not_picked":["Moonworks:NicePresent","Moonworks:EvilSpyWorkPreparation+1"],"picked":"Moonworks:StarBlastingFuse","floor":36.0},{"not_picked":["Moonworks:Assault","Moonworks:DesperateModification"],"picked":"Moonworks:ExtraordinarySpecs+1","floor":37.0},{"not_picked":["Moonworks:ImOnFire","Moonworks:DevilHand+1"],"picked":"Moonworks:IndiscriminateFireSupport+1","floor":38.0},{"not_picked":["Moonworks:Assault","Moonworks:DeployBits","Moonworks:IndiscriminateFireSupport+1"],"picked":"SKIP","floor":39.0},{"not_picked":["Moonworks:CookingTime","Moonworks:BeyondHell","Moonworks:JonathanRush+1"],"picked":"SKIP","floor":40.0},{"not_picked":["Moonworks:CloudOfSeagulls+1","Moonworks:DevilHand+1"],"picked":"Moonworks:DeltaField","floor":42.0},{"not_picked":["Moonworks:Assault+1","Moonworks:SelfDestruct","Moonworks:RainbowColoredCircle+1"],"picked":"SKIP","floor":45.0},{"not_picked":["Moonworks:IndiscriminateFireSupport+1","Moonworks:StiffCrystal"],"picked":"Moonworks:LuckyCharm","floor":48.0},{"not_picked":["Moonworks:QuickRestoration+1","Moonworks:RedAndBlue+1","Moonworks:EvilMastermind"],"picked":"SKIP","floor":54.0}],"player_experience":95318,"relics_obtained":[{"floor":7.0,"key":"Pen Nib"},{"floor":9.0,"key":"Bag of Preparation"},{"floor":13.0,"key":"Odd Mushroom"},{"floor":26.0,"key":"Potion Belt"},{"floor":36.0,"key":"Incense Burner"},{"floor":40.0,"key":"Bottled Tornado"},{"floor":48.0,"key":"Meat on the Bone"},{"floor":54.0,"key":"Eternal Feather"}],"event_choices":[{"damage_healed":0.0,"max_hp_gain":0.0,"max_hp_loss":0.0,"gold_gain":75.0,"event_name":"World of Goop","player_choice":"Gather Gold","floor":3.0,"gold_loss":0.0,"damage_taken":11.0},{"damage_healed":0.0,"max_hp_gain":0.0,"max_hp_loss":0.0,"gold_gain":0.0,"event_name":"Mushrooms","player_choice":"Fought Mushrooms","floor":13.0,"gold_loss":0.0,"damage_taken":0.0},{"damage_healed":0.0,"max_hp_gain":0.0,"max_hp_loss":0.0,"gold_gain":0.0,"event_name":"The Library","player_choice":"Read","floor":29.0,"gold_loss":0.0,"damage_taken":0.0,"cards_obtained":["Moonworks:Heat300Percent"]},{"damage_healed":0.0,"max_hp_gain":0.0,"max_hp_loss":0.0,"gold_gain":0.0,"event_name":"Vampires","player_choice":"Ignored","floor":31.0,"gold_loss":0.0,"damage_taken":0.0},{"damage_healed":0.0,"max_hp_gain":0.0,"max_hp_loss":0.0,"gold_gain":0.0,"event_name":"MindBloom","player_choice":"Fight","floor":36.0,"gold_loss":0.0,"damage_taken":0.0},{"damage_healed":0.0,"max_hp_gain":0.0,"max_hp_loss":0.0,"gold_gain":0.0,"event_name":"Mysterious Sphere","player_choice":"Ignored","floor":46.0,"gold_loss":0.0,"damage_taken":0.0}],"is_beta":false,"boss_relics":[{"not_picked":["Busted Crown","Empty Cage"],"picked":"Moonworks:SBBomb"},{"not_picked":["Sozu","Tiny House"],"picked":"SacredBark"}],"items_purged_floors":[],"is_endless":false,"potions_floor_spawned":[1,4,10,14,20,21,28,33,35,40,45,48],"ascension_level":0}}