{"host":"idjwbq71yrpkph1r","time":1613436770,"event":{"mods":["AchievementEnabler","Alarm Clock","BaseMod","Block Reminder","Colored Map","Curses Come First","Displayed Cursed Tome","Hermit","Highlight Path","Minty Spire (QoL Compilation)","Rare Cards Sparkle","Relic Stats","StSLib","everything is the same but u backflip on backflip","slay the spire mod where everything is the same but ironclad has a cowboy hat"],"gold_per_floor":[118,128,53,68,80,80,107,119,196,210,210,210,229,246,246,349,349,368,368,42,54,71,71,101,111,161,173,173,190,65,79,79,177,177,195,195,213,292,142,142,142],"floor_reached":40,"language":"ENG","playtime":1652,"items_purged":["Strike_B","Strike_B","Defend_B","Strike_B"],"score":414,"play_id":"d9b2e997-b993-49d4-bcd4-8529b491c1e4","local_time":"20210216015250","is_ascension_mode":false,"campfire_choices":[{"data":"Gash","floor":6,"key":"SMITH"},{"data":"Self Repair","floor":11,"key":"SMITH"},{"data":"Gash","floor":15,"key":"SMITH"},{"data":"Zap","floor":23,"key":"SMITH"},{"data":"FTL","floor":28,"key":"SMITH"},{"data":"Gash","floor":32,"key":"SMITH"}],"circlet_count":0,"master_deck":["Defend_B","Defend_B","Defend_B","Zap+1","Dualcast","Gash+1","Self Repair+1","Echo Form","Gash+1","All For One","Beam Cell+1","Necronomicurse","Scrape","Self Repair+1","FTL+1","Gash+1","Reboot"],"relics":["Coffee Dripper","Pantograph","Gremlin Horn","SlaversCollar","Necronomicon","Lee\u0027s Waffle","Turnip","MealTicket","Nuclear Battery","Bottled Flame"],"acts_visited":["Exordium","TheCity","TheBeyond"],"potions_floor_usage":[16,16,18,21,22,31,40],"damage_taken":[{"damage":0,"enemies":"Cultist","floor":1,"turns":3},{"damage":0,"enemies":"2 Louse","floor":2,"turns":2},{"damage":0,"enemies":"Small Slimes","floor":4,"turns":3},{"damage":8,"enemies":"2 Fungi Beasts","floor":5,"turns":4},{"damage":21,"enemies":"Lagavulin","floor":7,"turns":7},{"damage":16,"enemies":"Exordium Wildlife","floor":8,"turns":4},{"damage":13,"enemies":"Large Slime","floor":10,"turns":5},{"damage":8,"enemies":"3 Louse","floor":13,"turns":3},{"damage":5,"enemies":"Looter","floor":14,"turns":3},{"damage":26,"enemies":"Hexaghost","floor":16,"turns":7},{"damage":31,"enemies":"2 Thieves","floor":18,"turns":4},{"damage":18,"enemies":"3 Byrds","floor":21,"turns":5},{"damage":32,"enemies":"Shelled Parasite and Fungi","floor":22,"turns":5},{"damage":22,"enemies":"Gremlin Leader","floor":24,"turns":6},{"damage":7,"enemies":"3 Cultists","floor":25,"turns":3},{"damage":24,"enemies":"Sentry and Sphere","floor":27,"turns":5},{"damage":15,"enemies":"Centurion and Healer","floor":29,"turns":4},{"damage":18,"enemies":"Shelled Parasite and Fungi","floor":31,"turns":3},{"damage":21,"enemies":"Champ","floor":33,"turns":6},{"damage":28,"enemies":"3 Darklings","floor":35,"turns":3},{"damage":10,"enemies":"Orb Walker","floor":37,"turns":2},{"damage":104,"enemies":"Nemesis","floor":40,"turns":5}],"seed_played":"-3560055917628657685","potions_obtained":[{"floor":2,"key":"Dexterity Potion"},{"floor":4,"key":"PowerPotion"},{"floor":13,"key":"EssenceOfSteel"},{"floor":16,"key":"Block Potion"},{"floor":18,"key":"Weak Potion"},{"floor":24,"key":"ColorlessPotion"},{"floor":27,"key":"LiquidMemories"},{"floor":31,"key":"SpeedPotion"},{"floor":33,"key":"Ancient Potion"}],"is_trial":false,"path_per_floor":["M","M","$","M","M","R","E","M","T","M","R","?","M","M","R","B",null,"M","?","$","M","M","R","E","M","T","M","R","M","$","M","R","B",null,"M","?","M","T","$","E"],"character_chosen":"DEFECT","items_purchased":["Lee\u0027s Waffle","Scrape"],"campfire_rested":0,"item_purchase_floors":[20,20],"current_hp_per_floor":[75,75,75,75,67,67,46,37,37,31,31,31,33,38,38,47,75,54,38,82,82,60,60,58,61,61,77,77,82,82,64,64,71,82,74,74,74,74,82,0,0],"gold":142,"neow_bonus":"BOSS_RELIC","is_daily":false,"chose_seed":false,"campfire_upgraded":6,"win_rate":0.0,"timestamp":1613436770,"path_taken":["M","?","$","M","M","R","E","M","T","M","R","?","?","M","R","BOSS","M","?","$","M","M","R","E","M","T","M","R","M","$","M","R","BOSS","M","?","M","?","$","E"],"items_purchased_type":["Relic","Card"],"build_version":"2020-12-22","purchased_purges":4,"victory":false,"max_hp_per_floor":[75,75,75,75,75,75,75,75,75,75,75,75,75,75,75,75,75,75,75,82,82,82,82,82,82,82,82,82,82,82,82,82,82,82,82,82,82,82,82,82,82],"relic_stats":{"Lee\u0027s Waffle":44,"Gremlin Horn":[20,20],"counters":[22,92],"Pantograph":43,"MealTicket":8,"Turnip":[11],"Necronomicon":[18],"obtain_stats":[{"SlaversCollar":17,"Lee\u0027s Waffle":20,"Bottled Flame":38,"Gremlin Horn":9,"Pantograph":7,"MealTicket":26,"Turnip":24,"Coffee Dripper":0,"Necronomicon":19,"Cracked Core":0,"Nuclear Battery":34},{"SlaversCollar":10,"Lee\u0027s Waffle":11,"Bottled Flame":21,"Gremlin Horn":6,"Pantograph":5,"MealTicket":15,"Turnip":14,"Coffee Dripper":0,"Necronomicon":11,"Cracked Core":0,"Nuclear Battery":19},{"SlaversCollar":41,"Lee\u0027s Waffle":45,"Bottled Flame":87,"Gremlin Horn":23,"Pantograph":19,"MealTicket":64,"Turnip":61,"Coffee Dripper":0,"Necronomicon":45,"Cracked Core":0,"Nuclear Battery":82}]},"card_choices":[{"not_picked":["Turbo","Melter","Tempest"],"picked":"SKIP","floor":1},{"not_picked":["Turbo","Double Energy","Skim"],"picked":"SKIP","floor":2},{"not_picked":["Conserve Battery","Compile Driver"],"picked":"Gash","floor":4},{"not_picked":["Compile Driver","Recycle","Undo"],"picked":"SKIP","floor":5},{"not_picked":["Reboot","Double Energy"],"picked":"Self Repair","floor":7},{"not_picked":["Cold Snap","Coolheaded","Redo"],"picked":"SKIP","floor":8},{"not_picked":["Coolheaded","Go for the Eyes"],"picked":"Echo Form","floor":10},{"not_picked":["Redo","Hologram","Undo"],"picked":"SKIP","floor":13},{"not_picked":["Coolheaded","Barrage"],"picked":"Gash","floor":14},{"not_picked":["Creative AI","Core Surge"],"picked":"All For One","floor":16},{"not_picked":["Ball Lightning","Cold Snap"],"picked":"Beam Cell+1","floor":18},{"not_picked":["Compile Driver","Consume","Doom and Gloom"],"picked":"SKIP","floor":21},{"not_picked":["Redo","Sweeping Beam+1","Stack"],"picked":"SKIP","floor":22},{"not_picked":["Leap","Barrage","Melter"],"picked":"SKIP","floor":24},{"not_picked":["Barrage","Stack"],"picked":"Self Repair+1","floor":25},{"not_picked":["Melter","Ball Lightning"],"picked":"FTL","floor":27},{"not_picked":["Blizzard","Cold Snap+1"],"picked":"Gash","floor":29},{"not_picked":["Compile Driver","White Noise"],"picked":"Chill","floor":31},{"not_picked":["All For One","Thunder Strike"],"picked":"Reboot","floor":33},{"not_picked":["Hologram","Turbo","Force Field"],"picked":"SKIP","floor":35},{"not_picked":["Rebound+1","Gash","Reprogram"],"picked":"SKIP","floor":37}],"player_experience":366315,"relics_obtained":[{"floor":7,"key":"Pantograph"},{"floor":9,"key":"Gremlin Horn"},{"floor":24,"key":"Turnip"},{"floor":26,"key":"MealTicket"},{"floor":38,"key":"Bottled Flame"}],"event_choices":[{"cards_removed":["Strike_B"],"damage_healed":0,"gold_gain":0,"player_choice":"Purged","damage_taken":0,"max_hp_gain":0,"max_hp_loss":0,"event_name":"Purifier","floor":12,"gold_loss":0},{"damage_healed":0,"gold_gain":0,"player_choice":"Obtained Book","damage_taken":16,"max_hp_gain":0,"max_hp_loss":0,"event_name":"Cursed Tome","floor":19,"gold_loss":0},{"cards_removed":["Chill"],"damage_healed":0,"gold_gain":0,"player_choice":"Removed Skill","damage_taken":0,"max_hp_gain":0,"max_hp_loss":0,"event_name":"Falling","floor":36,"gold_loss":0}],"is_beta":false,"boss_relics":[{"not_picked":["Busted Crown","Fusion Hammer"],"picked":"SlaversCollar"},{"not_picked":["Philosopher\u0027s Stone","SacredBark"],"picked":"Nuclear Battery"}],"items_purged_floors":[3,20,30,39],"is_endless":false,"potions_floor_spawned":[2,4,13,16,18,24,27,31,33],"killed_by":"Nemesis","ascension_level":0}}