{"host":"tcdxiwht2vajk3tk","time":1613470100,"event":{"mods":["AchievementEnabler","BaseMod","Beaked The Cultist","Colored Powertips","Conspire","Defuse TimeMaze Blight","Downfall","Halation","Hermit","Hubris","Infinite Spire","Lobotomy","LobotomyExtend","Minty Spire (QoL Compilation)","Replay The Spire","Shop Mod","StSLib","The Cursed","The Disciple"],"gold_per_floor":[144,189,189,189,231,318,77,77,77],"floor_reached":8,"language":"ENG","playtime":717,"items_purged":[],"score":112,"play_id":"7afe1090-266c-47eb-8e2b-867161c4ee09","local_time":"20210216050820","daily_mods":["DeadlyEvents","Cursed Run","Elite Swarm","Lethality","Midas"],"is_ascension_mode":true,"campfire_choices":[],"circlet_count":0,"master_deck":["AscendersBane","TheCursedMod:Strike_TheCursed","TheCursedMod:Strike_TheCursed","TheCursedMod:Strike_TheCursed","TheCursedMod:Strike_TheCursed","TheCursedMod:Defend_TheCursed","TheCursedMod:Defend_TheCursed","TheCursedMod:Defend_TheCursed","TheCursedMod:Defend_TheCursed","TheCursedMod:CursedWand","TheCursedMod:CleanUpWorkshop+1","TheCursedMod:Dregs","TheCursedMod:FleshFromBone","TheCursedMod:CircleOfFlame","TheCursedMod:SurpriseAttack","TheCursedMod:CollectTribute","TheCursedMod:CursedArmor"],"relics":["Cursed Key","Darkstone Periapt","Du-Vu Doll","replay:Trail_Library","LetterFromLob","hubris:CrystalStatue","MerchantsRug"],"acts_visited":["Exordium"],"potions_floor_usage":[],"damage_taken":[{"damage":0.0,"enemies":"Cultist","floor":1.0,"turns":3.0},{"damage":7.0,"enemies":"2 Louse","floor":2.0,"turns":3.0},{"damage":5.0,"enemies":"Jaw Worm","floor":5.0,"turns":3.0},{"damage":46,"enemies":"Lagavulin","floor":6,"turns":6},{"damage":8,"enemies":"3 Sentries","floor":8,"turns":1}],"seed_played":"4767728334246170178","potions_obtained":[{"floor":6,"key":"Energy Potion"}],"is_trial":true,"path_per_floor":["M","M","?","?","M","E","$","E"],"character_chosen":"THE_CURSED","items_purchased":["MerchantsRug","TheCursedMod:CursedArmor"],"campfire_rested":0,"item_purchase_floors":[7,7],"current_hp_per_floor":[64,57,57,57,52,6,6,0,0],"gold":77,"neow_bonus":"","is_daily":false,"chose_seed":false,"campfire_upgraded":0,"win_rate":0.0,"timestamp":1613470100,"path_taken":["M","?","?","?","?","E","$","?"],"items_purchased_type":["Relic","Card"],"build_version":"2020-12-22","purchased_purges":0,"victory":false,"max_hp_per_floor":[71,71,71,71,71,71,71,71,71],"card_choices":[{"not_picked":["TheCursedMod:CursedShiv","TheCursedMod:CursedMace"],"picked":"TheCursedMod:FleshFromBone","floor":1.0},{"not_picked":["TheCursedMod:TroublousMinions","TheCursedMod:SmokeScreen"],"picked":"TheCursedMod:CircleOfFlame","floor":2.0},{"not_picked":["TheCursedMod:CursedBoomerang","TheCursedMod:Wield"],"picked":"TheCursedMod:SurpriseAttack","floor":5.0},{"not_picked":["TheCursedMod:UltimatePain","TheCursedMod:CircleOfAbyss"],"picked":"TheCursedMod:CollectTribute","floor":6}],"player_experience":1784600,"relics_obtained":[{"floor":1.0,"key":"LetterFromLob"},{"floor":6,"key":"hubris:CrystalStatue"}],"event_choices":[{"damage_healed":0.0,"max_hp_gain":0.0,"max_hp_loss":0.0,"gold_gain":0.0,"event_name":"conspire:LoneGhost","player_choice":"Disagree","floor":3.0,"gold_loss":0.0,"damage_taken":0.0},{"damage_healed":0.0,"max_hp_gain":0.0,"max_hp_loss":0.0,"gold_gain":0.0,"event_name":"Living Wall","player_choice":"Grow","floor":4.0,"gold_loss":0.0,"damage_taken":0.0,"cards_upgraded":["TheCursedMod:CleanUpWorkshop"]}],"is_beta":false,"boss_relics":[],"items_purged_floors":[],"is_endless":false,"potions_floor_spawned":[6],"killed_by":"3 Sentries","ascension_level":20}}