{"host":"fyg75lclw0tbsq92","time":1613454647,"event":{"mods":["AchievementEnabler","Act Like it!","Aspiration","BaseMod","BetterRewards","Gensokyo","Minty Spire (QoL Compilation)","Reimu£®≤©¿ˆ¡È√Œ£©","Replay The Spire","StSLib","The Administrix","The Disciple"],"gold_per_floor":[106,122,141,29,29,356,371,99,125,137,166,166,200,213,213,281,281,297,138,138,154,166,166,168,88,88,122,139,154,168,198,198,275,275,292,135,135,146,146,146,52,87,157,157,168,168,196,207,207,207,207,207,1,36,36],"floor_reached":56,"language":"ZHS","playtime":3738,"items_purged":["Defend_Lin:ReiMu","Hallucinations","Strike_Lin:ReiMu","Strike_Lin:ReiMu","Strike_Lin:ReiMu"],"score":2846,"play_id":"a03f120c-f9f3-49ea-b7e8-d67499f52407","local_time":"20210216135046","is_ascension_mode":true,"campfire_choices":[{"data":"DependentForm:ReiMu","floor":15,"key":"SMITH"},{"data":"DependentForm:ReiMu","floor":23,"key":"SMITH"},{"floor":32,"key":"RECALL"},{"data":"PrayRite:ReiMu","floor":40,"key":"SMITH"},{"data":"Secret Technique","floor":44,"key":"SMITH"},{"data":"PrayRite:ReiMu","floor":46,"key":"SMITH"},{"data":"CardOfSanctity:ReiMu","floor":49,"key":"SMITH"},{"data":"Stagnation:ReiMu","floor":52,"key":"SMITH"}],"circlet_count":0,"master_deck":["AscendersBane","Defend_Lin:ReiMu","NB:ReiMu","Stagnation:ReiMu+1","AirStrike:ReiMu","FineLineFantasy:ReiMu","MikOfLucky:ReiMu","DependentForm:ReiMu+1","DependentForm:ReiMu+1","Thinking Ahead+1","Gathering:ReiMu","InherentArray:ReiMu","Amulet:ReiMu","BarrageOfMoneybags:ReiMu+1","PrayRite:ReiMu+1","PrayRite:ReiMu+1","Revelation:ReiMu","PassingAway:ReiMu","Dreaming2:ReiMu+1","WonderfulDomain:ReiMu","Dreaming:ReiMu+1","LovePray:ReiMu","PrepareRite:ReiMu","SpreadBorder2:ReiMu","RainPray2:ReiMu","CeremonyResonance:ReiMu","Determination:ReiMu+1","InherentArray:ReiMu+1","KamiRite:ReiMu+1","KamiRite:ReiMu+1","Madness","Madness","Secret Technique+1","NineCharacters:ReiMu+1","CardOfSanctity:ReiMu+1","Enchanting:ReiMu","Violence","SubAcupoint:ReiMu+1"],"relics":["FlyPower:ReiMu","Juzu Bracelet","aspiration:HatOfInfinitePower","Mummified Hand","Membership Card","Molten Egg 2","Anchor","Old Coin","SkyOrb:ReiMu","Bag of Marbles","Replay:WaspNest","Bronze Scales","Oddly Smooth Stone","Philosopher\u0027s Stone","Bag of Preparation","CultistMask","InkBottle","Toy Ornithopter","Meat on the Bone","Iron Hammer","Prayer Wheel","Pen Nib","Astrolabe","Guide Book","Blood Vial","Snack Pack","Mastiff:ReiMu","Centennial Puzzle"],"acts_visited":["Exordium","TheCity","TheBeyond","TheEnding"],"potions_floor_usage":[11,16,24,29,55],"damage_taken":[{"damage":0,"enemies":"Small Slimes","floor":1,"turns":4},{"damage":6,"enemies":"Cultist","floor":2,"turns":5},{"damage":3,"enemies":"2 Louse","floor":3,"turns":3},{"damage":0,"enemies":"Lagavulin","floor":6,"turns":6},{"damage":15,"enemies":"Gremlin Gang","floor":7,"turns":5},{"damage":0,"enemies":"Large Slime","floor":10,"turns":4},{"damage":12,"enemies":"3 Sentries","floor":11,"turns":6},{"damage":0,"enemies":"Lagavulin","floor":13,"turns":6},{"damage":0,"enemies":"Exordium Wildlife","floor":14,"turns":4},{"damage":0,"enemies":"Fading Forest","floor":16,"turns":13},{"damage":5,"enemies":"Shell Parasite","floor":18,"turns":4},{"damage":0,"enemies":"Chosen","floor":21,"turns":2},{"damage":0,"enemies":"3 Cultists","floor":22,"turns":4},{"damage":16,"enemies":"Slavers","floor":24,"turns":4},{"damage":0,"enemies":"Book of Stabbing","floor":27,"turns":3},{"damage":9,"enemies":"Sentry and Sphere","floor":28,"turns":4},{"damage":0,"enemies":"Gremlin Leader","floor":29,"turns":4},{"damage":0,"enemies":"Chosen and Byrds","floor":30,"turns":4},{"damage":0,"enemies":"Slavers","floor":31,"turns":3},{"damage":0,"enemies":"Champ","floor":33,"turns":4},{"damage":0,"enemies":"Orb Walker","floor":35,"turns":2},{"damage":0,"enemies":"3 Darklings","floor":38,"turns":3},{"damage":0,"enemies":"Giant Head","floor":42,"turns":4},{"damage":5,"enemies":"4 Shapes","floor":45,"turns":3},{"damage":2,"enemies":"R_Hoarder","floor":47,"turns":5},{"damage":0,"enemies":"Sphere and 2 Shapes","floor":48,"turns":3},{"damage":2,"enemies":"Replay:Hell Engine","floor":50,"turns":5},{"damage":0,"enemies":"Shield and Spear","floor":54,"turns":2},{"damage":41,"enemies":"The Heart","floor":55,"turns":5}],"seed_played":"-910550227349005374","potions_obtained":[{"floor":10,"key":"PinkPotion:ReiMu"},{"floor":13,"key":"SpeedPotion"},{"floor":16,"key":"FairyPotion"},{"floor":18,"key":"Block Potion"},{"floor":28,"key":"DuplicationPotion"},{"floor":31,"key":"Ancient Potion"}],"is_trial":false,"path_per_floor":["M","M","M","$","?","E","M","$","T","M","E","?","E","M","R","B",null,"M","$","?","M","M","R","E","$","T","E","M","E","M","E","R","B",null,"M","$","?","M","?","R","$","E","T","R","M","R","E","M","R","B",null,"R","$","E","B",null],"character_chosen":"REIMU","items_purchased":["Juzu Bracelet","AirStrike:ReiMu","aspiration:HatOfInfinitePower","Mummified Hand","FineLineFantasy:ReiMu","Membership Card","MikOfLucky:ReiMu","BargainBundle","DependentForm:ReiMu","Block Potion","LiquidFlight:ReiMu","Thinking Ahead","Gathering:ReiMu","YinYangSange:ReiMu","Molten Egg 2","InherentArray:ReiMu","Amulet:ReiMu","Anchor","PrayRite:ReiMu","SkyOrb:ReiMu","PassingAway:ReiMu","Bag of Marbles","Bag of Preparation","Toy Ornithopter","KamiRite:ReiMu","Guide Book","Secret Technique","Violence","SubAcupoint:ReiMu+1"],"campfire_rested":0,"item_purchase_floors":[0,0,0,0,0,0,0,0,0,0,0,0,0,0,0,0,0,0,4,8,8,8,19,25,36,36,41,53,53],"current_hp_per_floor":[54,48,45,45,60,60,45,45,45,45,33,28,28,28,28,51,58,53,53,53,53,53,53,37,37,37,37,40,45,45,45,45,45,56,56,56,45,45,45,45,45,45,45,45,44,44,50,54,54,56,59,59,59,60,41],"gold":36,"neow_bonus":"","is_daily":false,"chose_seed":false,"campfire_upgraded":7,"win_rate":0.0,"timestamp":1613454646,"path_taken":["M","M","M","$","?","E","M","$","T","M","E","?","E","M","R","BOSS","M","$","?","M","M","R","E","$","T","E","M","E","M","E","R","BOSS","M","$","?","M","?","R","$","E","T","R","M","R","E","M","R","BOSS","R","$","E","BOSS"],"items_purchased_type":["Relic","Card","Relic","Relic","Card","Relic","Card","Relic","Card","Potion","Potion","Card","Card","Card","Relic","Card","Card","Relic","Card","Relic","Card","Relic","Relic","Relic","Card","Relic","Card","Card","Card"],"build_version":"2020-12-22","purchased_purges":5,"victory":true,"max_hp_per_floor":[60,60,60,60,60,60,60,60,60,60,60,60,60,60,60,60,60,60,60,60,60,60,60,60,60,60,60,60,60,60,60,60,60,60,60,60,60,60,60,60,60,60,60,60,60,60,60,60,60,60,60,60,60,60,60],"card_choices":[{"not_picked":["AirStrike:ReiMu+1","NineCharacters:ReiMu","SubAcupoint:ReiMu+1"],"picked":"SKIP","floor":1},{"not_picked":["SpiritualOutbreak2:ReiMu+1","OrbThrow:ReiMu+1","Crusade:ReiMu+1"],"picked":"SKIP","floor":2},{"not_picked":["Meditation:ReiMu","Enchanting:ReiMu","PayForSelf:ReiMu+1"],"picked":"SKIP","floor":3},{"not_picked":["CareerPray:ReiMu","Conquer:ReiMu+1"],"picked":"Revelation:ReiMu","floor":6},{"not_picked":["Crusade:ReiMu+1","AirStrike:ReiMu+1","BarrageOfMoneybags:ReiMu+1"],"picked":"SKIP","floor":7},{"not_picked":["UniversalSpiritual:ReiMu","DoubleButterfly:ReiMu+1","EmergencyTakeOff:ReiMu"],"picked":"SKIP","floor":10},{"not_picked":["BlastKick2:ReiMu+1","RainPray2:ReiMu"],"picked":"Dreaming2:ReiMu+1","floor":11},{"not_picked":["LovePray:ReiMu","SafetyPray:ReiMu"],"picked":"WonderfulDomain:ReiMu","floor":13},{"not_picked":["WonderfulDomain:ReiMu","Amulet:ReiMu","TightArray:ReiMu+1"],"picked":"SKIP","floor":14},{"not_picked":["DependentForm:ReiMu","YinYang:ReiMu+1"],"picked":"Dreaming:ReiMu+1","floor":16},{"not_picked":["OrbThrow:ReiMu+1","FantasyBorder:ReiMu","PhosphorusFlame:ReiMu"],"picked":"SKIP","floor":18},{"not_picked":["SpringWay:ReiMu","WonderfulDomain:ReiMu","SubAcupoint:ReiMu+1"],"picked":"SKIP","floor":21},{"not_picked":["YinYangSign:ReiMu+1","Meditation:ReiMu+1"],"picked":"LovePray:ReiMu","floor":22},{"not_picked":["LovePray:ReiMu","CareerPray:ReiMu"],"picked":"PrepareRite:ReiMu","floor":24},{"not_picked":["Gathering:ReiMu","OrbThrow:ReiMu+1","DoubleButterfly:ReiMu+1"],"picked":"SKIP","floor":27},{"not_picked":["SpringWay:ReiMu","CareerPray:ReiMu","EmergencyTakeOff:ReiMu"],"picked":"SKIP","floor":28},{"not_picked":["CollectionFlower2:ReiMu","Gathering:ReiMu","NineCharacters:ReiMu"],"picked":"SKIP","floor":29},{"not_picked":["AirStrike:ReiMu+1","CareerPray:ReiMu"],"picked":"SpreadBorder2:ReiMu","floor":30},{"not_picked":["YinYang:ReiMu+1","Amulet:ReiMu","SubAcupoint:ReiMu+1"],"picked":"SKIP","floor":30},{"not_picked":["ShadowOfCrow2:ReiMu","SealNeedle:ReiMu+1"],"picked":"RainPray2:ReiMu","floor":31},{"not_picked":["CleanRite:ReiMu","CardOfSanctity:ReiMu"],"picked":"CeremonyResonance:ReiMu","floor":33},{"not_picked":["AlertArray:ReiMu+1","CareerPray:ReiMu+1","SpringWay:ReiMu"],"picked":"SKIP","floor":35},{"not_picked":["InherentArray:ReiMu","AlertArray:ReiMu","Conquer:ReiMu+1"],"picked":"SKIP","floor":35},{"not_picked":["YinYangSange:ReiMu","AirStrike:ReiMu+1","SubAcupoint:ReiMu+1"],"picked":"SKIP","floor":38},{"not_picked":["OrbThrow:ReiMu+1","Mountainwind:ReiMu","FantasyMoon:ReiMu"],"picked":"SKIP","floor":38},{"not_picked":["Enchanting:ReiMu+1","BarrageOfMoneybags:ReiMu+1"],"picked":"NineCharacters:ReiMu+1","floor":42},{"not_picked":["EmergencyTakeOff:ReiMu","Intuition:ReiMu","Mountainwind:ReiMu"],"picked":"SKIP","floor":45},{"not_picked":["Intuition:ReiMu","Meditation:ReiMu+1","SubAcupoint:ReiMu+1"],"picked":"SKIP","floor":45},{"not_picked":["SafetyPray:ReiMu","YinYang:ReiMu+1"],"picked":"CardOfSanctity:ReiMu","floor":47},{"not_picked":["FantasyMoon:ReiMu","PassingAway:ReiMu"],"picked":"Enchanting:ReiMu","floor":48},{"not_picked":["EmergencyTakeOff:ReiMu","TightArray:ReiMu+1","Amulet:ReiMu+1"],"picked":"SKIP","floor":48},{"not_picked":["Revelation:ReiMu","TightArray:ReiMu+1","CareerPray:ReiMu"],"picked":"SKIP","floor":54}],"player_experience":303357,"relics_obtained":[{"floor":6,"key":"Old Coin"},{"floor":11,"key":"Replay:WaspNest"},{"floor":13,"key":"Oddly Smooth Stone"},{"floor":24,"key":"InkBottle"},{"floor":26,"key":"Meat on the Bone"},{"floor":27,"key":"Iron Hammer"},{"floor":29,"key":"Prayer Wheel"},{"floor":31,"key":"Pen Nib"},{"floor":42,"key":"Blood Vial"},{"floor":43,"key":"Snack Pack"},{"floor":47,"key":"Mastiff:ReiMu"},{"floor":54,"key":"Centennial Puzzle"}],"event_choices":[{"damage_healed":15,"gold_gain":0,"player_choice":"Full Heal","damage_taken":0,"max_hp_gain":0,"max_hp_loss":0,"event_name":"Wheel of Change","floor":5,"gold_loss":0},{"damage_healed":0,"gold_gain":0,"player_choice":"Success","damage_taken":5,"relics_obtained":["Bronze Scales"],"max_hp_gain":0,"max_hp_loss":0,"event_name":"Scrap Ooze","floor":12,"gold_loss":0},{"damage_healed":0,"gold_gain":0,"player_choice":"Trade","damage_taken":0,"relics_obtained":["CultistMask"],"max_hp_gain":0,"max_hp_loss":0,"event_name":"FaceTrader","floor":20,"gold_loss":0},{"damage_healed":0,"gold_gain":0,"player_choice":"Embrace Madness","damage_taken":11,"max_hp_gain":0,"max_hp_loss":0,"event_name":"Winding Halls","floor":37,"gold_loss":0,"cards_obtained":["Madness","Madness"]},{"damage_healed":0,"gold_gain":0,"player_choice":"Ignored","damage_taken":0,"max_hp_gain":0,"max_hp_loss":0,"event_name":"Tomb of Lord Red Mask","floor":39,"gold_loss":0}],"is_beta":false,"boss_relics":[{"not_picked":["ChewingGum","Velvet Choker"],"picked":"Philosopher\u0027s Stone"},{"not_picked":["ReplayTheSpireMod:DimensionalGlitch","aspiration:WatcherSkillbook"],"picked":"Astrolabe"}],"items_purged_floors":[0,4,8,19,53],"is_endless":false,"potions_floor_spawned":[7,10,13,14,16,18,21,22,28,31,38,45],"ascension_level":19}}