{"host":"aapp7ew3jk5k1bvd","time":1613484842,"event":{"mods":["AchievementEnabler","BaseMod","Colored Map","Custom Start","Keyboard Shortcuts","Minty Spire (QoL Compilation)","Permanent Neow","Quick Restart","StSLib","SuperFastMode"],"gold_per_floor":[366,385,46,59,59,92,59,79,79,108,108,108,9,19,19,19,19],"floor_reached":16,"language":"KOR","playtime":429,"items_purged":["Strike_G"],"score":123,"play_id":"ecbc08ae-f693-479b-8a03-51a7b137bd3d","local_time":"20210216231402","is_ascension_mode":true,"campfire_choices":[{"floor":12,"key":"REST"},{"floor":15,"key":"DIG"}],"circlet_count":0,"master_deck":["Strike_G","Strike_G","Strike_G","Strike_G","Defend_G","Defend_G","Defend_G","Defend_G","Defend_G","Survivor","Neutralize","Infinite Blades","Blade Dance","Die Die Die","Storm of Steel","Blade Dance"],"relics":["Ring of the Snake","Membership Card","Mummified Hand","Pear","Bottled Lightning","Shovel","Gremlin Horn","Lee\u0027s Waffle","Frozen Egg 2"],"acts_visited":["Exordium"],"potions_floor_usage":[6],"damage_taken":[{"damage":0.0,"enemies":"Jaw Worm","floor":1.0,"turns":6.0},{"damage":0.0,"enemies":"2 Louse","floor":2.0,"turns":4.0},{"damage":0.0,"enemies":"Cultist","floor":4.0,"turns":3.0},{"damage":10,"enemies":"3 Sentries","floor":6,"turns":8},{"damage":26,"enemies":"Exordium Thugs","floor":7,"turns":5},{"damage":0,"enemies":"Lots of Slimes","floor":8,"turns":1},{"damage":24,"enemies":"Gremlin Nob","floor":10,"turns":4},{"damage":15,"enemies":"Exordium Wildlife","floor":14,"turns":4},{"damage":52,"enemies":"Slime Boss","floor":16,"turns":10}],"seed_played":"-1476766661359720727","potions_obtained":[{"floor":2.0,"key":"SkillPotion"},{"floor":6,"key":"SneckoOil"},{"floor":10,"key":"Energy Potion"}],"is_trial":false,"path_per_floor":["M","M","$","M","?","E","M","M","T","E","?","R","$","M","R","B"],"character_chosen":"THE_SILENT","items_purchased":["Membership Card","Blade Dance","Mummified Hand","Blade Dance","Lee\u0027s Waffle"],"campfire_rested":1,"item_purchase_floors":[3,3,3,13,13],"current_hp_per_floor":[63,63,63,63,63,63,37,37,37,13,13,34,80,65,65,13,13],"gold":19,"neow_bonus":"TWO_FIFTY_GOLD","is_daily":false,"chose_seed":false,"campfire_upgraded":0,"win_rate":0.0,"timestamp":1613484842,"path_taken":["M","M","$","M","?","E","M","M","T","E","?","R","$","?","R","BOSS"],"items_purchased_type":["Relic","Card","Relic","Card","Relic"],"build_version":"2020-12-22","purchased_purges":1,"victory":false,"max_hp_per_floor":[63,63,63,63,63,73,73,73,73,73,73,73,80,80,80,80,80],"card_choices":[{"not_picked":["Dodge and Roll","Underhanded Strike"],"picked":"Infinite Blades","floor":1.0},{"not_picked":["All Out Attack","Acrobatics","Heel Hook"],"picked":"SKIP","floor":2.0},{"not_picked":["Deadly Poison","Distraction","Flying Knee"],"picked":"SKIP","floor":4.0},{"not_picked":["Leg Sweep","Prepared","Outmaneuver"],"picked":"SKIP","floor":6},{"not_picked":["Predator","Choke"],"picked":"Die Die Die","floor":7},{"not_picked":["Caltrops","Flying Knee","Dagger Spray"],"picked":"SKIP","floor":8},{"not_picked":["Crippling Poison","Setup"],"picked":"Storm of Steel","floor":10},{"not_picked":["Dodge and Roll","Outmaneuver","Tactician"],"picked":"SKIP","floor":14}],"player_experience":1009822,"relics_obtained":[{"floor":6,"key":"Pear"},{"floor":9,"key":"Bottled Lightning"},{"floor":10,"key":"Shovel"},{"floor":15,"key":"Frozen Egg 2"}],"event_choices":[{"damage_healed":0,"gold_gain":0,"player_choice":"Ignored","damage_taken":0,"max_hp_gain":0,"max_hp_loss":0,"event_name":"Shining Light","floor":5,"gold_loss":0},{"damage_healed":0,"gold_gain":0,"player_choice":"Gave Potion","damage_taken":0,"relics_obtained":["Gremlin Horn"],"max_hp_gain":0,"max_hp_loss":0,"event_name":"WeMeetAgain","floor":11,"gold_loss":0}],"is_beta":false,"boss_relics":[],"items_purged_floors":[3],"is_endless":false,"potions_floor_spawned":[2,6,10],"killed_by":"Slime Boss","ascension_level":2}}