{"host":"v9yiptmoyyuggqjj","time":1613490151,"event":{"mods":["AchievementEnabler","BaseMod","BetterRewards","Card Forge","Colored Map","Colored Powertips","DeckTracker","Highlight Path","Infinite Spire","Minty Spire (QoL Compilation)","Quick Restart","Shop Mod","StSLib","Swap Starting Deck Mod"],"gold_per_floor":[119,191,141,156,170,196,196,231,257,257,282,296,311,339,339,448,448,461,469,469,481,406,435,435,478,503,536,536,536,552,570,570,671,671,688,705,191,227,227],"floor_reached":38,"language":"ENG","playtime":9673,"items_purged":["Backflip"],"score":717,"play_id":"00035eba-57bf-442c-a2de-46a2d721a789","local_time":"20210216084231","is_ascension_mode":true,"campfire_choices":[{"data":"Flechettes","floor":7,"key":"SMITH"},{"data":"Flechettes","floor":10,"key":"SMITH"},{"data":"Flechettes","floor":15,"key":"SMITH"},{"data":"After Image","floor":24,"key":"SMITH"},{"data":"Escape Plan","floor":29,"key":"SMITH"},{"data":"Escape Plan","floor":32,"key":"SMITH"}],"circlet_count":0,"master_deck":["Flechettes+1","Flechettes+1","Escape Plan","Escape Plan+1","Escape Plan+1","Escape Plan+1","Leg Sweep+1","After Image+1","Backstab+1","Phantasmal Killer","Deadly Poison"],"relics":["Ring of the Snake","Hammer of Thor","Seething Fire","Anvil of the Gods","swapstartingdeckmod:DeadBlossom","infinitespire:Eraser","infinitespire:FocusingShard","infinitespire:Midas Blood","Regal Pillow","Ancient Tea Set","HornCleat","Empty Cage","Nilry\u0027s Codex","Whetstone","War Paint","Orichalcum","Oddly Smooth Stone","MealTicket","HoveringKite","Sling","The Specimen"],"acts_visited":["Exordium","TheCity","TheBeyond"],"potions_floor_usage":[12,38,38],"damage_taken":[{"damage":0,"enemies":"Cultist","floor":1,"turns":2},{"damage":0,"enemies":"Jaw Worm","floor":4,"turns":2},{"damage":0,"enemies":"Small Slimes","floor":5,"turns":2},{"damage":15,"enemies":"Lagavulin","floor":6,"turns":7},{"damage":10,"enemies":"3 Sentries","floor":8,"turns":6},{"damage":0,"enemies":"Exordium Wildlife","floor":12,"turns":2},{"damage":0,"enemies":"Large Slime","floor":13,"turns":2},{"damage":9,"enemies":"Lagavulin","floor":14,"turns":3},{"damage":14,"enemies":"Hexaghost","floor":16,"turns":9},{"damage":0,"enemies":"Spheric Guardian","floor":18,"turns":2},{"damage":0,"enemies":"Shell Parasite","floor":21,"turns":2},{"damage":0,"enemies":"Gremlin Leader","floor":23,"turns":4},{"damage":28,"enemies":"Slavers","floor":25,"turns":16},{"damage":0,"enemies":"Book of Stabbing","floor":27,"turns":3},{"damage":0,"enemies":"3 Cultists","floor":30,"turns":4},{"damage":0,"enemies":"Snecko","floor":31,"turns":4},{"damage":0,"enemies":"Collector","floor":33,"turns":10},{"damage":0,"enemies":"Orb Walker","floor":35,"turns":2},{"damage":0,"enemies":"3 Darklings","floor":36,"turns":2},{"damage":12,"enemies":"infinitespire:Three Voidlings","floor":38,"turns":4},{"damage":75,"enemies":"Nightmare_Alpha","floor":38,"turns":10}],"seed_played":"7442223612058930207","potions_obtained":[{"floor":1,"key":"SneckoOil"},{"floor":4,"key":"Energy Potion"},{"floor":6,"key":"Fire Potion"},{"floor":12,"key":"Fruit Juice"},{"floor":14,"key":"SkillPotion"},{"floor":16,"key":"GhostInAJar"}],"is_trial":false,"path_per_floor":["M","T","?","M","M","E","R","E","T","R","T","M","M","E","R","B",null,"M","?","T","M","$","E","R","E","T","E","?","R","M","M","R","B",null,"M","M","$","?"],"character_chosen":"THE_SILENT","items_purchased":["Sling","The Specimen","Deadly Poison"],"campfire_rested":0,"item_purchase_floors":[37,37,37],"current_hp_per_floor":[70,70,70,70,70,55,55,45,45,45,45,48,48,39,39,25,63,63,47,47,47,47,47,47,19,19,19,32,32,32,32,32,32,70,70,70,75,0,0],"gold":227,"neow_bonus":"","is_daily":false,"chose_seed":false,"campfire_upgraded":6,"win_rate":0.0,"timestamp":1613490151,"path_taken":["M","?","?","M","M","E","R","E","T","R","?","?","M","E","R","BOSS","M","?","?","M","$","E","R","E","T","E","?","R","M","M","R","BOSS","M","M","$","?"],"items_purchased_type":["Relic","Relic","Card"],"build_version":"2020-12-22","purchased_purges":1,"victory":false,"max_hp_per_floor":[70,70,70,70,70,70,70,70,70,70,70,75,75,75,75,75,75,75,75,75,75,75,75,75,75,75,75,75,75,75,75,75,75,75,75,75,75,75,75],"card_choices":[{"not_picked":["Prepared","Dagger Spray","Dagger Throw"],"picked":"SKIP","floor":1},{"not_picked":["Bane","Underhanded Strike"],"picked":"Backflip","floor":4},{"not_picked":["Dagger Throw","Leg Sweep","Dagger Spray"],"picked":"SKIP","floor":5},{"not_picked":["Bane","Outmaneuver","Cloak And Dagger"],"picked":"SKIP","floor":6},{"not_picked":["Accuracy","Sucker Punch","Outmaneuver"],"picked":"SKIP","floor":8},{"not_picked":["Poisoned Stab","Outmaneuver","Escape Plan"],"picked":"SKIP","floor":12},{"not_picked":["Noxious Fumes","Terror","Infinite Blades"],"picked":"SKIP","floor":13},{"not_picked":["Calculated Gamble","Deflect","Acrobatics"],"picked":"SKIP","floor":14},{"not_picked":["Venomology","A Thousand Cuts"],"picked":"After Image","floor":16},{"not_picked":["Underhanded Strike","Noxious Fumes","Prepared"],"picked":"SKIP","floor":18},{"not_picked":["Dash+1","Choke","Poisoned Stab"],"picked":"SKIP","floor":21},{"not_picked":["Bullet Time","All Out Attack","Acrobatics"],"picked":"SKIP","floor":23},{"not_picked":["Caltrops","Catalyst","Calculated Gamble"],"picked":"SKIP","floor":25},{"not_picked":["Distraction","Choke+1"],"picked":"Backstab+1","floor":27},{"not_picked":["Flying Knee","Calculated Gamble+1","Infinite Blades"],"picked":"SKIP","floor":30},{"not_picked":["Acrobatics","Backflip","PiercingWail"],"picked":"SKIP","floor":31},{"not_picked":["Tools of the Trade","Doppelganger"],"picked":"Phantasmal Killer","floor":33},{"not_picked":["Blade Dance","Dagger Spray","Concentrate"],"picked":"SKIP","floor":35},{"not_picked":["Calculated Gamble+1","Outmaneuver","Dash"],"picked":"SKIP","floor":36}],"player_experience":596074,"relics_obtained":[{"floor":2,"key":"infinitespire:Eraser"},{"floor":6,"key":"infinitespire:FocusingShard"},{"floor":8,"key":"infinitespire:Midas Blood"},{"floor":9,"key":"Regal Pillow"},{"floor":11,"key":"Ancient Tea Set"},{"floor":14,"key":"HornCleat"},{"floor":19,"key":"Nilry\u0027s Codex"},{"floor":20,"key":"Whetstone"},{"floor":23,"key":"War Paint"},{"floor":25,"key":"Orichalcum"},{"floor":26,"key":"Oddly Smooth Stone"},{"floor":27,"key":"MealTicket"}],"event_choices":[{"cards_removed":["Setup"],"damage_healed":0,"gold_gain":0,"player_choice":"Card Removal","damage_taken":0,"max_hp_gain":0,"max_hp_loss":0,"event_name":"The Cleric","floor":3,"gold_loss":50},{"damage_healed":0,"gold_gain":0,"player_choice":"Obtained Book","damage_taken":16,"max_hp_gain":0,"max_hp_loss":0,"event_name":"Cursed Tome","floor":19,"gold_loss":0},{"damage_healed":25,"gold_gain":0,"player_choice":"Heal","damage_taken":0,"max_hp_gain":0,"max_hp_loss":0,"event_name":"The Library","floor":28,"gold_loss":0}],"is_beta":false,"boss_relics":[{"not_picked":["Ectoplasm","Sozu"],"picked":"Empty Cage"},{"not_picked":["Cursed Key","Calling Bell"],"picked":"HoveringKite"}],"items_purged_floors":[22],"is_endless":false,"potions_floor_spawned":[1,4,6,12,14,16,21,27,30,36],"killed_by":"Nightmare_Alpha","ascension_level":4}}