{"host":"cqp8djd9d6qkqkjg","time":1613440564,"event":{"mods":["Act Like it!","BaseMod","Downfall","Hermit","Marisa£®ÏF”Í°°ƒß¿Ì…≥£©","Minty Spire (QoL Compilation)","READ ME - Guardian Mod","Reimu£®≤©¿ˆ¡È√Œ£©","Reliquary","Replay The Spire","StSLib","Yakumo Yukari mod"],"gold_per_floor":[99,118,129,140,140,189,189,204,221,221,239,239,239,68,80,181,181,181,181],"floor_reached":17,"language":"ZHS","playtime":1602,"items_purged":["champ:Strike"],"score":149,"play_id":"e562ec94-f478-47e7-9d5d-656de8afb054","local_time":"20210216095604","is_ascension_mode":false,"campfire_choices":[{"data":"champ:Execute","floor":1,"key":"SMITH"},{"data":"champ:BerserkersShout","floor":10,"key":"SMITH"}],"circlet_count":0,"master_deck":["champ:Defend","champ:Defend","champ:Defend","champ:Defend","champ:Execute+1","champ:Taunt","champ:FalseCounter","champ:BerserkersShout+1","champ:Backstep","champ:DefensiveShout","champ:Improvising","champ:IronFortress","champ:ShieldSlam","champ:DancingMaster"],"relics":["champ:ChampionCrown","Dream Catcher","reliquary:TridentHead","Empty Cage"],"acts_visited":["Exordium","TheCity"],"potions_floor_usage":[],"damage_taken":[{"damage":26,"enemies":"Jaw Worm","floor":2,"turns":3},{"damage":11,"enemies":"Small Slimes","floor":3,"turns":3},{"damage":25,"enemies":"Cultist","floor":4,"turns":3},{"damage":41,"enemies":"Blue Slaver","floor":8,"turns":4},{"damage":29,"enemies":"downfall:LooterAlt","floor":9,"turns":4},{"damage":36,"enemies":"Large Slime","floor":11,"turns":8},{"damage":15,"enemies":"downfall:FleeingMerchant","floor":14,"turns":4},{"damage":30,"enemies":"Blue Slaver","floor":15,"turns":5},{"damage":123,"enemies":"SI_SHIV_ARCHETYPE","floor":16,"turns":16}],"seed_played":"4624725918350086813","potions_obtained":[{"floor":8,"key":"Weak Potion"},{"floor":9,"key":"Toxic Potion"},{"floor":13,"key":"Strength Potion"},{"floor":16,"key":"champ:TechniquePotion"}],"is_trial":false,"path_per_floor":["R","M","M","M","?","T","T","M","M","R","M","?","?","$","M","B",null],"character_chosen":"THE_CHAMP","items_purchased":["champ:IronFortress"],"campfire_rested":0,"item_purchase_floors":[14],"current_hp_per_floor":[99,93,92,92,92,92,92,76,62,62,56,56,56,56,46,28,99,99,99],"gold":181,"neow_bonus":"TEN_PERCENT_HP_BONUS","is_daily":false,"chose_seed":false,"campfire_upgraded":2,"win_rate":0.0,"timestamp":1613440564,"path_taken":["R","M","M","M","?","?","T","M","M","R","M","?","?","$","M","BOSS"],"items_purchased_type":["Card"],"build_version":"2020-12-22","purchased_purges":1,"victory":false,"max_hp_per_floor":[99,99,99,99,99,99,99,99,99,99,99,99,99,99,99,99,99,99,99],"card_choices":[{"not_picked":["champ:RapidStrikes","champ:DefensiveShout"],"picked":"champ:FalseCounter","floor":2},{"not_picked":["champ:EnGarde","champ:RecklessLeap"],"picked":"champ:BerserkersShout","floor":3},{"not_picked":["champ:TornadoPunch","champ:BerserkersShout"],"picked":"champ:Backstep","floor":4},{"not_picked":["champ:Haymaker","champ:EnGarde","champ:FlashCut"],"picked":"SKIP","floor":8},{"not_picked":["champ:BladeFlurry","champ:PreemptiveStrike"],"picked":"champ:DefensiveShout","floor":9},{"not_picked":["champ:GladiatorStyle","champ:TornadoPunch","champ:PreemptiveStrike"],"picked":"SKIP","floor":11},{"not_picked":["champ:FaceSlap","champ:BladeFlurry"],"picked":"champ:Improvising","floor":14},{"not_picked":["champ:CrownThrow","champ:PreciseThrust"],"picked":"champ:ShieldSlam","floor":15},{"not_picked":["champ:GladiatorForm","champ:SteelEdge"],"picked":"champ:DancingMaster","floor":16}],"player_experience":297733,"relics_obtained":[{"floor":6,"key":"Dream Catcher"},{"floor":7,"key":"reliquary:TridentHead"}],"event_choices":[{"damage_healed":0,"gold_gain":0,"player_choice":"Got Potions","damage_taken":0,"max_hp_gain":0,"max_hp_loss":0,"event_name":"Lab","floor":13,"gold_loss":0}],"is_beta":false,"boss_relics":[{"not_picked":["reliquary:Craggleroot","RedLine:ReiMu"],"picked":"Empty Cage"}],"items_purged_floors":[14],"is_endless":false,"potions_floor_spawned":[8,9,15,16],"ascension_level":0}}