{"host":"kpcx2wrn7eq3nf7c","time":1613460692,"event":{"mods":["100% Spire Juice","Act Like it!","BaseMod","CapriCore","Friendly Minions","Gensokyo","Hermit","Koishi","Marisa（霧雨　魔理沙）","Minty Spire (QoL Compilation)","StSLib","The Animator","The Immortal","The Servant 0.9.4","Waifu the Spire","Youmu（魂魄妖梦）"],"gold_per_floor":[118,118,118,128,28,28,39,39,63,75,75,85,185,91,91,196,196,95,108,68,146,146,174,12,12,39,39,39,39,64,105,105,215,104,129,138,138,138,151,151,195,219,219,246,265,292,292,310,310,310],"floor_reached":51,"language":"ZHS","playtime":3085,"items_purged":["Moonworks:ImmovableObject"],"score":715,"play_id":"936794be-cd60-42f1-95b3-22393600a80c","local_time":"20210216153132","is_ascension_mode":false,"campfire_choices":[{"data":"Moonworks:MiracleWalker","floor":6,"key":"SMITH"},{"data":"Moonworks:IntelligenceOfficer","floor":8,"key":"SMITH"},{"data":"Moonworks:BindingChains","floor":11,"key":"SMITH"},{"data":"Moonworks:CloudOfSeagulls","floor":15,"key":"SMITH"},{"data":"Moonworks:Bloodlust","floor":27,"key":"SMITH"},{"data":"Finesse","floor":32,"key":"SMITH"},{"data":"Moonworks:TreasureThief","floor":40,"key":"SMITH"},{"data":"Moonworks:MeltingMemories","floor":47,"key":"SMITH"},{"data":"Moonworks:AnotherUltimateWeapon","floor":49,"key":"SMITH"}],"circlet_count":0,"master_deck":["Moonworks:Strike","Moonworks:Strike","Moonworks:Defend","Moonworks:Defend","Moonworks:Defend","Moonworks:Ambush","Moonworks:LongDistanceShot","Moonworks:MiracleWalker+1","Moonworks:UnluckyCharm","Moonworks:BindingChains+1","Moonworks:IntelligenceOfficer+1","Moonworks:CloudOfSeagulls+1","Moonworks:GoAway","Moonworks:PlushieMaster+1","Moonworks:BackdoorTrade+1","Moonworks:Bloodlust+1","Finesse+1","Deep Breath+1","Moonworks:WindyEnchantment","Moonworks:SakisCookie+1","Moonworks:AnotherUltimateWeapon+1","CurseOfTheBell","Moonworks:TreasureThief+1","Wraith","Moonworks:MeltingMemories+1","Moonworks:NicePresent+1","Moonworks:CloudOfSeagulls+1","Moonworks:EvilSpyWorkPreparation+1","Moonworks:BackdoorTrade+1","Madness","Madness"],"relics":["Moonworks:SBBomb","Moonworks:Homemark","Boot","Vajra","PreservedInsect","Meat on the Bone","Gensokyo:SongOfSouls","Question Card","CeramicFish","Juzu Bracelet","Calling Bell","Toy Ornithopter","Moonworks:LittleGull","CaptainsWheel","Orichalcum","Sundial"],"acts_visited":["Exordium","Gensokyo:Gensokyoer","TheBeyond"],"potions_floor_usage":[14,14,14],"damage_taken":[{"damage":7,"enemies":"Small Slimes","floor":1,"turns":3},{"damage":0,"enemies":"2 Louse","floor":4,"turns":3},{"damage":0,"enemies":"Cultist","floor":5,"turns":5},{"damage":7,"enemies":"3 Louse","floor":7,"turns":5},{"damage":0,"enemies":"Lots of Slimes","floor":10,"turns":3},{"damage":4,"enemies":"Exordium Wildlife","floor":12,"turns":3},{"damage":11,"enemies":"Gremlin Nob","floor":14,"turns":5},{"damage":9,"enemies":"Slime Boss","floor":16,"turns":8},{"damage":4,"enemies":"Gensokyo:Chomper","floor":18,"turns":4},{"damage":0,"enemies":"Gensokyo:2_Gloops","floor":19,"turns":4},{"damage":30,"enemies":"Gensokyo:Reisen","floor":23,"turns":7},{"damage":12,"enemies":"Gensokyo:Monolith_and_Dog","floor":30,"turns":4},{"damage":28,"enemies":"Gensokyo:Tenshi","floor":31,"turns":3},{"damage":23,"enemies":"Gensokyo:Eternal_Rivals","floor":33,"turns":8},{"damage":21,"enemies":"3 Darklings","floor":35,"turns":4},{"damage":4,"enemies":"Orb Walker","floor":39,"turns":3},{"damage":6,"enemies":"Giant Head","floor":41,"turns":6},{"damage":43,"enemies":"4 Shapes","floor":42,"turns":5},{"damage":5,"enemies":"Maw","floor":44,"turns":7},{"damage":24,"enemies":"Spire Growth","floor":45,"turns":5},{"damage":5,"enemies":"Jaw Worm Horde","floor":46,"turns":4},{"damage":24,"enemies":"Donu and Deca","floor":50,"turns":6}],"seed_played":"2824805172487496416","potions_obtained":[{"floor":4,"key":"DistilledChaos"},{"floor":5,"key":"Weak Potion"},{"floor":12,"key":"FearPotion"},{"floor":14,"key":"SpeedPotion"},{"floor":16,"key":"Weak Potion"},{"floor":18,"key":"LiquidMemories"},{"floor":23,"key":"Swift Potion"}],"is_trial":false,"path_per_floor":["M","?","?","M","M","R","M","R","T","M","R","M","?","E","R","B",null,"M","M","?","T","?","E","$","?","T","R","?","COS","M","E","R","B",null,"M","?","?","$","M","R","E","M","T","M","M","M","R","?","R","B",null],"character_chosen":"THE_STARBREAKER","items_purchased":["Finesse"],"campfire_rested":0,"item_purchase_floors":[24],"current_hp_per_floor":[53,53,53,53,53,53,46,46,46,46,46,42,42,31,31,22,60,56,56,56,56,56,38,38,38,38,38,38,38,52,32,32,32,60,60,60,60,60,60,60,60,40,40,58,50,58,58,50,50,49],"gold":310,"neow_bonus":"RANDOM_COMMON_RELIC","is_daily":false,"chose_seed":false,"campfire_upgraded":9,"win_rate":0.0,"timestamp":1613460692,"path_taken":["M","?","?","M","?","R","M","R","T","M","R","M","?","E","R","BOSS","M","?","?","?","?","E","$","?","T","R","?","COS","?","E","R","BOSS","M","?","?","?","M","R","E","M","T","M","M","M","R","?","R","BOSS"],"items_purchased_type":["Card"],"build_version":"2020-12-22","purchased_purges":1,"victory":true,"max_hp_per_floor":[60,60,60,60,60,60,60,60,60,60,60,60,60,60,60,60,60,60,60,60,60,60,60,60,60,60,60,60,60,60,60,60,60,60,60,60,60,60,60,60,60,60,60,60,60,60,60,60,60,60],"card_choices":[{"not_picked":["Moonworks:DeployBits","Moonworks:EvilSpyWorkPreparation"],"picked":"Moonworks:MiracleWalker","floor":1},{"not_picked":["Moonworks:NicePresent","Moonworks:ExtendedPhotonRifle"],"picked":"Moonworks:UnluckyCharm","floor":4},{"not_picked":["Moonworks:ImOnFire","Moonworks:SakisCookie"],"picked":"Moonworks:BindingChains","floor":5},{"not_picked":["Moonworks:AngelHand","Moonworks:UnpaidWork"],"picked":"Moonworks:IntelligenceOfficer","floor":7},{"not_picked":["Moonworks:JonathanRush","Moonworks:IndiscriminateFireSupport"],"picked":"Moonworks:CloudOfSeagulls","floor":10},{"not_picked":["Moonworks:BigMagnum","Moonworks:ImOnFire","Moonworks:CloudOfSeagulls"],"picked":"SKIP","floor":12},{"not_picked":["Moonworks:NicePresent","Moonworks:ReproductionOfRecords"],"picked":"Moonworks:GoAway","floor":14},{"not_picked":["Moonworks:HolyNight","Moonworks:Accelerator"],"picked":"Moonworks:PlushieMaster","floor":16},{"not_picked":["Moonworks:CloudOfSeagulls","Moonworks:UnluckyCharm"],"picked":"Moonworks:BackdoorTrade+1","floor":18},{"not_picked":["Moonworks:CloudOfSeagulls","Moonworks:Dinner+1","Moonworks:ReproductionOfRecords"],"picked":"SKIP","floor":19},{"not_picked":["Moonworks:TacticalRetreat+1","Moonworks:JonathanRush"],"picked":"Moonworks:Bloodlust","floor":23},{"not_picked":["Moonworks:BigMagnum+1","Moonworks:JonathanRush","Moonworks:AngelHand"],"picked":"Moonworks:WindyEnchantment","floor":30},{"not_picked":["Moonworks:ImOnFire","Moonworks:BigMagnum","Moonworks:Dinner"],"picked":"Moonworks:SakisCookie+1","floor":31},{"not_picked":["Moonworks:ShieldCounter","Moonworks:GoAway","Moonworks:SubspaceTunnel"],"picked":"Moonworks:AnotherUltimateWeapon","floor":33},{"not_picked":["Moonworks:ImOnFire","Moonworks:SakisCookie","Moonworks:LulusLuckyEgg+1"],"picked":"Moonworks:TreasureThief","floor":35},{"not_picked":["Moonworks:x16BigRocket+1","Moonworks:DeployBits+1","Moonworks:CloudOfSeagulls","Moonworks:FinalSurgery"],"picked":"SKIP","floor":39},{"not_picked":["Moonworks:IndiscriminateFireSupport","Moonworks:SealedMemories","Moonworks:UnpaidWork"],"picked":"Moonworks:MeltingMemories","floor":41},{"not_picked":["Moonworks:DeployBits","Moonworks:FullSpeedAlicianrone","Moonworks:BigMagnum"],"picked":"Moonworks:NicePresent+1","floor":42},{"not_picked":["Moonworks:BigMagnum+1","Moonworks:LulusLuckyEgg","Moonworks:CastOff+1"],"picked":"Moonworks:CloudOfSeagulls+1","floor":44},{"not_picked":["Moonworks:Assault","Moonworks:LulusLuckyEgg+1","Moonworks:JonathanRush"],"picked":"Moonworks:EvilSpyWorkPreparation+1","floor":45},{"not_picked":["Moonworks:ScrambledEve+1","Moonworks:WindyEnchantment+1","Moonworks:JonathanRush"],"picked":"Moonworks:BackdoorTrade+1","floor":46}],"player_experience":1250361,"relics_obtained":[{"floor":9,"key":"Vajra"},{"floor":14,"key":"PreservedInsect"},{"floor":21,"key":"Meat on the Bone"},{"floor":23,"key":"Question Card"},{"floor":26,"key":"CeramicFish"},{"floor":31,"key":"Juzu Bracelet"},{"floor":34,"key":"Toy Ornithopter"},{"floor":34,"key":"Moonworks:LittleGull"},{"floor":34,"key":"CaptainsWheel"},{"floor":41,"key":"Orichalcum"},{"floor":43,"key":"Sundial"}],"event_choices":[{"cards_removed":["Moonworks:Strike"],"damage_healed":0,"gold_gain":0,"player_choice":"Forget","damage_taken":0,"max_hp_gain":0,"max_hp_loss":0,"event_name":"Living Wall","floor":2,"gold_loss":0},{"damage_healed":0,"gold_gain":0,"cards_transformed":["Moonworks:Strike"],"player_choice":"Transformed","damage_taken":0,"max_hp_gain":0,"max_hp_loss":0,"event_name":"Transmorgrifier","floor":3,"gold_loss":0,"cards_obtained":["Moonworks:ImmovableObject"]},{"damage_healed":0,"gold_gain":100,"player_choice":"Pray","damage_taken":0,"max_hp_gain":0,"max_hp_loss":0,"event_name":"Golden Shrine","floor":13,"gold_loss":0},{"damage_healed":0,"gold_gain":0,"player_choice":"Ignored","damage_taken":0,"max_hp_gain":0,"max_hp_loss":0,"event_name":"OrinTheCat","floor":36,"gold_loss":0},{"cards_removed":["Moonworks:Defend"],"damage_healed":0,"gold_gain":0,"player_choice":"Removed Skill","damage_taken":0,"max_hp_gain":0,"max_hp_loss":0,"event_name":"Falling","floor":37,"gold_loss":0},{"damage_healed":0,"gold_gain":0,"player_choice":"Embrace Madness","damage_taken":8,"max_hp_gain":0,"max_hp_loss":0,"event_name":"Winding Halls","floor":48,"gold_loss":0,"cards_obtained":["Madness","Madness"]}],"is_beta":false,"boss_relics":[{"not_picked":["Astrolabe","Ectoplasm"],"picked":"Moonworks:SBBomb"},{"not_picked":["Coffee Dripper","Tiny House"],"picked":"Calling Bell"}],"items_purged_floors":[24],"is_endless":false,"potions_floor_spawned":[4,5,12,14,16,18,23,39,46],"ascension_level":0}}