{"host":"yhipfp2q5jnlph7f","time":1613480612,"event":{"mods":["BaseMod","Minty Spire (QoL Compilation)","Quick Restart"],"gold_per_floor":[110,285,285,245,260,292,292,307,333,364,381,408,408,425,425,522,522,537,537,537,587,0,29,29,55,55,85,85,85,101,131,131,131,131],"floor_reached":33,"language":"JPN","playtime":2327,"items_purged":[],"score":419,"play_id":"4aa5a710-7a28-43ef-a36c-cf6aebf6d58c","local_time":"20210216220332","is_ascension_mode":true,"campfire_choices":[{"data":"Eruption","floor":7.0,"key":"SMITH"},{"data":"Vigilance","floor":13.0,"key":"SMITH"},{"data":"Wallop","floor":15.0,"key":"SMITH"},{"data":"FlurryOfBlows","floor":24.0,"key":"SMITH"},{"data":"Sanctity","floor":28.0,"key":"SMITH"},{"data":"ClearTheMind","floor":32,"key":"SMITH"}],"circlet_count":0,"master_deck":["Strike_P+1","Strike_P+1","Defend_P","Eruption+1","Vigilance+1","ClearTheMind+1","Wallop+1","FlurryOfBlows+1","EmptyFist","Sanctity+1","SpiritShield+1","FearNoEvil+1","PathToVictory+1","Devotion+1","EmptyBody+1","Meditate+1"],"relics":["PureWater","NeowsBlessing","Juzu Bracelet","Whetstone","Mercury Hourglass","Art of War","Astrolabe","Torii","Nunchaku","Melange","Mango","InkBottle","Toxic Egg 2","Boot","Prayer Wheel"],"acts_visited":["Exordium","TheCity"],"potions_floor_usage":[31,31],"damage_taken":[{"damage":0.0,"enemies":"Jaw Worm","floor":1.0,"turns":1.0},{"damage":0.0,"enemies":"2 Louse","floor":5.0,"turns":1.0},{"damage":0.0,"enemies":"Gremlin Nob","floor":6.0,"turns":1.0},{"damage":6.0,"enemies":"Cultist","floor":8.0,"turns":3.0},{"damage":9.0,"enemies":"3 Sentries","floor":10.0,"turns":10.0},{"damage":2.0,"enemies":"3 Louse","floor":11.0,"turns":2.0},{"damage":16.0,"enemies":"Gremlin Nob","floor":12.0,"turns":3.0},{"damage":0.0,"enemies":"Red Slaver","floor":14.0,"turns":2.0},{"damage":27.0,"enemies":"The Guardian","floor":16.0,"turns":7.0},{"damage":12.0,"enemies":"Shell Parasite","floor":18.0,"turns":4.0},{"damage":14.0,"enemies":"Book of Stabbing","floor":23.0,"turns":4.0},{"damage":8.0,"enemies":"Slavers","floor":25.0,"turns":6.0},{"damage":8.0,"enemies":"Book of Stabbing","floor":27.0,"turns":5.0},{"damage":0.0,"enemies":"2 Thieves","floor":30.0,"turns":2.0},{"damage":2,"enemies":"Slavers","floor":31,"turns":5},{"damage":76,"enemies":"Automaton","floor":33,"turns":6}],"seed_played":"815674317589464066","potions_obtained":[{"floor":4.0,"key":"Energy Potion"},{"floor":4.0,"key":"SneckoOil"},{"floor":4.0,"key":"CultistPotion"},{"floor":5.0,"key":"BottledMiracle"},{"floor":10.0,"key":"FearPotion"},{"floor":18.0,"key":"Strength Potion"},{"floor":30.0,"key":"AttackPotion"}],"is_trial":false,"path_per_floor":["M","?","?","?","M","E","R","M","T","E","M","E","R","M","R","B",null,"M","?","?","?","$","E","R","E","T","E","R","?","M","E","R","B"],"character_chosen":"WATCHER","items_purchased":["Torii","Nunchaku","Melange"],"campfire_rested":0,"item_purchase_floors":[22,22,22],"current_hp_per_floor":[72,72,65,65,65,65,65,59,59,50,48,32,32,32,32,5,72,60,60,60,60,60,60,60,52,52,44,44,44,44,42,42,0,0],"gold":131,"neow_bonus":"THREE_ENEMY_KILL","is_daily":false,"chose_seed":false,"campfire_upgraded":6,"win_rate":0.0,"timestamp":1613480612,"path_taken":["M","?","?","?","?","E","R","M","T","E","M","E","R","M","R","BOSS","BOSS","M","?","?","?","$","E","R","E","T","E","R","?","M","E","R","BOSS"],"items_purchased_type":["Relic","Relic","Relic"],"build_version":"2020-12-22","purchased_purges":0,"victory":false,"max_hp_per_floor":[72,72,72,72,72,72,72,72,72,72,72,72,72,72,72,72,72,72,72,72,72,72,86,86,86,86,86,86,86,86,86,86,86,86],"card_choices":[{"not_picked":["CrushJoints","SashWhip","BattleHymn"],"picked":"SKIP","floor":1.0},{"not_picked":["Halt","CutThroughFate","Meditate"],"picked":"SKIP","floor":5.0},{"not_picked":["Weave","WreathOfFlame"],"picked":"ClearTheMind","floor":6.0},{"not_picked":["PathToVictory","EmptyFist"],"picked":"Wallop","floor":8.0},{"not_picked":["Meditate","Perseverance","PathToVictory"],"picked":"SKIP","floor":10.0},{"not_picked":["SashWhip","EmptyFist"],"picked":"FlurryOfBlows","floor":11.0},{"not_picked":["Collect","ClearTheMind"],"picked":"EmptyFist","floor":12.0},{"not_picked":["Indignation","DeceiveReality"],"picked":"Sanctity","floor":14.0},{"not_picked":["ConjureBlade","Brilliance"],"picked":"SpiritShield","floor":16.0},{"not_picked":["FlyingSleeves+1","Consecrate","FlurryOfBlows"],"picked":"SKIP","floor":18.0},{"not_picked":["FlurryOfBlows","CrushJoints"],"picked":"EmptyBody+1","floor":23.0},{"not_picked":["FlyingSleeves+1","WheelKick","Pray"],"picked":"SKIP","floor":25.0},{"not_picked":["Prostrate+1","Adaptation"],"picked":"Meditate+1","floor":27.0},{"not_picked":["FlyingSleeves","Consecrate","CutThroughFate"],"picked":"SKIP","floor":30.0},{"not_picked":["Halt+1","CutThroughFate+1","BattleHymn"],"picked":"SKIP","floor":31}],"player_experience":1914332,"relics_obtained":[{"floor":6.0,"key":"Juzu Bracelet"},{"floor":9.0,"key":"Whetstone"},{"floor":10.0,"key":"Mercury Hourglass"},{"floor":12.0,"key":"Art of War"},{"floor":23.0,"key":"Mango"},{"floor":25.0,"key":"InkBottle"},{"floor":26.0,"key":"Toxic Egg 2"},{"floor":27.0,"key":"Boot"},{"floor":31,"key":"Prayer Wheel"}],"event_choices":[{"damage_healed":0.0,"max_hp_gain":0.0,"max_hp_loss":0.0,"gold_gain":175.0,"event_name":"Liars Game","player_choice":"AGREE","floor":2.0,"gold_loss":0.0,"damage_taken":0.0,"cards_obtained":["Doubt"]},{"cards_removed":["Doubt"],"damage_healed":0.0,"max_hp_gain":0.0,"max_hp_loss":0.0,"gold_gain":0.0,"event_name":"Golden Wing","player_choice":"Card Removal","floor":3.0,"gold_loss":0.0,"damage_taken":7.0},{"damage_healed":0.0,"max_hp_gain":0.0,"max_hp_loss":0.0,"gold_gain":0.0,"event_name":"The Woman in Blue","player_choice":"Bought 3 Potions","floor":4.0,"gold_loss":0.0,"damage_taken":0.0},{"damage_healed":0.0,"max_hp_gain":0.0,"max_hp_loss":0.0,"gold_gain":0.0,"event_name":"Upgrade Shrine","player_choice":"Upgraded","floor":19.0,"gold_loss":0.0,"damage_taken":0.0,"cards_upgraded":["SpiritShield"]},{"cards_removed":["Defend_P"],"damage_healed":0.0,"max_hp_gain":0.0,"max_hp_loss":0.0,"gold_gain":0.0,"event_name":"Back to Basics","player_choice":"Elegance","floor":20.0,"gold_loss":0.0,"damage_taken":0.0},{"damage_healed":0.0,"max_hp_gain":0.0,"max_hp_loss":0.0,"gold_gain":100.0,"event_name":"The Joust","player_choice":"Bet on Murderer","floor":21.0,"gold_loss":50.0,"damage_taken":0.0},{"cards_removed":["Defend_P"],"damage_healed":0.0,"max_hp_gain":0.0,"max_hp_loss":0.0,"gold_gain":0.0,"event_name":"Purifier","player_choice":"Purged","floor":29.0,"gold_loss":0.0,"damage_taken":0.0}],"is_beta":false,"boss_relics":[{"not_picked":["Calling Bell","Fusion Hammer"],"picked":"Astrolabe"}],"items_purged_floors":[],"is_endless":false,"potions_floor_spawned":[5,6,10,18,30],"killed_by":"Automaton","ascension_level":3}}