{"host":"gyvm9iplrwbfzexe","time":1613435136,"event":{"mods":["BaseMod","Minty Spire (QoL Compilation)","StSLib","The Cursed","The Hierophant"],"gold_per_floor":[118,49,49,76,76,112,145,145,157,152,164,142,229,113,113,61,61],"floor_reached":16,"language":"ENG","playtime":1080,"items_purged":[],"score":158,"play_id":"020b2a0e-a5af-47c7-80cc-7d66cf8a9ccd","local_time":"20210215182536","is_ascension_mode":false,"campfire_choices":[{"floor":8,"key":"DIG"},{"floor":15,"key":"REST"}],"circlet_count":0,"master_deck":["hierophant:Strike_Hierophant","hierophant:Strike_Hierophant","hierophant:Strike_Hierophant","hierophant:Strike_Hierophant","hierophant:Punish","hierophant:Defend_Hierophant","hierophant:Defend_Hierophant","hierophant:Defend_Hierophant","hierophant:Defend_Hierophant","hierophant:ChurchCoffers","hierophant:Doubloon","hierophant:Refuge","hierophant:Mercenaries","hierophant:Doubloon","hierophant:RecallFunds","hierophant:Doubloon","hierophant:CursedGold","hierophant:Glossolalia+1","hierophant:Community+1","hierophant:Embezzle","hierophant:RustyCrate","hierophant:Doubloon","hierophant:Doubloon"],"relics":["hierophant:PropheticMaskRelic","NeowsBlessing","Shovel","MawBank","Frozen Egg 2","Unceasing Top","WingedGreaves"],"acts_visited":["Exordium"],"potions_floor_usage":[12,16,16],"damage_taken":[{"damage":0,"enemies":"Cultist","floor":1,"turns":1},{"damage":0,"enemies":"2 Louse","floor":4,"turns":1},{"damage":0,"enemies":"3 Sentries","floor":6,"turns":2},{"damage":5,"enemies":"Small Slimes","floor":7,"turns":6},{"damage":23,"enemies":"Exordium Thugs","floor":10,"turns":7},{"damage":17,"enemies":"Lagavulin","floor":12,"turns":10},{"damage":48,"enemies":"The Guardian","floor":16,"turns":9}],"seed_played":"937648598370742937","potions_obtained":[{"floor":1,"key":"Block Potion"},{"floor":4,"key":"Dexterity Potion"},{"floor":5,"key":"AttackPotion"},{"floor":5,"key":"AttackPotion"}],"is_trial":false,"path_per_floor":["M","$","?","M","?","E","M","R","T","M","T","E","?","$","R","B"],"character_chosen":"HIEROPHANT","items_purchased":["hierophant:Mercenaries","hierophant:Embezzle","hierophant:RustyCrate"],"campfire_rested":1,"item_purchase_floors":[2,14,14],"current_hp_per_floor":[75,75,80,80,80,80,75,75,75,52,52,35,24,24,48,0,0],"gold":61,"neow_bonus":"THREE_ENEMY_KILL","is_daily":false,"chose_seed":false,"campfire_upgraded":0,"win_rate":0.0,"timestamp":1613435136,"path_taken":["M","?","?","M","?","E","M","R","T","?","?","E","?","$","R","BOSS"],"items_purchased_type":["Card","Card","Card"],"build_version":"2020-12-22","purchased_purges":0,"victory":false,"max_hp_per_floor":[75,75,80,80,80,80,80,80,80,80,80,80,80,80,80,80,80],"card_choices":[{"not_picked":["hierophant:AuricBeam","hierophant:ArchangelShield"],"picked":"hierophant:Refuge","floor":1},{"not_picked":["hierophant:Purify","hierophant:MorningPrayer","hierophant:Upheaval"],"picked":"SKIP","floor":4},{"not_picked":["hierophant:Community","hierophant:MorningPrayer"],"picked":"hierophant:RecallFunds","floor":6},{"not_picked":["hierophant:MorningPrayer","hierophant:RustyCrate"],"picked":"hierophant:CursedGold","floor":7},{"not_picked":["hierophant:Smite","hierophant:FaithHealing"],"picked":"hierophant:Glossolalia+1","floor":10},{"not_picked":["hierophant:MorningPrayer","hierophant:Blessing"],"picked":"hierophant:Community+1","floor":12}],"player_experience":41646,"relics_obtained":[{"floor":6,"key":"Shovel"},{"floor":8,"key":"MawBank"},{"floor":9,"key":"Frozen Egg 2"},{"floor":11,"key":"Unceasing Top"},{"floor":12,"key":"WingedGreaves"}],"event_choices":[{"damage_healed":0,"gold_gain":0,"player_choice":"Donut","damage_taken":0,"max_hp_gain":5,"max_hp_loss":0,"event_name":"Big Fish","floor":3,"gold_loss":0},{"damage_healed":0,"gold_gain":0,"player_choice":"Got Potions","damage_taken":0,"max_hp_gain":0,"max_hp_loss":0,"event_name":"Lab","floor":5,"gold_loss":0},{"damage_healed":0,"gold_gain":75,"player_choice":"Gather Gold","damage_taken":11,"max_hp_gain":0,"max_hp_loss":0,"event_name":"World of Goop","floor":13,"gold_loss":0}],"is_beta":false,"boss_relics":[],"items_purged_floors":[],"is_endless":false,"potions_floor_spawned":[1,4],"killed_by":"The Guardian","ascension_level":0}}