{"host":"p1xsuo25udtrkbq2","time":1613464132,"event":{"mods":["BaseMod","Colored Map","Googly Eyes","Highlight Path","Minty Spire (QoL Compilation)","Quick Restart","Rare Cards Sparkle","Relic Stats","Slay the Relics Exporter","StSLib","everything is the same but u backflip on backflip"],"gold_per_floor":[115,12,31,31,31,31,72,95,95,95,95,95,126,149,149,245,245,270,286,286,286,286],"floor_reached":21,"language":"ENG","playtime":1684,"items_purged":["Strike_G"],"score":424,"play_id":"10f7c5d5-0783-4db5-857d-fd7e631206a3","local_time":"20210216032852","is_ascension_mode":true,"campfire_choices":[{"data":"Blade Dance","floor":6.0,"key":"SMITH"},{"data":"Neutralize","floor":10.0,"key":"SMITH"},{"data":"Quick Slash","floor":12.0,"key":"SMITH"},{"data":"Envenom","floor":15,"key":"SMITH"}],"circlet_count":0,"master_deck":["AscendersBane","Strike_G","Strike_G","Defend_G","Defend_G","Defend_G","Defend_G","Defend_G","Survivor","Neutralize+1","Blade Dance+1","Quick Slash+1","Dagger Spray","Masterful Stab","Envenom+1","Poisoned Stab","Night Terror","Outmaneuver","Dash","Flying Knee","Distraction","Crippling Poison"],"relics":["Ring of the Snake","NeowsBlessing","Golden Idol","Meat on the Bone","Prayer Wheel","Mango","Runic Pyramid"],"acts_visited":["Exordium","TheCity"],"potions_floor_usage":[13,16,16],"damage_taken":[{"damage":0.0,"enemies":"Cultist","floor":1.0,"turns":1.0},{"damage":0.0,"enemies":"2 Louse","floor":3.0,"turns":1.0},{"damage":0.0,"enemies":"Lagavulin","floor":7.0,"turns":1.0},{"damage":0.0,"enemies":"Jaw Worm","floor":8.0,"turns":3.0},{"damage":26,"enemies":"Gremlin Nob","floor":13,"turns":4},{"damage":5,"enemies":"Red Slaver","floor":14,"turns":3},{"damage":30,"enemies":"The Guardian","floor":16,"turns":13},{"damage":45,"enemies":"Shell Parasite","floor":18,"turns":10},{"damage":17,"enemies":"3 Byrds","floor":19,"turns":7}],"seed_played":"-1000193210842716020","potions_obtained":[{"floor":1.0,"key":"Strength Potion"},{"floor":7.0,"key":"Weak Potion"},{"floor":14,"key":"Explosive Potion"},{"floor":16,"key":"Swift Potion"},{"floor":19,"key":"Energy Potion"}],"is_trial":false,"path_per_floor":["M","$","M","?","?","R","E","M","T","R","$","R","E","M","R","B",null,"M","M","?","$"],"character_chosen":"THE_SILENT","items_purchased":["Quick Slash"],"campfire_rested":0,"item_purchase_floors":[2],"current_hp_per_floor":[59,59,59,59,64,64,64,64,64,64,64,64,52,47,47,29,67,34,29,29,29,29],"gold":286,"neow_bonus":"THREE_ENEMY_KILL","is_daily":false,"chose_seed":false,"campfire_upgraded":4,"win_rate":0.0,"timestamp":1613464132,"path_taken":["M","?","M","?","?","R","E","?","T","R","?","R","E","M","R","BOSS","M","M","?","?"],"items_purchased_type":["Card"],"build_version":"2020-12-22","purchased_purges":1,"victory":false,"max_hp_per_floor":[66,66,66,60,65,65,65,65,65,65,65,65,79,79,79,79,79,79,79,79,79,79],"relic_stats":{"counters":[9,43],"Golden Idol":51,"Prayer Wheel":3,"obtain_stats":[{"NeowsBlessing":0,"Golden Idol":4,"Prayer Wheel":9,"Mango":13,"Ring of the Snake":0,"Meat on the Bone":7,"Runic Pyramid":17},{"NeowsBlessing":0,"Golden Idol":2,"Prayer Wheel":4,"Mango":5,"Ring of the Snake":0,"Meat on the Bone":3,"Runic Pyramid":7},{"NeowsBlessing":0,"Golden Idol":2,"Prayer Wheel":6,"Mango":10,"Ring of the Snake":0,"Meat on the Bone":3,"Runic Pyramid":26}],"Ring of the Snake":[18],"Meat on the Bone":36},"card_choices":[{"not_picked":["Dagger Spray","Cloak And Dagger"],"picked":"Blade Dance","floor":1.0},{"not_picked":["Expertise","Quick Slash"],"picked":"Dagger Spray","floor":3.0},{"not_picked":["Backflip","Setup"],"picked":"Masterful Stab","floor":7.0},{"not_picked":["Infinite Blades","Outmaneuver","Underhanded Strike"],"picked":"SKIP","floor":8.0},{"not_picked":["Dagger Throw","Flying Knee"],"picked":"Envenom","floor":13},{"not_picked":["Setup","Slice"],"picked":"Poisoned Stab","floor":14},{"not_picked":["Dagger Spray","Accuracy","Choke"],"picked":"SKIP","floor":14},{"not_picked":["Storm of Steel","Envenom"],"picked":"Night Terror","floor":16},{"not_picked":["Flechettes","Underhanded Strike+1"],"picked":"Outmaneuver","floor":18},{"not_picked":["Bane","Poisoned Stab"],"picked":"Dash","floor":18},{"not_picked":["All Out Attack","Slice"],"picked":"Flying Knee","floor":19},{"not_picked":["Heel Hook","Acrobatics","Malaise"],"picked":"SKIP","floor":19},{"not_picked":["Heel Hook","Acrobatics","Malaise"],"picked":"SKIP","floor":19}],"player_experience":1074118,"relics_obtained":[{"floor":7.0,"key":"Meat on the Bone"},{"floor":9.0,"key":"Prayer Wheel"},{"floor":13,"key":"Mango"}],"event_choices":[{"damage_healed":0.0,"max_hp_gain":0.0,"max_hp_loss":6.0,"gold_gain":0.0,"event_name":"Golden Idol","player_choice":"Lose Max HP","floor":4.0,"gold_loss":0.0,"damage_taken":0.0,"relics_obtained":["Golden Idol"]},{"damage_healed":0.0,"max_hp_gain":5.0,"max_hp_loss":0.0,"gold_gain":0.0,"event_name":"Big Fish","player_choice":"Donut","floor":5.0,"gold_loss":0.0,"damage_taken":0.0},{"damage_healed":0,"gold_gain":0,"cards_transformed":["Strike_G","Strike_G"],"player_choice":"Became Test Subject","damage_taken":0,"max_hp_gain":0,"max_hp_loss":0,"event_name":"Drug Dealer","floor":20,"gold_loss":0,"cards_obtained":["Distraction","Crippling Poison"]}],"is_beta":false,"boss_relics":[{"not_picked":["Tiny House","Black Star"],"picked":"Runic Pyramid"}],"items_purged_floors":[2],"is_endless":false,"potions_floor_spawned":[1,7,14,16,19],"ascension_level":20}}