{"host":"no5f9c6q31porkj5","time":1613456095,"event":{"mods":["BaseMod","Marisa£¨Ùöéë¡¡Øª×âÞÞ£©","Minty Spire (QoL Compilation)","StSLib","Td1madao Mod","The Cursed","The Gatherer","The Runesmith"],"gold_per_floor":[115,190,47,47,47,47,47,60,60,60,60,60,60,78,78,207,207,1000000059,1000000082,1000000082,999989597,999989649,999989649,999989649,999989674,999989701,999989701,999989701,999986620,999986620,999986633,999986633,999986754,999986754,999986767,999985902,999985925,999985993,999985993,999985993,999985993,999985142,999985168,999985168,999985168,999985390,999985390,999985390,999985390,999985514,999985514,999985539,999985614,999984277,999984277,999984074,999984074,999984074,999984074,999984074,999983698,999983727,999983727,999983727,999983727,999983727,999983858,999983921,999983940,999983940,999983940,999983760,999983437,999983437,999983477,999983477,999983518,999983518,999983518,999983305,999983305,999983305,999983305,999983305,999983305,999983305,999983305],"floor_reached":86,"language":"KOR","playtime":1949,"items_purged":["Survivor","Strike_G","Strike_G+1","Caltrops+1","Caltrops+1","Infinite Blades+1","Noxious Fumes+1","Noxious Fumes+1","Infinite Blades+1"],"score":1717,"play_id":"d5841c0e-bf9c-42ab-aed3-8416f5fa5662","local_time":"20210216151455","daily_mods":["Vintage","Time Dilation","Flight"],"is_ascension_mode":false,"campfire_choices":[{"floor":6,"key":"REST"},{"floor":12,"key":"REST"},{"data":"Envenom","floor":13,"key":"SMITH"},{"data":"Defend_G","floor":15,"key":"SMITH"},{"data":"Defend_G","floor":23,"key":"SMITH"},{"floor":24,"key":"DIG"},{"data":"Defend_G","floor":27,"key":"SMITH"},{"data":"Neutralize","floor":28,"key":"SMITH"},{"data":"Neutralize","floor":32,"key":"SMITH"},{"data":"Strike_G","floor":40,"key":"PURGE"},{"data":"Strike_G+1","floor":44,"key":"PURGE"},{"data":"Strike_G+1","floor":45,"key":"PURGE"},{"floor":47,"key":"DIG"},{"floor":49,"key":"DIG"},{"floor":57,"key":"DIG"},{"data":"Venomology+1","floor":58,"key":"PURGE"},{"data":"Caltrops+1","floor":64,"key":"PURGE"},{"data":"Noxious Fumes+1","floor":66,"key":"PURGE"},{"data":"Accuracy+1","floor":76,"key":"PURGE"},{"data":"Footwork+1","floor":78,"key":"PURGE"},{"data":"Infinite Blades+1","floor":79,"key":"PURGE"},{"data":"Slice+1","floor":81,"key":"PURGE"},{"data":"Slice+1","floor":83,"key":"PURGE"}],"circlet_count":13,"master_deck":["Defend_G+1","Defend_G+1","Defend_G+1","Defend_G+1","Defend_G+1","Neutralize+1","Neutralize+1","Envenom+1","Accuracy+1","Cloak And Dagger+1","Infinite Blades+1","Footwork+1","Infinite Blades+1","Infinite Blades+1","Noxious Fumes+1","Accuracy+1","Footwork+1","Noxious Fumes+1","Accuracy+1","Cloak And Dagger+1","Footwork+1","Noxious Fumes+1","Noxious Fumes+1","Accuracy+1","A Thousand Cuts+1","Envenom+1","Envenom+1","Cloak And Dagger+1"],"relics":["Ring of the Serpent","Peace Pipe","TwistedFunnel","Golden Idol","Pantograph","Question Card","Centennial Puzzle","Pen Nib","SlaversCollar","CeramicFish","The Courier","StoneCalendar","TungstenRod","Tough Bandages","Ancient Tea Set","Singing Bowl","Turnip","Happy Flower","Strawberry","Bronze Scales","Anchor","Orichalcum","Snake Skull","Shovel","Molten Egg 2","Lantern","Toy Ornithopter","Ginger","Omamori","PreservedInsect","Eternal Feather","Ninja Scroll","InkBottle","Vajra","Whetstone","Nunchaku","CaptainsWheel","Blue Candle","Regal Pillow","Art of War","Darkstone Periapt","Shuriken","Matryoshka","Pocketwatch","Tiny Chest","Bag of Preparation","Potion Belt","Runesmith:AutoHammer","Bag of Marbles","Akabeko","StrikeDummy","War Paint","Juzu Bracelet","Oddly Smooth Stone","Mummified Hand","Boot","Frozen Egg 2","Letter Opener","Incense Burner","Paper Crane","Meat on the Bone","Pear","White Beast Statue","Sundial","Ornamental Fan","Gremlin Horn","Toxic Egg 2","HornCleat","Du-Vu Doll","Runesmith:Nanobots","Mercury Hourglass","Red Mask","FossilizedHelix","Runesmith:Locket","Unceasing Top","Prayer Wheel","Lizard Tail","Bird Faced Urn","The Specimen","Thread and Needle","Torii","Ice Cream","Tingsha","Calipers","Mango","Dead Branch","Circlet","Frozen Eye","Lee\u0027s Waffle","WristBlade","Kunai","MealTicket","Dream Catcher","Blood Vial","Bottled Tornado","Bottled Lightning","Gambling Chip","PrismaticShard","DollysMirror","Odd Mushroom","Tiny House","Enchiridion","Membership Card","ClockworkSouvenir","Busted Crown"],"acts_visited":["Exordium","TheCity","TheBeyond","Exordium","TheCity","TheBeyond"],"potions_floor_usage":[16,19],"damage_taken":[{"damage":0,"enemies":"Small Slimes","floor":1,"turns":3},{"damage":2,"enemies":"Jaw Worm","floor":8,"turns":5},{"damage":0,"enemies":"Cultist","floor":14,"turns":4},{"damage":40,"enemies":"Hexaghost","floor":16,"turns":12},{"damage":20,"enemies":"2 Thieves","floor":18,"turns":5},{"damage":9,"enemies":"3 Byrds","floor":19,"turns":6},{"damage":0,"enemies":"Masked Bandits","floor":22,"turns":1},{"damage":0,"enemies":"Snake Plant","floor":25,"turns":1},{"damage":0,"enemies":"Cultist and Chosen","floor":31,"turns":1},{"damage":0,"enemies":"Automaton","floor":33,"turns":4},{"damage":0,"enemies":"3 Darklings","floor":35,"turns":1},{"damage":0,"enemies":"Orb Walker","floor":37,"turns":1},{"damage":0,"enemies":"2 Orb Walkers","floor":38,"turns":1},{"damage":0,"enemies":"Time Eater","floor":50,"turns":3},{"damage":0,"enemies":"Small Slimes","floor":52,"turns":1},{"damage":0,"enemies":"The Mushroom Lair","floor":62,"turns":1},{"damage":0,"enemies":"The Guardian","floor":67,"turns":2},{"damage":0,"enemies":"Chosen","floor":69,"turns":2},{"damage":0,"enemies":"Book of Stabbing","floor":75,"turns":1},{"damage":0,"enemies":"Gremlin Leader","floor":77,"turns":2},{"damage":0,"enemies":"Collector","floor":84,"turns":2},{"damage":0,"enemies":"3 Darklings","floor":86,"turns":1}],"seed_played":"1887991623763084974","potions_obtained":[{"floor":8,"key":"CunningPotion"},{"floor":14,"key":"SteroidPotion"},{"floor":22,"key":"CultistPotion"},{"floor":25,"key":"LiquidBronze"},{"floor":31,"key":"EntropicBrew"},{"floor":37,"key":"BlessingOfTheForge"}],"is_trial":true,"path_per_floor":["M","?","$","?","?","R","?","M","T","$","?","R","R","M","R","B",null,"M","M","?","$","?","R","R","M","T","R","R","$","T","M","R","B",null,"M","$","M","?","T","R","?","$","T","R","R","?","R","?","R","B",null,"M","?","$","?","$","R","R","?","T","$","?","?","R","?","R","B",null,"M","?","?","$","$","?","E","R","E","R","R","$","R","?","R","B",null,"M"],"character_chosen":"THE_SILENT","items_purchased":["TwistedFunnel","StoneCalendar","TungstenRod","Tough Bandages","Ancient Tea Set","Singing Bowl","Turnip","Happy Flower","Strawberry","Bronze Scales","Anchor","Orichalcum","Snake Skull","Shovel","Molten Egg 2","Lantern","Toy Ornithopter","Ginger","Omamori","PreservedInsect","Eternal Feather","Ninja Scroll","InkBottle","Vajra","Whetstone","Nunchaku","CaptainsWheel","Blue Candle","Regal Pillow","Art of War","Darkstone Periapt","Shuriken","Matryoshka","FairyPotion","Pocketwatch","Tiny Chest","Bag of Preparation","Potion Belt","Runesmith:AutoHammer","Bag of Marbles","Akabeko","StrikeDummy","War Paint","Juzu Bracelet","Oddly Smooth Stone","Mummified Hand","Boot","Frozen Egg 2","Letter Opener","Incense Burner","Paper Crane","Meat on the Bone","Pear","White Beast Statue","Sundial","Ornamental Fan","Gremlin Horn","Toxic Egg 2","HornCleat","Du-Vu Doll","Runesmith:Nanobots","Mercury Hourglass","Lizard Tail","Bird Faced Urn","The Specimen","Thread and Needle","Torii","Ice Cream","Tingsha","Calipers","Cloak And Dagger+1","Mango","Dead Branch","Circlet","Circlet","Frozen Eye","Infinite Blades+1","Footwork+1","Infinite Blades+1","Infinite Blades+1","Caltrops+1","Noxious Fumes+1","Accuracy+1","Caltrops+1","Footwork+1","Noxious Fumes+1","Infinite Blades+1","Accuracy+1","Footwork+1","Lee\u0027s Waffle","Footwork+1","Noxious Fumes+1","Noxious Fumes+1","Caltrops+1","Noxious Fumes+1","Noxious Fumes+1","Infinite Blades+1","Accuracy+1","Noxious Fumes+1","Infinite Blades+1","Accuracy+1","Accuracy+1","Caltrops+1","A Thousand Cuts+1","MealTicket","Dream Catcher","Blood Vial","Bottled Tornado","Bottled Lightning","Gambling Chip","PrismaticShard","Slice+1","Slice+1","DollysMirror","Envenom+1","Membership Card","ClockworkSouvenir","Cloak And Dagger+1"],"campfire_rested":2,"item_purchase_floors":[3,21,21,21,21,21,21,21,21,21,21,21,21,21,21,21,21,21,21,21,21,21,21,21,21,21,21,21,21,21,21,21,21,21,21,21,21,21,21,21,21,21,21,21,21,21,21,21,21,21,21,21,21,21,21,21,21,21,21,21,21,21,29,29,29,29,29,29,29,29,29,29,29,29,29,36,36,36,36,36,36,36,36,36,36,36,36,36,36,42,42,42,42,42,42,42,42,42,42,42,42,42,42,54,54,54,54,54,54,54,54,56,56,61,61,73,80,80],"current_hp_per_floor":[70,59,59,42,30,51,51,49,49,49,49,70,70,70,70,30,70,50,41,28,45,57,66,75,75,75,84,92,106,106,106,106,108,108,108,108,108,108,108,108,108,115,115,115,115,115,115,115,115,117,117,117,107,107,107,117,117,117,117,117,117,119,110,119,119,119,121,128,128,116,116,128,128,128,130,130,132,132,132,132,132,132,132,134,134,134,134],"gold":999983305,"neow_bonus":"","is_daily":false,"chose_seed":false,"campfire_upgraded":6,"win_rate":0.0,"timestamp":1613456095,"path_taken":["M","?","$","?","?","R","?","?","T","$","?","R","R","M","R","BOSS","M","?","?","$","?","R","R","M","T","R","R","$","?","M","R","BOSS","M","$","M","?","?","R","?","$","T","R","R","?","R","?","R","BOSS","M","?","$","?","$","R","R","?","T","$","?","?","R","?","R","BOSS","M","?","?","$","$","?","E","R","E","R","R","$","R","?","R","BOSS","M"],"items_purchased_type":["Relic","Relic","Relic","Relic","Relic","Relic","Relic","Relic","Relic","Relic","Relic","Relic","Relic","Relic","Relic","Relic","Relic","Relic","Relic","Relic","Relic","Relic","Relic","Relic","Relic","Relic","Relic","Relic","Relic","Relic","Relic","Relic","Relic","Potion","Relic","Relic","Relic","Relic","Relic","Relic","Relic","Relic","Relic","Relic","Relic","Relic","Relic","Relic","Relic","Relic","Relic","Relic","Relic","Relic","Relic","Relic","Relic","Relic","Relic","Relic","Relic","Relic","Relic","Relic","Relic","Relic","Relic","Relic","Relic","Relic","Card","Relic","Relic","Undefined","Undefined","Relic","Card","Card","Card","Card","Card","Card","Card","Card","Card","Card","Card","Card","Card","Relic","Card","Card","Card","Card","Card","Card","Card","Card","Card","Card","Card","Card","Card","Card","Relic","Relic","Relic","Relic","Relic","Relic","Relic","Card","Card","Relic","Card","Relic","Relic","Card"],"build_version":"2020-12-22","purchased_purges":9,"victory":false,"max_hp_per_floor":[70,70,70,70,70,70,70,70,70,70,70,70,70,70,70,70,70,70,70,75,92,92,92,92,92,92,92,92,106,106,106,106,108,108,108,108,108,108,108,108,108,115,115,115,115,115,115,115,115,117,117,117,117,117,117,117,117,117,117,117,117,119,119,119,119,119,121,128,128,128,128,128,128,128,130,130,132,132,132,132,132,132,132,134,134,134,134],"card_choices":[{"not_picked":["Doppelganger","Adrenaline","Bullet Time"],"picked":"Venomology","floor":16},{"not_picked":["Backflip+1","Poisoned Stab+1","Slice+1"],"picked":"Accuracy+1","floor":22},{"not_picked":["Tools of the Trade+1","Night Terror+1","Corpse Explosion+1","Doppelganger+1"],"picked":"Singing Bowl","floor":33},{"not_picked":["Eviscerate+1","PiercingWail+1","Escape Plan+1"],"picked":"Cloak And Dagger+1","floor":38},{"not_picked":["Malaise+1","Corpse Explosion+1","Burst+1","Adrenaline+1"],"picked":"Singing Bowl","floor":50},{"not_picked":["Winding Magic+1","MysteriousBeam+1","FlurryOfBlows+1","Headbutt+1"],"picked":"Singing Bowl","floor":62},{"not_picked":["Violence+1","Gatherer:BlackTea+1","Offering+1","MasterReality+1"],"picked":"Singing Bowl","floor":67},{"not_picked":["Gatherer:WitheringStrike+1","Auto Shields+1","Pommel Strike+1","Prostrate+1"],"picked":"Singing Bowl","floor":68},{"not_picked":["JustLucky+1","Runesmith:LastStand+1","TheCursedMod:ReleasedKnowledge+1","Iron Wave+1"],"picked":"Singing Bowl","floor":75},{"not_picked":["Gatherer:ScrollOfWall+1","Transfer Energy+1","Gash+1","Discovery+1"],"picked":"Singing Bowl","floor":77},{"not_picked":["Biased Cognition+1","Format All Data+1","Alpha+1","Runesmith:ArcReactor+1"],"picked":"Singing Bowl","floor":84}],"player_experience":138609,"relics_obtained":[{"floor":1,"key":"Peace Pipe"},{"floor":8,"key":"Question Card"},{"floor":9,"key":"Centennial Puzzle"},{"floor":14,"key":"Pen Nib"},{"floor":18,"key":"CeramicFish"},{"floor":19,"key":"The Courier"},{"floor":22,"key":"Red Mask"},{"floor":24,"key":"FossilizedHelix"},{"floor":25,"key":"Runesmith:Locket"},{"floor":26,"key":"Unceasing Top"},{"floor":26,"key":"Prayer Wheel"},{"floor":30,"key":"Circlet"},{"floor":30,"key":"Circlet"},{"floor":31,"key":"Circlet"},{"floor":35,"key":"Circlet"},{"floor":39,"key":"Circlet"},{"floor":43,"key":"Circlet"},{"floor":47,"key":"Circlet"},{"floor":49,"key":"Circlet"},{"floor":52,"key":"Kunai"},{"floor":57,"key":"Circlet"},{"floor":60,"key":"Circlet"},{"floor":62,"key":"Odd Mushroom"},{"floor":70,"key":"Enchiridion"}],"event_choices":[{"damage_healed":0,"gold_gain":75,"player_choice":"Gather Gold","damage_taken":11,"max_hp_gain":0,"max_hp_loss":0,"event_name":"World of Goop","floor":2,"gold_loss":0},{"damage_healed":0,"gold_gain":0,"player_choice":"Take Damage","damage_taken":17,"relics_obtained":["Golden Idol"],"max_hp_gain":0,"max_hp_loss":0,"event_name":"Golden Idol","floor":4,"gold_loss":0},{"damage_healed":0,"gold_gain":0,"player_choice":"Success","damage_taken":12,"relics_obtained":["Pantograph"],"max_hp_gain":0,"max_hp_loss":0,"event_name":"Scrap Ooze","floor":5,"gold_loss":0},{"damage_healed":0,"gold_gain":0,"player_choice":"Upgraded","damage_taken":0,"max_hp_gain":0,"max_hp_loss":0,"event_name":"Upgrade Shrine","floor":7,"gold_loss":0,"cards_upgraded":["Defend_G"]},{"damage_healed":0,"gold_gain":0,"player_choice":"2 cards matched","damage_taken":0,"max_hp_gain":0,"max_hp_loss":0,"event_name":"Match and Keep!","floor":11,"gold_loss":0,"cards_obtained":["Neutralize","Envenom"]},{"damage_healed":0,"gold_gain":0,"player_choice":"Shed Blood","damage_taken":18,"max_hp_gain":5,"max_hp_loss":0,"event_name":"Forgotten Altar","floor":20,"gold_loss":0},{"damage_healed":0,"gold_gain":0,"player_choice":"Fought Bandits","damage_taken":0,"max_hp_gain":0,"max_hp_loss":0,"event_name":"Masked Bandits","floor":22,"gold_loss":0},{"damage_healed":0,"gold_gain":0,"player_choice":"Fight","damage_taken":0,"max_hp_gain":0,"max_hp_loss":0,"event_name":"Mysterious Sphere","floor":38,"gold_loss":0},{"damage_healed":0,"gold_gain":0,"player_choice":"Upgraded","damage_taken":0,"max_hp_gain":0,"max_hp_loss":0,"event_name":"Upgrade Shrine","floor":41,"gold_loss":0,"cards_upgraded":["Strike_G"]},{"damage_healed":0,"gold_gain":222,"player_choice":"Wore Mask","damage_taken":0,"max_hp_gain":0,"max_hp_loss":0,"event_name":"Tomb of Lord Red Mask","floor":46,"gold_loss":0},{"cards_removed":["Caltrops"],"damage_healed":0,"gold_gain":0,"player_choice":"Offered Uncommon","damage_taken":0,"max_hp_gain":0,"max_hp_loss":0,"event_name":"Bonfire Elementals","floor":48,"gold_loss":0},{"damage_healed":0,"gold_gain":75,"player_choice":"Gather Gold","damage_taken":11,"max_hp_gain":0,"max_hp_loss":0,"event_name":"World of Goop","floor":53,"gold_loss":0},{"damage_healed":0,"gold_gain":0,"player_choice":"Ignored","damage_taken":0,"max_hp_gain":0,"max_hp_loss":0,"event_name":"Shining Light","floor":55,"gold_loss":0},{"damage_healed":0,"gold_gain":0,"player_choice":"Got Potions","damage_taken":0,"max_hp_gain":0,"max_hp_loss":0,"event_name":"Lab","floor":59,"gold_loss":0},{"damage_healed":0,"gold_gain":0,"player_choice":"Fought Mushrooms","damage_taken":0,"max_hp_gain":0,"max_hp_loss":0,"event_name":"Mushrooms","floor":62,"gold_loss":0},{"damage_healed":0,"gold_gain":0,"player_choice":"Success","damage_taken":12,"relics_obtained":["Circlet"],"max_hp_gain":0,"max_hp_loss":0,"event_name":"Scrap Ooze","floor":63,"gold_loss":0},{"damage_healed":0,"gold_gain":0,"player_choice":"Ignored","damage_taken":0,"max_hp_gain":0,"max_hp_loss":0,"event_name":"Liars Game","floor":65,"gold_loss":0},{"damage_healed":0,"gold_gain":0,"player_choice":"Obtained Book","damage_taken":16,"max_hp_gain":0,"max_hp_loss":0,"event_name":"Cursed Tome","floor":70,"gold_loss":0},{"damage_healed":0,"gold_gain":0,"player_choice":"Ignored","damage_taken":0,"max_hp_gain":0,"max_hp_loss":0,"event_name":"Ghosts","floor":71,"gold_loss":0},{"cards_removed":["Accuracy"],"damage_healed":0,"gold_gain":0,"player_choice":"Elegance","damage_taken":0,"max_hp_gain":0,"max_hp_loss":0,"event_name":"Back to Basics","floor":74,"gold_loss":0},{"damage_healed":0,"gold_gain":0,"player_choice":"Ignored","damage_taken":0,"max_hp_gain":0,"max_hp_loss":0,"event_name":"Vampires","floor":82,"gold_loss":0}],"is_beta":false,"boss_relics":[{"not_picked":["Velvet Choker","Runic Dome"],"picked":"SlaversCollar"},{"not_picked":["Sozu","Runesmith:UraniumAnvil"],"picked":"Ring of the Serpent"},{"not_picked":["Black Star","Astrolabe"],"picked":"WristBlade"},{"not_picked":["Cursed Key","Coffee Dripper"],"picked":"Tiny House"},{"not_picked":["Velvet Choker","Runic Pyramid"],"picked":"Busted Crown"}],"items_purged_floors":[21,36,42,54,56,61,72,73,80],"is_endless":true,"potions_floor_spawned":[8,14,22,25,31,33,35,37,38,50,52,62,67,69,75,77,84],"killed_by":"3 Darklings","ascension_level":0}}