{"host":"vfg9szunmpjwj08o","time":1613472978,"event":{"mods":["Act Like it!","BaseMod","BetterRewards","Bossed Relics","Challenge The Spire","Colored Map","Colored Powertips","Dark Map","Highlight Path","Minty Spire (QoL Compilation)","Quick Restart","Relic Stats","StSLib","Waifu the Spire","everything is the same but u backflip on backflip"],"gold_per_floor":[116,116,136,136,61,95,95,110,137,212,224,234,244,269,269,367,367,378,225,150,161,181,181,181,181],"floor_reached":24,"language":"ENG","playtime":829,"items_purged":["Strike_P","Strike_P"],"score":425,"play_id":"5faadd52-6573-4af4-bd4c-415dfb5e1831","local_time":"20210216115618","is_ascension_mode":true,"campfire_choices":[{"data":"Eruption","floor":7.0,"key":"SMITH"},{"data":"Devotion","floor":15.0,"key":"SMITH"},{"floor":23,"key":"REST"}],"circlet_count":0,"master_deck":["AscendersBane","Strike_P","Strike_P","Defend_P","Defend_P","Defend_P+1","Eruption+1","Vigilance+1","PathToVictory","Adaptation","Sanctity","DevaForm","CutThroughFate","Devotion+1","Devotion","CutThroughFate","EmptyBody","Adaptation"],"relics":["PureWater","NeowsBlessing","Damaru","Gremlin Horn","Philosopher\u0027s Stone"],"acts_visited":["Exordium","TheCity"],"potions_floor_usage":[22],"damage_taken":[{"damage":0.0,"enemies":"Jaw Worm","floor":1.0,"turns":1.0},{"damage":0.0,"enemies":"2 Louse","floor":3.0,"turns":1.0},{"damage":0.0,"enemies":"Lagavulin","floor":6.0,"turns":2.0},{"damage":2.0,"enemies":"Small Slimes","floor":8.0,"turns":3.0},{"damage":2.0,"enemies":"2 Fungi Beasts","floor":11.0,"turns":3.0},{"damage":4.0,"enemies":"Lots of Slimes","floor":12.0,"turns":3.0},{"damage":8.0,"enemies":"3 Louse","floor":13.0,"turns":4.0},{"damage":16.0,"enemies":"Gremlin Nob","floor":14.0,"turns":3.0},{"damage":0,"enemies":"Hexaghost","floor":16,"turns":6},{"damage":17,"enemies":"Shell Parasite","floor":18,"turns":4},{"damage":33,"enemies":"3 Byrds","floor":21,"turns":5},{"damage":3,"enemies":"Centurion and Healer","floor":22,"turns":5},{"damage":0,"enemies":"Book of Stabbing","floor":24,"turns":2}],"seed_played":"4730250405532261697","potions_obtained":[{"floor":3.0,"key":"GamblersBrew"},{"floor":6.0,"key":"DistilledChaos"},{"floor":11.0,"key":"AttackPotion"},{"floor":14.0,"key":"SkillPotion"},{"floor":16,"key":"LiquidBronze"},{"floor":21,"key":"AttackPotion"},{"floor":22,"key":"GamblersBrew"}],"is_trial":false,"path_per_floor":["M","?","M","?","$","E","R","M","T","?","M","M","M","E","R","B",null,"M","$","?","M","M","R","E"],"character_chosen":"WATCHER","items_purchased":["EmptyBody"],"campfire_rested":1,"item_purchase_floors":[19],"current_hp_per_floor":[65,70,70,55,55,55,55,53,53,42,40,36,28,12,12,12,61,44,44,44,11,8,31,31,31],"gold":181,"neow_bonus":"THREE_ENEMY_KILL","is_daily":false,"chose_seed":false,"campfire_upgraded":2,"win_rate":0.0,"timestamp":1613472978,"path_taken":["M","?","M","?","$","E","R","M","T","?","M","?","M","E","R","BOSS","M","$","?","M","M","R","E"],"items_purchased_type":["Card"],"build_version":"2020-12-22","purchased_purges":2,"victory":false,"max_hp_per_floor":[72,77,77,77,77,77,77,77,77,77,77,77,77,77,77,77,77,77,77,77,77,77,77,77,77],"relic_stats":{"Gremlin Horn":[3,3],"counters":[13,42],"obtain_stats":[{"NeowsBlessing":0,"Gremlin Horn":14,"Damaru":6,"Philosopher\u0027s Stone":17,"PureWater":0},{"NeowsBlessing":0,"Gremlin Horn":8,"Damaru":3,"Philosopher\u0027s Stone":9,"PureWater":0},{"NeowsBlessing":0,"Gremlin Horn":20,"Damaru":4,"Philosopher\u0027s Stone":26,"PureWater":0}]},"card_choices":[{"not_picked":["EmptyFist","ForeignInfluence"],"picked":"PathToVictory","floor":1.0},{"not_picked":["FlyingSleeves","Halt"],"picked":"Adaptation","floor":3.0},{"not_picked":["ReachHeaven","ThirdEye","WaveOfTheHand"],"picked":"SKIP","floor":6.0},{"not_picked":["Omniscience","Collect","JustLucky"],"picked":"SKIP","floor":8.0},{"not_picked":["Consecrate","FlyingSleeves"],"picked":"Sanctity","floor":11.0},{"not_picked":["FollowUp","Pray"],"picked":"DevaForm","floor":12.0},{"not_picked":["WreathOfFlame","FollowUp"],"picked":"CutThroughFate","floor":13.0},{"not_picked":["EmptyMind","BattleHymn"],"picked":"Devotion","floor":14.0},{"not_picked":["MasterReality","ConjureBlade"],"picked":"Devotion","floor":16},{"not_picked":["Consecrate","BowlingBash"],"picked":"CutThroughFate","floor":18},{"not_picked":["FlyingSleeves","SashWhip","Protect"],"picked":"SKIP","floor":21},{"not_picked":["FlyingSleeves","SignatureMove"],"picked":"Adaptation","floor":22}],"player_experience":1113279,"relics_obtained":[{"floor":6.0,"key":"Damaru"},{"floor":14.0,"key":"Gremlin Horn"}],"event_choices":[{"damage_healed":0.0,"max_hp_gain":5.0,"max_hp_loss":0.0,"gold_gain":0.0,"event_name":"Big Fish","player_choice":"Donut","floor":2.0,"gold_loss":0.0,"damage_taken":0.0},{"damage_healed":0.0,"max_hp_gain":0.0,"max_hp_loss":0.0,"gold_gain":0.0,"event_name":"Shining Light","player_choice":"Entered Light","floor":4.0,"gold_loss":0.0,"damage_taken":15.0,"cards_upgraded":["Vigilance","Defend_P"]},{"damage_healed":0.0,"max_hp_gain":0.0,"max_hp_loss":0.0,"gold_gain":75.0,"event_name":"World of Goop","player_choice":"Gather Gold","floor":10.0,"gold_loss":0.0,"damage_taken":11.0},{"cards_removed":["Defend_P"],"damage_healed":0,"gold_gain":0,"player_choice":"Gave Gold","damage_taken":0,"max_hp_gain":0,"max_hp_loss":0,"event_name":"Beggar","floor":20,"gold_loss":75}],"is_beta":false,"boss_relics":[{"not_picked":["Pandora\u0027s Box","Runic Pyramid"],"picked":"Philosopher\u0027s Stone"}],"items_purged_floors":[5,19],"is_endless":false,"potions_floor_spawned":[3,6,11,14,16,21,22],"killed_by":"Book of Stabbing","ascension_level":10}}