{"host":"v3uiz0f6o9fje2a8","time":1613498956,"event":{"mods":["AchievementEnabler","Act Like it!","BaseMod","Block Reminder","Colored Map","Colored Powertips","Downfall","Infinite Spire","Jorbs\u0027s Wanderer Trilogy","Minty Spire (QoL Compilation)","Rare Cards Sparkle","Robot Space Explorer","StSLib","The Hierophant","The Marked","The Runesmith"],"gold_per_floor":[119,119,194,213,98,129,304,304,304,320,320,320,320],"floor_reached":12,"language":"ENG","playtime":425,"items_purged":[],"score":76,"play_id":"66983ec1-1386-4eca-aaba-9620f612b652","local_time":"20210216180916","is_ascension_mode":false,"campfire_choices":[],"circlet_count":0,"master_deck":["Strike_B","Strike_B","Strike_B","Strike_B","Defend_B","Defend_B","Defend_B","Defend_B","Zap","Dualcast","Panache","Redo","Auto Shields","Loop","Double Energy","Multi-Cast","Doubt","Coolheaded"],"relics":["Cracked Core","Letter Opener","Pear","HornCleat"],"acts_visited":["Exordium"],"potions_floor_usage":[12],"damage_taken":[{"damage":6,"enemies":"Small Slimes","floor":1,"turns":3},{"damage":1,"enemies":"Cultist","floor":4,"turns":3},{"damage":17,"enemies":"3 Sentries","floor":6,"turns":8},{"damage":13,"enemies":"Jaw Worm","floor":10,"turns":3},{"damage":35,"enemies":"Gremlin Nob","floor":12,"turns":5}],"seed_played":"7119418989961840499","potions_obtained":[{"floor":6,"key":"SkillPotion"}],"is_trial":false,"path_per_floor":["M","?","?","M","$","E","?","?","T","M","T","E"],"character_chosen":"DEFECT","items_purchased":["Loop","Double Energy"],"campfire_rested":0,"item_purchase_floors":[5,5],"current_hp_per_floor":[48,48,41,40,40,23,23,23,33,20,20,0,0],"gold":320,"neow_bonus":"RANDOM_COLORLESS_2","is_daily":false,"chose_seed":false,"campfire_upgraded":0,"win_rate":0.0,"timestamp":1613498956,"path_taken":["M","?","?","?","$","E","?","?","T","?","?","E"],"items_purchased_type":["Card","Card"],"build_version":"2020-12-22","purchased_purges":0,"victory":false,"max_hp_per_floor":[75,75,75,75,75,75,75,75,85,85,85,85,85],"card_choices":[{"not_picked":["HandOfGreed","Magnetism"],"picked":"Panache","floor":0},{"not_picked":["Gash","Chill"],"picked":"Redo","floor":1},{"not_picked":["Conserve Battery","Rebound"],"picked":"Auto Shields","floor":4},{"not_picked":["Auto Shields","Go for the Eyes"],"picked":"Multi-Cast","floor":6},{"not_picked":["Stack","Redo"],"picked":"Coolheaded","floor":10}],"player_experience":66894,"relics_obtained":[{"floor":6,"key":"Letter Opener"},{"floor":9,"key":"Pear"},{"floor":11,"key":"HornCleat"}],"event_choices":[{"damage_healed":0,"gold_gain":0,"player_choice":"Ignored","damage_taken":0,"max_hp_gain":0,"max_hp_loss":0,"event_name":"Golden Wing","floor":2,"gold_loss":0},{"damage_healed":0,"gold_gain":75,"player_choice":"Touch","damage_taken":7,"max_hp_gain":0,"max_hp_loss":0,"event_name":"FaceTrader","floor":3,"gold_loss":0},{"damage_healed":0,"gold_gain":175,"player_choice":"AGREE","damage_taken":0,"max_hp_gain":0,"max_hp_loss":0,"event_name":"Liars Game","floor":7,"gold_loss":0,"cards_obtained":["Doubt"]},{"damage_healed":0,"gold_gain":0,"player_choice":"Leave","damage_taken":0,"max_hp_gain":0,"max_hp_loss":0,"event_name":"The Cleric","floor":8,"gold_loss":0}],"is_beta":false,"boss_relics":[],"items_purged_floors":[],"is_endless":false,"potions_floor_spawned":[6],"killed_by":"Gremlin Nob","ascension_level":0}}