{"host":"phniwng9zo19jwdb","time":1613495207,"event":{"mods":["AchievementEnabler","BaseMod","Colored Powertips","Dark Map","Faster Ascension Climbing","GifTheSpireLib","Minty Spire (QoL Compilation)","Permanent Neow","Rare Cards Sparkle","Relic Filter Mod","StSLib","Weighted Paths"],"gold_per_floor":[110,120,136,286,303,303,336,336,415,442,458,491,471,485,485,485,485],"floor_reached":16,"language":"ENG","playtime":616,"items_purged":[],"score":244,"play_id":"dd29ce26-76ea-4542-9b7a-97adb40ea3f6","local_time":"20210216180647","is_ascension_mode":true,"campfire_choices":[{"data":"Noxious Fumes","floor":6.0,"key":"SMITH"},{"floor":8.0,"key":"REST"},{"floor":15,"key":"REST"}],"circlet_count":0,"master_deck":["AscendersBane","Strike_G","Strike_G","Strike_G","Strike_G","Strike_G","Defend_G","Defend_G","Defend_G","Defend_G","Defend_G","Survivor","Neutralize","Noxious Fumes+1","Blade Dance","Calculated Gamble","Doubt","Blur","Blur","Tactician","Backflip"],"relics":["Ring of the Snake","Thread and Needle","Pocketwatch","Ninja Scroll","Bag of Preparation","Mummified Hand"],"acts_visited":["Exordium"],"potions_floor_usage":[16,16],"damage_taken":[{"damage":0.0,"enemies":"Small Slimes","floor":1.0,"turns":3.0},{"damage":0.0,"enemies":"2 Louse","floor":2.0,"turns":4.0},{"damage":0.0,"enemies":"Cultist","floor":3.0,"turns":4.0},{"damage":1.0,"enemies":"Lots of Slimes","floor":5.0,"turns":4.0},{"damage":10.0,"enemies":"3 Sentries","floor":7.0,"turns":7.0},{"damage":45.0,"enemies":"Gremlin Nob","floor":10.0,"turns":5.0},{"damage":0.0,"enemies":"Exordium Wildlife","floor":11.0,"turns":4.0},{"damage":5,"enemies":"Lagavulin","floor":12,"turns":9},{"damage":0,"enemies":"Looter","floor":14,"turns":4},{"damage":25,"enemies":"Slime Boss","floor":16,"turns":8}],"seed_played":"266646366820190170","potions_obtained":[{"floor":1.0,"key":"SpeedPotion"},{"floor":2.0,"key":"SteroidPotion"},{"floor":12,"key":"CunningPotion"},{"floor":13,"key":"Strength Potion"}],"is_trial":false,"path_per_floor":["M","M","M","?","M","R","E","R","T","E","M","E","?","M","R","B"],"character_chosen":"THE_SILENT","items_purchased":[],"campfire_rested":2,"item_purchase_floors":[],"current_hp_per_floor":[44,44,44,44,43,43,33,52,52,7,7,2,2,2,21,0,0],"gold":485,"neow_bonus":"ONE_RARE_RELIC","is_daily":false,"chose_seed":false,"campfire_upgraded":1,"win_rate":0.0,"timestamp":1613495207,"path_taken":["M","M","M","?","M","R","E","R","T","E","M","E","?","?","R","BOSS"],"items_purchased_type":[],"build_version":"2020-12-22","purchased_purges":0,"victory":false,"max_hp_per_floor":[66,66,66,66,66,66,66,66,66,66,66,66,66,66,66,66,66],"card_choices":[{"not_picked":["Skewer","Backflip"],"picked":"Noxious Fumes","floor":1.0},{"not_picked":["Deadly Poison","Flying Knee"],"picked":"Blade Dance","floor":2.0},{"not_picked":["Underhanded Strike","Poisoned Stab"],"picked":"Calculated Gamble","floor":3.0},{"not_picked":["Deflect","Riddle With Holes"],"picked":"Blur","floor":5.0},{"not_picked":["Masterful Stab","Riddle With Holes"],"picked":"Blur","floor":7.0},{"not_picked":["Poisoned Stab","Accuracy"],"picked":"Tactician","floor":10.0},{"not_picked":["Bane","Setup","Dagger Spray"],"picked":"SKIP","floor":11.0},{"not_picked":["Quick Slash","Flying Knee","Predator"],"picked":"SKIP","floor":12},{"not_picked":["Quick Slash","Eviscerate"],"picked":"Backflip","floor":14}],"player_experience":145360,"relics_obtained":[{"floor":7.0,"key":"Pocketwatch"},{"floor":9.0,"key":"Ninja Scroll"},{"floor":10.0,"key":"Bag of Preparation"},{"floor":12,"key":"Mummified Hand"}],"event_choices":[{"damage_healed":0.0,"max_hp_gain":0.0,"max_hp_loss":0.0,"gold_gain":150.0,"event_name":"Liars Game","player_choice":"AGREE","floor":4.0,"gold_loss":0.0,"damage_taken":0.0,"cards_obtained":["Doubt"]},{"damage_healed":0,"gold_gain":0,"player_choice":"Bought 1 Potion","damage_taken":0,"max_hp_gain":0,"max_hp_loss":0,"event_name":"The Woman in Blue","floor":13,"gold_loss":0}],"is_beta":false,"boss_relics":[],"items_purged_floors":[],"is_endless":false,"potions_floor_spawned":[1,2,12,14],"killed_by":"Slime Boss","ascension_level":20}}