{"host":"8rqsnaeml9gxb0kp","time":1613435905,"event":{"mods":["AchievementEnabler","BaseMod","Colored Powertips","Dark Map","Minty Spire (QoL Compilation)","Rare Cards Sparkle","Relic Stats","StSLib","slay the spire mod where everything is the same but ironclad has a cowboy hat"],"gold_per_floor":[15,34,46,46,46,46,21,41,41,68,68,68,88,100,100,175,175,186,202,202,202,36,36,36,36],"floor_reached":24,"language":"ENG","playtime":1415,"items_purged":[],"score":411,"play_id":"f69ad405-0eaf-422f-be7e-7446b1d2a8c5","local_time":"20210215163825","is_ascension_mode":true,"campfire_choices":[{"data":"Feed","floor":6.0,"key":"SMITH"},{"floor":12.0,"key":"REST"},{"data":"Armaments","floor":15.0,"key":"SMITH"},{"floor":23,"key":"REST"}],"circlet_count":0,"master_deck":["AscendersBane","Strike_R","Strike_R","Strike_R","Strike_R","Defend_R","Defend_R","Defend_R","Defend_R","Bash","Feed+1","Pommel Strike","Armaments+1","Heavy Blade","Shrug It Off","Clothesline","Spot Weakness","Berserk","Flex+1","Disarm+1"],"relics":["Burning Blood","InkBottle","Meat on the Bone","Cursed Key","PreservedInsect"],"acts_visited":["Exordium","TheCity"],"potions_floor_usage":[],"damage_taken":[{"damage":14.0,"enemies":"Small Slimes","floor":1.0,"turns":4.0},{"damage":6.0,"enemies":"Cultist","floor":2.0,"turns":3.0},{"damage":9.0,"enemies":"2 Louse","floor":3.0,"turns":3.0},{"damage":15.0,"enemies":"Exordium Thugs","floor":7.0,"turns":4.0},{"damage":23.0,"enemies":"Lots of Slimes","floor":8.0,"turns":3.0},{"damage":20.0,"enemies":"3 Sentries","floor":10.0,"turns":12.0},{"damage":41.0,"enemies":"Large Slime","floor":13.0,"turns":8.0},{"damage":0.0,"enemies":"2 Fungi Beasts","floor":14.0,"turns":5.0},{"damage":61.0,"enemies":"Slime Boss","floor":16.0,"turns":13.0},{"damage":23.0,"enemies":"Spheric Guardian","floor":18.0,"turns":7.0},{"damage":65,"enemies":"3 Byrds","floor":19,"turns":7},{"damage":62,"enemies":"Slavers","floor":24,"turns":3}],"seed_played":"-7008912889611287423","potions_obtained":[{"floor":2.0,"key":"Ancient Potion"},{"floor":7.0,"key":"SkillPotion"},{"floor":8.0,"key":"Explosive Potion"},{"floor":13.0,"key":"ColorlessPotion"},{"floor":14.0,"key":"LiquidBronze"}],"is_trial":false,"path_per_floor":["M","M","M","$","?","R","M","M","T","E","$","R","M","M","R","B",null,"M","M","T","?","$","R","E"],"character_chosen":"IRONCLAD","items_purchased":["PreservedInsect"],"campfire_rested":2,"item_purchase_floors":[22],"current_hp_per_floor":[63,66,66,66,66,66,57,44,44,34,34,61,42,64,64,21,80,63,20,20,20,20,51,0,0],"gold":36,"neow_bonus":"THREE_RARE_CARDS","is_daily":false,"chose_seed":false,"campfire_upgraded":2,"win_rate":0.0,"timestamp":1613435905,"path_taken":["M","M","M","$","?","R","M","M","T","E","$","R","M","M","R","BOSS","M","M","?","?","$","R","E"],"items_purchased_type":["Relic"],"build_version":"2020-12-22","purchased_purges":0,"victory":false,"max_hp_per_floor":[78,81,84,84,84,84,84,88,88,92,92,92,96,100,100,100,100,100,104,104,104,104,104,104,104],"relic_stats":{"counters":[12,72],"PreservedInsect":41,"Cursed Key":0,"obtain_stats":[{"PreservedInsect":22,"Cursed Key":17,"Burning Blood":0,"InkBottle":9,"Meat on the Bone":10},{"PreservedInsect":11,"Cursed Key":9,"Burning Blood":0,"InkBottle":5,"Meat on the Bone":6},{"PreservedInsect":69,"Cursed Key":55,"Burning Blood":0,"InkBottle":17,"Meat on the Bone":29}],"Burning Blood":66,"InkBottle":[15],"Meat on the Bone":48},"card_choices":[{"not_picked":["Juggernaut","Impervious"],"picked":"Feed","floor":0.0},{"not_picked":["Clash","Sword Boomerang"],"picked":"Pommel Strike","floor":1.0},{"not_picked":["Heavy Blade","Perfected Strike"],"picked":"Armaments","floor":2.0},{"not_picked":["Heavy Blade","Clash","Reckless Charge"],"picked":"SKIP","floor":3.0},{"not_picked":["Second Wind","Sever Soul","Spot Weakness"],"picked":"SKIP","floor":7.0},{"not_picked":["Carnage","Corruption"],"picked":"Shrug It Off","floor":8.0},{"not_picked":["Clash","Blood for Blood"],"picked":"Clothesline","floor":10.0},{"not_picked":["Dropkick","Sword Boomerang","Clothesline"],"picked":"SKIP","floor":13.0},{"not_picked":["Burning Pact","Dark Embrace"],"picked":"Spot Weakness","floor":14.0},{"not_picked":["Exhume","Fiend Fire"],"picked":"Berserk","floor":16.0},{"not_picked":["Pommel Strike","Clothesline"],"picked":"Flex+1","floor":18.0},{"not_picked":["Clothesline+1","Rupture"],"picked":"Disarm+1","floor":19}],"player_experience":247020,"relics_obtained":[{"floor":9.0,"key":"InkBottle"},{"floor":10.0,"key":"Meat on the Bone"}],"event_choices":[{"damage_healed":0.0,"max_hp_gain":0.0,"max_hp_loss":0.0,"gold_gain":0.0,"cards_transformed":["Strike_R"],"event_name":"Transmorgrifier","player_choice":"Transformed","floor":5.0,"gold_loss":0.0,"damage_taken":0.0,"cards_obtained":["Heavy Blade"]},{"damage_healed":0,"gold_gain":0,"player_choice":"Ignored","damage_taken":0,"max_hp_gain":0,"max_hp_loss":0,"event_name":"The Mausoleum","floor":21,"gold_loss":0}],"is_beta":false,"boss_relics":[{"not_picked":["Runic Dome","Black Blood"],"picked":"Cursed Key"}],"items_purged_floors":[],"is_endless":false,"potions_floor_spawned":[2,7,8,13,14],"killed_by":"Slavers","ascension_level":19}}