{"host":"na09lpbrez4gbfiz","time":1613501628,"event":{"mods":["Act Like it!","BaseMod","BetterRewards","Colored Map","Colored Powertips","DeckTracker","Googly Eyes","Highlight Path","Minty Spire (QoL Compilation)","Quick Restart","Spicy Shops","StSLib","SuperFastMode","Synergy Search"],"gold_per_floor":[113,130,130,130,130,163,186,186,186,32,107,148,148,167,167,167,167],"floor_reached":16,"language":"ENG","playtime":278,"items_purged":["Regret"],"score":226,"play_id":"d992c2d2-9609-411e-b421-97b579c3031e","local_time":"20210216195348","is_ascension_mode":true,"campfire_choices":[{"data":"Shrug It Off","floor":8,"key":"SMITH"},{"data":"True Grit","floor":13,"key":"SMITH"},{"data":"Carnage","floor":15,"key":"SMITH"}],"circlet_count":0,"master_deck":["AscendersBane","Strike_R","Strike_R","Strike_R","Strike_R","Strike_R","Defend_R","Defend_R","Defend_R","Defend_R","Bash","Cleave","Shrug It Off+1","Metallicize","Carnage+1","True Grit+1","Fire Breathing"],"relics":["Burning Blood","NeowsBlessing","Singing Bowl","Golden Idol","Pear","Bag of Marbles","Self Forming Clay"],"acts_visited":["Exordium"],"potions_floor_usage":[12],"damage_taken":[{"damage":0,"enemies":"Small Slimes","floor":1,"turns":1},{"damage":0,"enemies":"Jaw Worm","floor":2,"turns":1},{"damage":0,"enemies":"3 Sentries","floor":6,"turns":2},{"damage":0,"enemies":"2 Louse","floor":7,"turns":1},{"damage":5,"enemies":"Gremlin Nob","floor":12,"turns":3},{"damage":12,"enemies":"Gremlin Gang","floor":14,"turns":5},{"damage":50,"enemies":"The Guardian","floor":16,"turns":6}],"seed_played":"-23766868856145222","potions_obtained":[{"floor":1,"key":"AttackPotion"}],"is_trial":false,"path_per_floor":["M","M","?","?","?","E","M","R","T","$","?","E","R","M","R","B"],"character_chosen":"IRONCLAD","items_purchased":["Carnage"],"campfire_rested":0,"item_purchase_floors":[10],"current_hp_per_floor":[74,75,75,57,49,55,63,63,63,63,55,56,56,50,50,0,0],"gold":167,"neow_bonus":"THREE_ENEMY_KILL","is_daily":false,"chose_seed":false,"campfire_upgraded":3,"win_rate":0.0,"timestamp":1613501628,"path_taken":["M","M","?","?","?","E","?","R","T","$","?","E","R","M","R","BOSS"],"items_purchased_type":["Card"],"build_version":"2020-12-22","purchased_purges":1,"victory":false,"max_hp_per_floor":[75,75,75,75,85,85,87,87,87,87,87,87,87,87,87,87,87],"card_choices":[{"not_picked":["Rage","Body Slam"],"picked":"Cleave","floor":1},{"not_picked":["Searing Blow","Disarm"],"picked":"Shrug It Off","floor":2},{"not_picked":["Burning Pact","Body Slam"],"picked":"Metallicize","floor":6},{"not_picked":["Flex","Warcry","Body Slam"],"picked":"Singing Bowl","floor":7},{"not_picked":["Headbutt","Armaments"],"picked":"True Grit","floor":12},{"not_picked":["True Grit","Anger"],"picked":"Fire Breathing","floor":14}],"player_experience":221068,"relics_obtained":[{"floor":6,"key":"Bag of Marbles"},{"floor":12,"key":"Self Forming Clay"}],"event_choices":[{"damage_healed":0,"gold_gain":0,"player_choice":"Box","damage_taken":0,"relics_obtained":["Singing Bowl"],"max_hp_gain":0,"max_hp_loss":0,"event_name":"Big Fish","floor":3,"gold_loss":0,"cards_obtained":["Regret"]},{"damage_healed":0,"gold_gain":0,"player_choice":"Take Damage","damage_taken":18,"relics_obtained":["Golden Idol"],"max_hp_gain":0,"max_hp_loss":0,"event_name":"Golden Idol","floor":4,"gold_loss":0},{"damage_healed":0,"gold_gain":0,"player_choice":"Success","damage_taken":18,"relics_obtained":["Pear"],"max_hp_gain":0,"max_hp_loss":0,"event_name":"Scrap Ooze","floor":5,"gold_loss":0},{"damage_healed":0,"gold_gain":75,"player_choice":"Touch","damage_taken":8,"max_hp_gain":0,"max_hp_loss":0,"event_name":"FaceTrader","floor":11,"gold_loss":0}],"is_beta":false,"boss_relics":[],"items_purged_floors":[10],"is_endless":false,"potions_floor_spawned":[1],"killed_by":"The Guardian","ascension_level":14}}