{"host":"d2gh6suihlstufn7","time":1613502561,"event":{"mods":["AchievementEnabler","BaseMod","Colored Map","Colored Powertips","Minty Spire (QoL Compilation)","Permanent Neow","Quick Restart"],"gold_per_floor":[113,130,10,27,42,42,69,69,69,69,69,69,144,159,159,261,261,271,290,305,305,321,321,335,335,335,335,346,3,19,30,30,132,132,144,162,162,181,0,26,26,39,65,65,85,85,98,112,112,112],"floor_reached":51,"language":"KOR","playtime":1755,"items_purged":[],"score":685,"play_id":"b800286e-28b9-414e-91dd-819a44da23a8","local_time":"20210217040921","is_ascension_mode":false,"campfire_choices":[{"floor":6.0,"key":"RECALL"},{"data":"Perfected Strike","floor":10.0,"key":"SMITH"},{"data":"Battle Trance","floor":12.0,"key":"SMITH"},{"floor":15.0,"key":"REST"},{"floor":23.0,"key":"REST"},{"data":"Evolve","floor":25.0,"key":"SMITH"},{"floor":27.0,"key":"REST"},{"floor":32.0,"key":"REST"},{"floor":41,"key":"REST"},{"floor":44,"key":"REST"},{"floor":46,"key":"REST"},{"floor":49,"key":"REST"}],"circlet_count":0,"master_deck":["Strike_R","Strike_R","Strike_R","Strike_R","Strike_R","Defend_R","Defend_R","Defend_R","Defend_R","Bash","Perfected Strike+1","Pommel Strike","Battle Trance+1","Berserk+1","Immolate","Evolve+1","Spot Weakness","Fire Breathing+1","Perfected Strike","Flame Barrier","Wild Strike+1","Impervious","Wild Strike","Twin Strike+1","Writhe","Normality"],"relics":["Snecko Eye","Bag of Marbles","Black Star","Letter Opener","Regal Pillow","Cursed Key","Red Mask","Girya","Vajra","Akabeko"],"acts_visited":["Exordium","TheCity","TheBeyond"],"potions_floor_usage":[33,35,40,48,50,50],"damage_taken":[{"damage":6.0,"enemies":"Jaw Worm","floor":1.0,"turns":2.0},{"damage":1.0,"enemies":"2 Louse","floor":2.0,"turns":3.0},{"damage":1.0,"enemies":"Small Slimes","floor":4.0,"turns":2.0},{"damage":2.0,"enemies":"Blue Slaver","floor":5.0,"turns":2.0},{"damage":16.0,"enemies":"Lagavulin","floor":7.0,"turns":5.0},{"damage":4.0,"enemies":"Gremlin Gang","floor":14.0,"turns":2.0},{"damage":41.0,"enemies":"Hexaghost","floor":16.0,"turns":5.0},{"damage":0.0,"enemies":"Spheric Guardian","floor":18.0,"turns":2.0},{"damage":22.0,"enemies":"Shell Parasite","floor":19.0,"turns":5.0},{"damage":1.0,"enemies":"3 Cultists","floor":20.0,"turns":3.0},{"damage":39.0,"enemies":"Snake Plant","floor":22.0,"turns":5.0},{"damage":15.0,"enemies":"Chosen and Byrds","floor":24.0,"turns":5.0},{"damage":32.0,"enemies":"Sentry and Sphere","floor":28.0,"turns":4.0},{"damage":12.0,"enemies":"Snake Plant","floor":30.0,"turns":2.0},{"damage":0.0,"enemies":"Centurion and Healer","floor":31.0,"turns":2.0},{"damage":46,"enemies":"Automaton","floor":33,"turns":8},{"damage":0,"enemies":"Orb Walker","floor":35,"turns":2},{"damage":5,"enemies":"3 Shapes","floor":36,"turns":3},{"damage":0,"enemies":"Spire Growth","floor":38,"turns":2},{"damage":54,"enemies":"Nemesis","floor":40,"turns":7},{"damage":37,"enemies":"3 Darklings","floor":42,"turns":4},{"damage":30,"enemies":"Writhing Mass","floor":45,"turns":3},{"damage":23,"enemies":"Maw","floor":47,"turns":6},{"damage":7,"enemies":"Jaw Worm Horde","floor":48,"turns":3},{"damage":78,"enemies":"Donu and Deca","floor":50,"turns":7}],"seed_played":"-1609602128315577067","potions_obtained":[{"floor":2.0,"key":"DuplicationPotion"},{"floor":14.0,"key":"Fire Potion"},{"floor":16.0,"key":"Weak Potion"},{"floor":18.0,"key":"SkillPotion"},{"floor":20.0,"key":"BloodPotion"},{"floor":24.0,"key":"Energy Potion"},{"floor":33,"key":"DistilledChaos"},{"floor":36,"key":"Strength Potion"},{"floor":42,"key":"LiquidMemories"},{"floor":45,"key":"Fire Potion"},{"floor":48,"key":"Regen Potion"}],"is_trial":false,"path_per_floor":["M","M","$","M","M","R","E","$","T","R","?","R","?","M","R","B",null,"M","M","M","?","M","R","M","R","T","R","M","$","M","M","R","B",null,"M","M","?","M","?","E","R","M","T","R","M","R","M","M","R","B",null],"character_chosen":"IRONCLAD","items_purchased":["Pommel Strike","Battle Trance","Regal Pillow","Flame Barrier","BlessingOfTheForge","DuplicationPotion"],"campfire_rested":8,"item_purchase_floors":[3,3,29,29,29,29],"current_hp_per_floor":[74,73,73,72,70,70,54,54,54,54,54,54,43,39,63,22,80,80,58,73,73,34,58,43,43,43,67,35,35,23,23,62,16,80,80,75,80,80,80,26,65,28,28,67,37,76,53,46,80,12],"gold":112,"neow_bonus":"BOSS_RELIC","is_daily":false,"chose_seed":false,"campfire_upgraded":3,"win_rate":0.0,"timestamp":1613502561,"path_taken":["M","M","$","M","M","R","E","$","T","R","?","R","?","M","R","BOSS","M","M","M","?","M","R","M","R","T","R","M","$","M","M","R","BOSS","M","M","?","M","?","E","R","M","T","R","M","R","M","M","R","BOSS"],"items_purchased_type":["Card","Card","Relic","Card","Potion","Potion"],"build_version":"2020-12-22","purchased_purges":0,"victory":true,"max_hp_per_floor":[80,80,80,80,80,80,80,80,80,80,80,80,80,80,80,80,80,80,80,80,80,80,80,80,80,80,80,80,80,80,80,80,80,80,80,80,80,80,80,80,80,80,80,80,80,80,80,80,80,80],"card_choices":[{"not_picked":["Anger","Body Slam","Bloodletting"],"picked":"SKIP","floor":1.0},{"not_picked":["Dual Wield","Shrug It Off"],"picked":"Perfected Strike","floor":2.0},{"not_picked":["Body Slam","True Grit","Hemokinesis"],"picked":"SKIP","floor":4.0},{"not_picked":["Uppercut","Shrug It Off","Inflame"],"picked":"SKIP","floor":5.0},{"not_picked":["Intimidate","Sword Boomerang"],"picked":"Berserk","floor":7.0},{"not_picked":["Combust","Shrug It Off","Cleave"],"picked":"SKIP","floor":14.0},{"not_picked":["Exhume","Reaper"],"picked":"Immolate","floor":16.0},{"not_picked":["Feel No Pain","Burning Pact"],"picked":"Evolve","floor":18.0},{"not_picked":["Sword Boomerang","Cleave"],"picked":"Spot Weakness","floor":19.0},{"not_picked":["Iron Wave","Disarm","Cleave"],"picked":"SKIP","floor":20.0},{"not_picked":["Rupture+1","Armaments+1","Ghostly Armor"],"picked":"SKIP","floor":22.0},{"not_picked":["Sever Soul","Havoc"],"picked":"Fire Breathing+1","floor":24.0},{"not_picked":["Thunderclap","Clothesline"],"picked":"Perfected Strike","floor":28.0},{"not_picked":["Juggernaut","Headbutt+1"],"picked":"Wild Strike+1","floor":30.0},{"not_picked":["Havoc","Rage","Battle Trance"],"picked":"SKIP","floor":31.0},{"not_picked":["Limit Break","Juggernaut"],"picked":"Impervious","floor":33},{"not_picked":["Body Slam+1","Disarm"],"picked":"Wild Strike","floor":35},{"not_picked":["Anger","Infernal Blade+1"],"picked":"Twin Strike+1","floor":36},{"not_picked":["Battle Trance","Pummel","Heavy Blade"],"picked":"SKIP","floor":38},{"not_picked":["Burning Pact","Dropkick+1","Infernal Blade"],"picked":"SKIP","floor":40},{"not_picked":["True Grit+1","Flame Barrier","Cleave+1"],"picked":"SKIP","floor":42},{"not_picked":["Hemokinesis+1","Sword Boomerang+1","Metallicize+1"],"picked":"SKIP","floor":45},{"not_picked":["Second Wind","Thunderclap+1","Combust+1"],"picked":"SKIP","floor":47},{"not_picked":["Sever Soul","Cleave+1","Hemokinesis"],"picked":"SKIP","floor":48}],"player_experience":217320,"relics_obtained":[{"floor":7.0,"key":"Bag of Marbles"},{"floor":26.0,"key":"Letter Opener"},{"floor":40,"key":"Girya"},{"floor":40,"key":"Vajra"},{"floor":43,"key":"Akabeko"}],"event_choices":[{"damage_healed":0.0,"max_hp_gain":0.0,"max_hp_loss":0.0,"gold_gain":0.0,"event_name":"Living Wall","player_choice":"Grow","floor":11.0,"gold_loss":0.0,"damage_taken":0.0,"cards_upgraded":["Berserk"]},{"damage_healed":0.0,"max_hp_gain":0.0,"max_hp_loss":0.0,"gold_gain":75.0,"event_name":"World of Goop","player_choice":"Gather Gold","floor":13.0,"gold_loss":0.0,"damage_taken":11.0},{"damage_healed":0.0,"max_hp_gain":0.0,"max_hp_loss":0.0,"gold_gain":0.0,"event_name":"Ghosts","player_choice":"Ignored","floor":21.0,"gold_loss":0.0,"damage_taken":0.0},{"damage_healed":20,"gold_gain":0,"player_choice":"Writhe","damage_taken":0,"max_hp_gain":0,"max_hp_loss":0,"event_name":"Winding Halls","floor":37,"gold_loss":0,"cards_obtained":["Writhe"]},{"damage_healed":0,"gold_gain":0,"player_choice":"Paid","damage_taken":0,"relics_obtained":["Red Mask"],"max_hp_gain":0,"max_hp_loss":0,"event_name":"Tomb of Lord Red Mask","floor":39,"gold_loss":181}],"is_beta":false,"boss_relics":[{"not_picked":["SacredBark","Pandora\u0027s Box"],"picked":"Black Star"},{"not_picked":["SlaversCollar","Velvet Choker"],"picked":"Cursed Key"}],"items_purged_floors":[],"is_endless":false,"potions_floor_spawned":[2,14,16,18,20,24,30,33,36,42,45,48],"ascension_level":0}}