{"host":"cpsutu8lprjuipd6","time":1613449198,"event":{"mods":["BaseMod","Colored Map","Minty Spire (QoL Compilation)","Permanent Neow","StSLib","SuperFastMode","The Bug Knight","Together in Spire"],"gold_per_floor":[111,186,186,111,131,164,164,182,182,201,151,167,187,204,204,204,204],"floor_reached":16,"language":"KOR","playtime":424,"items_purged":["Strike_R"],"score":135,"play_id":"edf6fc80-7ab9-4c26-8345-9a3c3968fac9","local_time":"20210216131958","is_ascension_mode":true,"campfire_choices":[{"floor":7,"key":"RECALL"},{"floor":15,"key":"REST"}],"circlet_count":0,"master_deck":["Strike_R","Strike_R","Strike_R","Strike_R","Defend_R","Defend_R","Defend_R","Bash","Burning Pact"],"relics":["Burning Blood","NeowsBlessing","Pear","Question Card","Self Forming Clay"],"acts_visited":["Exordium"],"potions_floor_usage":[16],"damage_taken":[{"damage":0,"enemies":"Cultist","floor":1,"turns":1},{"damage":0,"enemies":"Jaw Worm","floor":5,"turns":1},{"damage":0,"enemies":"3 Sentries","floor":6,"turns":2},{"damage":2,"enemies":"Small Slimes","floor":8,"turns":4},{"damage":11,"enemies":"Blue Slaver","floor":10,"turns":7},{"damage":13,"enemies":"3 Louse","floor":12,"turns":4},{"damage":5,"enemies":"Looter","floor":13,"turns":5},{"damage":24,"enemies":"Large Slime","floor":14,"turns":7},{"damage":86,"enemies":"The Guardian","floor":16,"turns":13}],"seed_played":"-358175897479193025","potions_obtained":[{"floor":8,"key":"Fire Potion"},{"floor":14,"key":"FearPotion"}],"is_trial":false,"path_per_floor":["M","?","?","$","M","E","R","M","T","M","?","M","M","M","R","B"],"character_chosen":"IRONCLAD","items_purchased":[],"campfire_rested":1,"item_purchase_floors":[],"current_hp_per_floor":[80,69,72,72,78,84,84,88,88,83,83,76,77,59,86,0,0],"gold":204,"neow_bonus":"THREE_ENEMY_KILL","is_daily":false,"chose_seed":false,"campfire_upgraded":0,"win_rate":0.0,"timestamp":1613449198,"path_taken":["M","?","?","?","M","E","R","M","T","M","?","M","?","M","R","BOSS"],"items_purchased_type":[],"build_version":"2020-12-22","purchased_purges":1,"victory":false,"max_hp_per_floor":[80,80,90,90,90,90,90,90,90,90,90,90,90,90,90,90,90],"card_choices":[{"not_picked":["True Grit","Armaments","Body Slam"],"picked":"SKIP","floor":1},{"not_picked":["Perfected Strike","Burning Pact","Sword Boomerang"],"picked":"SKIP","floor":5},{"not_picked":["Rampage","Entrench","Fiend Fire"],"picked":"SKIP","floor":6},{"not_picked":["Pommel Strike","Infernal Blade","Thunderclap"],"picked":"Burning Pact","floor":8},{"not_picked":["Clothesline","Cleave","Combust","Metallicize"],"picked":"SKIP","floor":10},{"not_picked":["Pommel Strike","Whirlwind","Sever Soul","Anger"],"picked":"SKIP","floor":12},{"not_picked":["Pummel","Sever Soul","Combust","Flame Barrier"],"picked":"SKIP","floor":13},{"not_picked":["Entrench","Anger","Pummel","Clothesline"],"picked":"SKIP","floor":14}],"player_experience":95845,"relics_obtained":[{"floor":6,"key":"Question Card"},{"floor":9,"key":"Self Forming Clay"}],"event_choices":[{"damage_healed":0,"gold_gain":75,"player_choice":"Gather Gold","damage_taken":11,"max_hp_gain":0,"max_hp_loss":0,"event_name":"World of Goop","floor":2,"gold_loss":0},{"damage_healed":0,"gold_gain":0,"player_choice":"Success","damage_taken":7,"relics_obtained":["Pear"],"max_hp_gain":0,"max_hp_loss":0,"event_name":"Scrap Ooze","floor":3,"gold_loss":0},{"cards_removed":["Defend_R"],"damage_healed":0,"gold_gain":0,"player_choice":"Card Removal","damage_taken":0,"max_hp_gain":0,"max_hp_loss":0,"event_name":"The Cleric","floor":11,"gold_loss":50}],"is_beta":false,"boss_relics":[],"items_purged_floors":[4],"is_endless":false,"potions_floor_spawned":[8,14],"killed_by":"The Guardian","ascension_level":1}}