{"host":"Doisman","time":1613507304,"event":{"mods":["AchievementEnabler","BaseMod","Better Note","Curses Come First","Minty Spire (QoL Compilation)","Permanent Neow","Quick Restart","Relic Stats","Replay The Spire","StSLib","slay the spire mod where everything is the same but ironclad has a cowboy hat"],"gold_per_floor":[112,112,129,129,20,20,53,53,53,3,13,45,65,79,79,179,179,198,198,215,140,154,185,185,210,210,221,221,221,221,241,241,336,336,349,400,420,435,453,513,513,548,548,576,576,14,14,14,14,14],"floor_reached":51,"language":"ENG","playtime":2242,"items_purged":["ReplayTheSpireMod:LeadingStrike"],"score":1106,"play_id":"68602ce6-7394-4241-958e-7a95420c3d64","local_time":"20210216142824","is_ascension_mode":true,"campfire_choices":[{"data":"Shockwave","floor":6,"key":"SMITH"},{"data":"Body Slam","floor":8,"key":"SMITH"},{"data":"Fire Breathing","floor":15,"key":"SMITH"},{"data":"Feel No Pain","floor":24,"key":"SMITH"},{"data":"Seeing Red","floor":28,"key":"SMITH"},{"data":"ReplayReversal","floor":30,"key":"SMITH"},{"data":"Exhume","floor":32,"key":"SMITH"},{"data":"Shrug It Off","floor":41,"key":"SMITH"},{"data":"Corruption","floor":45,"key":"SMITH"},{"data":"Master of Strategy","floor":47,"key":"SMITH"},{"data":"Barricade","floor":49,"key":"SMITH"}],"circlet_count":0,"master_deck":["Bash","Iron Wave","ReplayTheSpireMod:Stacked","Immolate","Shrug It Off+1","Sever Soul","Body Slam+1","Shockwave+1","Reckless Charge","Fire Breathing+1","Feed+1","Feel No Pain+1","Headbutt+1","Exhume+1","Rampage+1","Armaments+1","Seeing Red+1","Corruption+1","ReplayReversal+1","Double Tap","Ghostly Armor","Shrug It Off+1","Pommel Strike","Armaments+1","Dropkick+1","Infernal Blade+1","Flame Barrier+1","Barricade+1","Master of Strategy+1"],"relics":["Pandora\u0027s Box","Bag of Preparation","Bottled Tornado","Du-Vu Doll","Replay:Baseball","Runic Pyramid","CaptainsWheel","ReplayTheSpireMod:Lightbulb","Blue Candle","Runic Dome","Ginger","Strawberry","Pet Ghost","Replay:Bottled Eggs","Orichalcum","OrangePellets"],"acts_visited":["Exordium","TheCity","TheBeyond"],"potions_floor_usage":[12,20,23,33,50,50],"damage_taken":[{"damage":2,"enemies":"Small Slimes","floor":1,"turns":2},{"damage":0,"enemies":"Cultist","floor":3,"turns":3},{"damage":19,"enemies":"3 Sentries","floor":7,"turns":4},{"damage":3,"enemies":"Jaw Worm","floor":11,"turns":2},{"damage":0,"enemies":"Gremlin Nob","floor":12,"turns":3},{"damage":5,"enemies":"Looter","floor":13,"turns":3},{"damage":0,"enemies":"Exordium Thugs","floor":14,"turns":2},{"damage":0,"enemies":"Fading Forest","floor":16,"turns":11},{"damage":1,"enemies":"Chosen","floor":18,"turns":3},{"damage":0,"enemies":"Spheric Guardian","floor":20,"turns":3},{"damage":10,"enemies":"Shelled Parasite and Fungi","floor":22,"turns":4},{"damage":6,"enemies":"Gremlin Leader","floor":23,"turns":4},{"damage":5,"enemies":"Replay:Snechameleon","floor":25,"turns":5},{"damage":0,"enemies":"Snake Plant","floor":27,"turns":4},{"damage":0,"enemies":"Snecko","floor":31,"turns":4},{"damage":4,"enemies":"Pondfish","floor":33,"turns":4},{"damage":13,"enemies":"3 Darklings","floor":35,"turns":2},{"damage":0,"enemies":"2 Orb Walkers","floor":36,"turns":4},{"damage":10,"enemies":"3 Shapes","floor":37,"turns":3},{"damage":0,"enemies":"Transient","floor":38,"turns":5},{"damage":0,"enemies":"Sphere and 2 Shapes","floor":39,"turns":3},{"damage":0,"enemies":"R_Hoarder","floor":40,"turns":7},{"damage":0,"enemies":"Giant Head","floor":42,"turns":6},{"damage":0,"enemies":"R_Hoarder","floor":44,"turns":3},{"damage":0,"enemies":"Awakened One","floor":50,"turns":8}],"seed_played":"8324905421311576493","potions_obtained":[{"floor":1,"key":"SneckoOil"},{"floor":3,"key":"SteroidPotion"},{"floor":14,"key":"AttackPotion"},{"floor":20,"key":"AttackPotion"},{"floor":25,"key":"Doom Potion"},{"floor":31,"key":"Weak Potion"},{"floor":33,"key":"Fire Potion"},{"floor":35,"key":"Energy Potion"},{"floor":39,"key":"BloodPotion"},{"floor":42,"key":"Toxic Potion"}],"is_trial":false,"path_per_floor":["M","?","M","?","$","R","E","R","T","?","M","E","M","M","R","B",null,"M","?","M","$","M","E","R","E","T","M","R","?","R","M","R","B",null,"M","?","M","M","M","E","R","E","T","E","R","$","R","?","R","B",null],"character_chosen":"IRONCLAD","items_purchased":["Feel No Pain","Headbutt+1","Barricade","Master of Strategy","OrangePellets","EssenceOfSteel"],"campfire_rested":0,"item_purchase_floors":[5,5,46,46,46,46],"current_hp_per_floor":[78,78,78,78,78,78,63,63,63,63,60,60,59,63,63,71,92,95,95,95,95,89,83,83,82,82,82,82,82,82,86,86,86,112,103,103,97,97,101,108,108,112,112,116,116,116,116,116,116,147],"gold":14,"neow_bonus":"BOSS_RELIC","is_daily":false,"chose_seed":false,"campfire_upgraded":11,"win_rate":0.0,"timestamp":1613507304,"path_taken":["M","?","?","?","?","R","E","R","T","?","?","E","M","?","R","BOSS","M","?","M","$","M","E","R","E","T","M","R","?","R","M","R","BOSS","M","?","M","M","M","E","R","E","T","E","R","$","R","?","R","BOSS"],"items_purchased_type":["Card","Card","Card","Card","Relic","Potion"],"build_version":"2020-12-18","purchased_purges":1,"victory":true,"max_hp_per_floor":[80,80,80,80,80,80,84,84,84,84,84,84,88,92,92,92,92,96,96,96,96,100,100,100,104,104,104,104,104,104,108,108,112,112,116,116,120,120,124,131,131,135,135,139,139,139,139,139,139,147],"relic_stats":{"OrangePellets":[0],"counters":[25,102],"Blue Candle":[0],"Pandora\u0027s Box":["Iron Wave","ReplayTheSpireMod:Stacked","Immolate","Massacre","ReplayTheSpireMod:LeadingStrike","Shrug It Off","Sever Soul","Body Slam","Shockwave"],"Bag of Preparation":[44],"Ginger":[2],"Orichalcum":[0],"obtain_stats":[{"Blue Candle":26,"Bag of Preparation":7,"Ginger":36,"Bottled Tornado":9,"Orichalcum":44,"Burning Blood":0,"Pet Ghost":42,"Du-Vu Doll":10,"Runic Dome":34,"OrangePellets":46,"Replay:Baseball":12,"CaptainsWheel":23,"Strawberry":40,"Pandora\u0027s Box":0,"Replay:Bottled Eggs":43,"ReplayTheSpireMod:Lightbulb":25,"Runic Pyramid":17},{"Blue Candle":13,"Bag of Preparation":3,"Ginger":18,"Bottled Tornado":3,"Orichalcum":24,"Burning Blood":0,"Pet Ghost":23,"Du-Vu Doll":3,"Runic Dome":16,"OrangePellets":24,"Replay:Baseball":5,"CaptainsWheel":12,"Strawberry":22,"Pandora\u0027s Box":0,"Replay:Bottled Eggs":23,"ReplayTheSpireMod:Lightbulb":13,"Runic Pyramid":8},{"Blue Candle":49,"Bag of Preparation":9,"Ginger":67,"Bottled Tornado":9,"Orichalcum":94,"Burning Blood":0,"Pet Ghost":91,"Du-Vu Doll":9,"Runic Dome":61,"OrangePellets":94,"Replay:Baseball":14,"CaptainsWheel":44,"Strawberry":85,"Pandora\u0027s Box":0,"Replay:Bottled Eggs":91,"ReplayTheSpireMod:Lightbulb":49,"Runic Pyramid":30}]},"card_choices":[{"not_picked":["Perfected Strike","Wild Strike"],"picked":"Reckless Charge","floor":1},{"not_picked":["Pommel Strike","Havoc"],"picked":"Fire Breathing","floor":3},{"not_picked":["Eclipse","Havoc","Inflame"],"picked":"SKIP","floor":7},{"not_picked":["Abandon","Clash","ReplayTheSpireMod:LeadingStrike"],"picked":"SKIP","floor":11},{"not_picked":["ReplayTheSpireMod:Limb From Limb","Replay:Undeath\u0027s Touch","Blood for Blood"],"picked":"SKIP","floor":12},{"not_picked":["Heavy Blade","Warcry","Massacre"],"picked":"SKIP","floor":13},{"not_picked":["Uppercut","Perfected Strike"],"picked":"Anger","floor":14},{"not_picked":["Fiend Fire","Brutality"],"picked":"Exhume","floor":16},{"not_picked":["Anger+1","Body Slam"],"picked":"Rampage+1","floor":18},{"not_picked":["Clothesline+1","Massacre"],"picked":"Armaments+1","floor":20},{"not_picked":["Iron Wave","Shrug It Off+1"],"picked":"Seeing Red","floor":22},{"not_picked":["Body Slam","Thunderclap","Clothesline"],"picked":"SKIP","floor":23},{"not_picked":["Havoc","Searing Blow"],"picked":"Corruption","floor":25},{"not_picked":["Wild Strike","Entrench","ReplayTheSpireMod:Strike From Hell"],"picked":"SKIP","floor":27},{"not_picked":["Sword Boomerang+1","Twin Strike","Anger"],"picked":"SKIP","floor":31},{"not_picked":["Brutality","Berserk"],"picked":"Double Tap","floor":33},{"not_picked":["Run Through","ReplayTheSpireMod:Muscle Training"],"picked":"Ghostly Armor","floor":35},{"not_picked":["Life Link+1","ReplayTheSpireMod:Strike From Hell+1"],"picked":"Shrug It Off","floor":36},{"not_picked":["Replay:Undeath\u0027s Touch","Blood for Blood"],"picked":"Pommel Strike","floor":37},{"not_picked":["Rampage+1","Thunderclap"],"picked":"Hemogenesis","floor":38},{"not_picked":["Massacre+1","Replay:Undeath\u0027s Touch+1"],"picked":"Armaments+1","floor":39},{"not_picked":["Sentinel","Rupture"],"picked":"Dropkick+1","floor":40},{"not_picked":["Battle Trance","Body Slam"],"picked":"Infernal Blade+1","floor":42},{"not_picked":["Blood for Blood+1","Perfected Strike+1"],"picked":"Flame Barrier+1","floor":44}],"player_experience":1142091,"relics_obtained":[{"floor":7,"key":"Bag of Preparation"},{"floor":9,"key":"Bottled Tornado"},{"floor":12,"key":"Replay:Baseball"},{"floor":23,"key":"CaptainsWheel"},{"floor":25,"key":"ReplayTheSpireMod:Lightbulb"},{"floor":26,"key":"Blue Candle"},{"floor":36,"key":"Ginger"},{"floor":40,"key":"Strawberry"},{"floor":42,"key":"Pet Ghost"},{"floor":43,"key":"Replay:Bottled Eggs"},{"floor":44,"key":"Orichalcum"}],"event_choices":[{"damage_healed":0,"gold_gain":0,"player_choice":"0 cards matched","damage_taken":0,"max_hp_gain":0,"max_hp_loss":0,"event_name":"Match and Keep!","floor":2,"gold_loss":0,"cards_obtained":[]},{"damage_healed":0,"gold_gain":0,"player_choice":"Paid Gold","damage_taken":0,"relics_obtained":["Du-Vu Doll"],"max_hp_gain":0,"max_hp_loss":0,"event_name":"WeMeetAgain","floor":10,"gold_loss":50},{"damage_healed":0,"gold_gain":0,"player_choice":"Ignored","damage_taken":0,"max_hp_gain":0,"max_hp_loss":0,"event_name":"betterNote:BetterNote","floor":19,"gold_loss":0,"cards_obtained":["Die Die Die"]},{"damage_healed":0,"gold_gain":0,"cards_transformed":["Anger"],"player_choice":"Transformed","damage_taken":0,"max_hp_gain":0,"max_hp_loss":0,"event_name":"Transmorgrifier","floor":29,"gold_loss":0,"cards_obtained":["ReplayReversal"]},{"damage_healed":0,"gold_gain":0,"player_choice":"Fight","damage_taken":0,"max_hp_gain":0,"max_hp_loss":0,"event_name":"Mysterious Sphere","floor":36,"gold_loss":0},{"cards_removed":["Hemogenesis"],"damage_healed":0,"gold_gain":0,"player_choice":"Removed Attack","damage_taken":0,"max_hp_gain":0,"max_hp_loss":0,"event_name":"Falling","floor":48,"gold_loss":0}],"is_beta":true,"boss_relics":[{"not_picked":["Calling Bell","Ooze Armor"],"picked":"Runic Pyramid"},{"not_picked":["Empty Cage","Electric Blood"],"picked":"Runic Dome"}],"items_purged_floors":[21],"is_endless":false,"potions_floor_spawned":[1,3,14,20,25,31,33,35,36,39,42],"ascension_level":1}}