{"host":"rq6soridv5n2augj","time":1613476075,"event":{"mods":["BaseMod","Downfall","Googly Eyes","Hermit","Marisa????????","Minty Spire (QoL Compilation)","READ ME - Guardian Mod","Remilia??????","Replay The Spire","StSLib","The Animator","The Cursed","The Hierophant","The Necromancer","The Senshi","The Servant 0.9.4"],"gold_per_floor":[118,118,193,368,368,400,400,430,455,455,471,471,486,533,533,533,533],"floor_reached":16,"language":"ENG","playtime":447,"items_purged":[],"score":156,"play_id":"f612d550-e7d5-4ac9-8b31-20a168aeeb21","local_time":"20210216034755","is_ascension_mode":false,"campfire_choices":[{"data":"Exchange","floor":7,"key":"SMITH"},{"floor":12,"key":"REST"},{"floor":15,"key":"REST"}],"circlet_count":0,"master_deck":["Strike_S","Strike_S","Strike_S","Strike_S","Defend_S+1","Defend_S","Defend_S","KidneyShot","Exchange+1","Luminosity+1","Gouge","Misdirection","Moonlight","Ricochet"],"relics":["Uniform","NeowsBlessing","Counterbalance","Bottled Tornado","Blue Doll","Replay:Accelerometer"],"acts_visited":["Exordium"],"potions_floor_usage":[16,16],"damage_taken":[{"damage":0,"enemies":"Small Slimes","floor":1,"turns":1},{"damage":0,"enemies":"Gremlin Nob","floor":6,"turns":1},{"damage":0,"enemies":"Lagavulin","floor":8,"turns":1},{"damage":5,"enemies":"2 Louse","floor":11,"turns":3},{"damage":0,"enemies":"Jaw Worm","floor":13,"turns":3},{"damage":44,"enemies":"Slime Boss","floor":16,"turns":11}],"seed_played":"7074535240393008547","potions_obtained":[{"floor":1,"key":"Weak Potion"},{"floor":11,"key":"Swift Potion"}],"is_trial":false,"path_per_floor":["M","?","?","?","?","E","R","E","T","?","M","R","M","?","R","B"],"character_chosen":"THE_SERVANT","items_purchased":[],"campfire_rested":2,"item_purchase_floors":[],"current_hp_per_floor":[65,65,54,54,47,47,47,47,47,34,29,48,48,22,41,0,0],"gold":533,"neow_bonus":"THREE_ENEMY_KILL","is_daily":false,"chose_seed":false,"campfire_upgraded":1,"win_rate":0.0,"timestamp":1613476075,"path_taken":["M","?","?","?","?","E","R","E","T","?","M","R","?","?","R","BOSS"],"items_purchased_type":[],"build_version":"2020-12-22","purchased_purges":0,"victory":false,"max_hp_per_floor":[65,65,65,65,65,65,65,65,65,65,65,65,65,65,65,65,65],"card_choices":[{"not_picked":["SpecialFormula","Revamp"],"picked":"Luminosity","floor":1},{"not_picked":["Contraction","FastForward"],"picked":"Gouge","floor":6},{"not_picked":["Unruled","Spin"],"picked":"Misdirection","floor":8},{"not_picked":["Replace","Defy"],"picked":"Moonlight","floor":11},{"not_picked":["Advance","Unruled","MoonPhase"],"picked":"SKIP","floor":13},{"not_picked":["ShiftingGears","Read"],"picked":"Ricochet","floor":14}],"player_experience":367045,"relics_obtained":[{"floor":6,"key":"Counterbalance"},{"floor":8,"key":"Bottled Tornado"},{"floor":9,"key":"Blue Doll"},{"floor":14,"key":"Replay:Accelerometer"}],"event_choices":[{"cards_removed":["Defend_S"],"damage_healed":0,"gold_gain":0,"player_choice":"Forget","damage_taken":0,"max_hp_gain":0,"max_hp_loss":0,"event_name":"Living Wall","floor":2,"gold_loss":0},{"damage_healed":0,"gold_gain":75,"player_choice":"Gather Gold","damage_taken":11,"max_hp_gain":0,"max_hp_loss":0,"event_name":"World of Goop","floor":3,"gold_loss":0},{"damage_healed":0,"gold_gain":175,"player_choice":"AGREE","damage_taken":0,"max_hp_gain":0,"max_hp_loss":0,"event_name":"Liars Game","floor":4,"gold_loss":0,"cards_obtained":["Doubt"]},{"cards_removed":["Doubt"],"damage_healed":0,"gold_gain":0,"player_choice":"Card Removal","damage_taken":7,"max_hp_gain":0,"max_hp_loss":0,"event_name":"Golden Wing","floor":5,"gold_loss":0},{"damage_healed":0,"gold_gain":0,"player_choice":"Entered Light","damage_taken":13,"max_hp_gain":0,"max_hp_loss":0,"event_name":"Shining Light","floor":10,"gold_loss":0,"cards_upgraded":["Luminosity","Defend_S"]}],"is_beta":false,"boss_relics":[],"items_purged_floors":[],"is_endless":false,"potions_floor_spawned":[1,11],"killed_by":"Slime Boss","ascension_level":0}}