{"host":"5wwct7e0z3l0f094","time":1613438004,"event":{"mods":["AchievementEnabler","BaseMod","Downfall","Highlight Path","Minty Spire (QoL Compilation)","StSLib","SuperFastMode"],"gold_per_floor":[119,119,139,314,314,314,327,327,377,377,410,410,450,525,525,525,525],"floor_reached":16,"language":"ENG","playtime":380,"items_purged":[],"score":159,"play_id":"a0e9b6fd-01d3-4175-8506-7e90a65e1106","local_time":"20210215201324","is_ascension_mode":true,"campfire_choices":[{"data":"Neutralize","floor":6.0,"key":"SMITH"},{"floor":8.0,"key":"RECALL"},{"data":"Survivor","floor":10.0,"key":"SMITH"},{"floor":15.0,"key":"REST"}],"circlet_count":0,"master_deck":["AscendersBane","Strike_G","Strike_G","Strike_G","Strike_G","Strike_G","Defend_G","Defend_G","Defend_G","Defend_G","Defend_G","Survivor+1","Neutralize+1","Doubt","Pain","Cloak And Dagger","Injury"],"relics":["Ring of the Snake","NeowsBlessing","WarpedTongs","Tiny Chest","Oddly Smooth Stone","Golden Idol","StoneCalendar"],"acts_visited":["Exordium"],"potions_floor_usage":[16],"damage_taken":[{"damage":0.0,"enemies":"Small Slimes","floor":1.0,"turns":1.0},{"damage":0.0,"enemies":"Jaw Worm","floor":3.0,"turns":1.0},{"damage":1.0,"enemies":"Cultist","floor":7.0,"turns":1.0},{"damage":29.0,"enemies":"3 Sentries","floor":11.0,"turns":12.0},{"damage":15.0,"enemies":"Gremlin Nob","floor":13.0,"turns":5.0},{"damage":29,"enemies":"Slime Boss","floor":16,"turns":6}],"seed_played":"1092909851080133708","potions_obtained":[{"floor":3.0,"key":"Strength Potion"},{"floor":7.0,"key":"Guardian:BlockOnCardUsePotion"},{"floor":13.0,"key":"Slimebound:ThreeZeroPotion"}],"is_trial":false,"path_per_floor":["M","$","M","?","?","R","M","R","T","R","E","?","E","?","R","B"],"character_chosen":"THE_SILENT","items_purchased":[],"campfire_rested":1,"item_purchase_floors":[],"current_hp_per_floor":[63,63,63,63,63,63,62,62,62,62,33,33,18,7,28,0,0],"gold":525,"neow_bonus":"THREE_ENEMY_KILL","is_daily":false,"chose_seed":false,"campfire_upgraded":2,"win_rate":0.0,"timestamp":1613438004,"path_taken":["M","$","M","?","?","R","?","R","T","R","E","?","E","?","R","BOSS"],"items_purchased_type":[],"build_version":"2020-12-22","purchased_purges":0,"victory":false,"max_hp_per_floor":[70,70,70,70,70,70,70,70,70,70,70,70,70,70,70,70,70],"card_choices":[{"not_picked":["Underhanded Strike","Crippling Poison","Tactician"],"picked":"SKIP","floor":1.0},{"not_picked":["Distraction","Leg Sweep","Flying Knee"],"picked":"SKIP","floor":3.0},{"not_picked":["Dagger Spray","Calculated Gamble","PiercingWail"],"picked":"SKIP","floor":7.0},{"not_picked":["Bane","Dodge and Roll"],"picked":"Cloak And Dagger","floor":11.0},{"not_picked":["PiercingWail","Terror","Leg Sweep"],"picked":"SKIP","floor":13.0}],"player_experience":330615,"relics_obtained":[{"floor":9.0,"key":"Tiny Chest"},{"floor":11.0,"key":"Oddly Smooth Stone"},{"floor":13.0,"key":"StoneCalendar"}],"event_choices":[{"damage_healed":0.0,"max_hp_gain":0.0,"max_hp_loss":0.0,"gold_gain":175.0,"event_name":"Liars Game","player_choice":"AGREE","floor":4.0,"gold_loss":0.0,"damage_taken":0.0,"cards_obtained":["Doubt"]},{"damage_healed":0.0,"max_hp_gain":0.0,"max_hp_loss":0.0,"gold_gain":0.0,"event_name":"Accursed Blacksmith","player_choice":"Rummage","floor":5.0,"gold_loss":0.0,"damage_taken":0.0,"relics_obtained":["WarpedTongs"],"cards_obtained":["Pain"]},{"damage_healed":0.0,"max_hp_gain":0.0,"max_hp_loss":0.0,"gold_gain":0.0,"event_name":"Golden Idol","player_choice":"Take Wound","floor":12.0,"gold_loss":0.0,"damage_taken":0.0,"relics_obtained":["Golden Idol"],"cards_obtained":["Injury"]},{"damage_healed":0.0,"max_hp_gain":0.0,"max_hp_loss":0.0,"gold_gain":75.0,"event_name":"World of Goop","player_choice":"Gather Gold","floor":14.0,"gold_loss":0.0,"damage_taken":11.0}],"is_beta":false,"boss_relics":[],"items_purged_floors":[],"is_endless":false,"potions_floor_spawned":[3,7,13],"killed_by":"Slime Boss","ascension_level":10}}