{"host":"dztixnx9b0gu6w9i","time":1613506709,"event":{"mods":["BaseMod","Bestiary","Minty Spire (QoL Compilation)","Relic Stats","Slay the Relics Exporter","SpireBot","ojb\u0027s Better Paths Mod","ojb\u0027s Info Mod"],"gold_per_floor":[110,110,110,134,154,154,197,197,197,238,66,66,110,133,133,226,226,244,244,90,103,32,46,46,78,78,128,156,156,182,192,192,267,267,287,302,302,302,137,137,62,62,140,175,193,239,272,292,292,292,292,292,292,53,86,86],"floor_reached":57,"language":"ENG","playtime":8577,"items_purged":["Strike_B"],"score":2743,"play_id":"a147ccdc-59b6-482e-a2c1-24b84507e26a","local_time":"20210216151829","is_ascension_mode":true,"campfire_choices":[{"data":"Sunder","floor":6,"key":"SMITH"},{"data":"Loop","floor":8,"key":"SMITH"},{"floor":15,"key":"REST"},{"data":"Electrodynamics","floor":24,"key":"SMITH"},{"data":"Strike_B","floor":29,"key":"PURGE"},{"data":"Strike_B","floor":32,"key":"PURGE"},{"data":"Defragment","floor":40,"key":"SMITH"},{"data":"Defragment","floor":42,"key":"SMITH"},{"floor":49,"key":"RECALL"},{"data":"Capacitor","floor":53,"key":"SMITH"}],"circlet_count":0,"master_deck":["AscendersBane","Defend_B","Defend_B","Defend_B","Defend_B","Zap","Dualcast","Core Surge","Sunder+1","Hello World","Ball Lightning","Sweeping Beam","Loop+1","Core Surge","Force Field","Electrodynamics+1","Capacitor+1","Self Repair","Cold Snap+1","Hologram+1","Cold Snap","Force Field+1","Fission","Defragment+1","Cold Snap","Cold Snap","Defragment+1","Echo Form","Force Field+1","Glacier","Static Discharge+1"],"relics":["Cracked Core","Bloody Idol","Art of War","Nunchaku","Centennial Puzzle","Emotion Chip","Cursed Key","Strawberry","Peace Pipe","Omamori","Singing Bowl","Snecko Eye","Orrery","InkBottle","Calipers","Du-Vu Doll","Happy Flower","OrangePellets"],"acts_visited":["Exordium","TheCity","TheBeyond","TheEnding"],"potions_floor_usage":[7,10,13,16,18,23,28,33,44,56],"damage_taken":[{"damage":2,"enemies":"Jaw Worm","floor":1,"turns":3},{"damage":0,"enemies":"Small Slimes","floor":4,"turns":3},{"damage":5,"enemies":"2 Louse","floor":5,"turns":3},{"damage":18,"enemies":"Lagavulin","floor":7,"turns":6},{"damage":10,"enemies":"3 Sentries","floor":10,"turns":6},{"damage":10,"enemies":"Lagavulin","floor":13,"turns":6},{"damage":8,"enemies":"Blue Slaver","floor":14,"turns":2},{"damage":2,"enemies":"The Guardian","floor":16,"turns":11},{"damage":10,"enemies":"2 Thieves","floor":18,"turns":2},{"damage":1,"enemies":"3 Byrds","floor":21,"turns":2},{"damage":0,"enemies":"Snake Plant","floor":23,"turns":1},{"damage":21,"enemies":"Gremlin Leader","floor":25,"turns":6},{"damage":0,"enemies":"Slavers","floor":28,"turns":1},{"damage":15,"enemies":"Gremlin Leader","floor":30,"turns":7},{"damage":7,"enemies":"Centurion and Healer","floor":31,"turns":4},{"damage":49,"enemies":"Automaton","floor":33,"turns":10},{"damage":1,"enemies":"Orb Walker","floor":35,"turns":2},{"damage":24,"enemies":"3 Shapes","floor":36,"turns":6},{"damage":20,"enemies":"Giant Head","floor":44,"turns":9},{"damage":0,"enemies":"Sphere and 2 Shapes","floor":45,"turns":9},{"damage":20,"enemies":"2 Orb Walkers","floor":46,"turns":5},{"damage":2,"enemies":"Reptomancer","floor":47,"turns":6},{"damage":12,"enemies":"Spire Growth","floor":48,"turns":8},{"damage":6,"enemies":"Donu and Deca","floor":50,"turns":20},{"damage":4,"enemies":"Awakened One","floor":51,"turns":27},{"damage":32,"enemies":"Shield and Spear","floor":55,"turns":20},{"damage":17,"enemies":"The Heart","floor":56,"turns":11}],"seed_played":"6256959692505445948","potions_obtained":[{"floor":1,"key":"LiquidBronze"},{"floor":4,"key":"DistilledChaos"},{"floor":5,"key":"EntropicBrew"},{"floor":14,"key":"LiquidMemories"},{"floor":16,"key":"DuplicationPotion"},{"floor":21,"key":"DuplicationPotion"},{"floor":28,"key":"Strength Potion"},{"floor":35,"key":"FearPotion"},{"floor":36,"key":"Fire Potion"},{"floor":48,"key":"Fire Potion"},{"floor":55,"key":"GamblersBrew"}],"is_trial":false,"path_per_floor":["M","?","?","M","M","R","E","R","T","E","$","?","E","M","R","B",null,"M","?","$","M","?","M","R","E","T","?","E","R","E","M","R","B",null,"M","M","?","?","$","R","$","R","T","E","M","?","E","M","R","B","B",null,"R","$","E","B",null],"character_chosen":"DEFECT","items_purchased":["Centennial Puzzle","Self Repair","Orrery","Defragment","OrangePellets","GamblersBrew"],"campfire_rested":1,"item_purchase_floors":[11,20,39,41,54,54],"current_hp_per_floor":[62,58,58,58,53,53,35,35,35,25,25,25,15,7,24,22,49,39,39,39,43,50,55,55,46,46,51,56,56,53,60,60,23,56,67,57,57,69,73,73,73,73,73,65,75,67,75,70,70,77,77,77,77,77,64,47],"gold":86,"neow_bonus":"THREE_RARE_CARDS","is_daily":false,"chose_seed":false,"campfire_upgraded":6,"win_rate":0.0,"timestamp":1613506709,"path_taken":["M","?","?","M","M","R","E","R","T","E","?","?","E","M","R","BOSS","M","?","$","M","?","?","R","E","T","?","E","R","E","M","R","BOSS","M","M","?","?","?","R","$","R","T","E","M","?","E","M","R","BOSS","BOSS","R","$","E","BOSS"],"items_purchased_type":["Relic","Card","Relic","Card","Relic","Potion"],"build_version":"2020-12-22","purchased_purges":1,"victory":true,"max_hp_per_floor":[64,58,58,58,58,58,58,58,58,58,58,58,58,58,58,58,58,58,58,58,58,65,65,65,65,65,65,65,65,65,67,67,67,67,67,69,69,69,73,73,73,73,73,73,75,75,75,77,77,77,77,77,77,77,77,77],"relic_stats":{"Singing Bowl":12,"Happy Flower":[28],"counters":[27,193],"Cursed Key":1,"Peace Pipe":2,"OrangePellets":[5],"Nunchaku":[28],"Centennial Puzzle":[57],"Emotion Chip":[91,53,38,0,0],"Bloody Idol":74,"Snecko Eye":[177,180,177,170],"Art of War":[43],"obtain_stats":[{"Calipers":44,"Singing Bowl":30,"Happy Flower":47,"Golden Idol":2,"Omamori":28,"Cursed Key":17,"Peace Pipe":25,"Du-Vu Doll":46,"OrangePellets":54,"Nunchaku":10,"Centennial Puzzle":11,"Emotion Chip":13,"Bloody Idol":19,"Strawberry":22,"Snecko Eye":34,"Orrery":39,"Art of War":7,"Cracked Core":0,"InkBottle":43},{"Calipers":19,"Singing Bowl":14,"Happy Flower":22,"Golden Idol":1,"Omamori":13,"Cursed Key":8,"Peace Pipe":12,"Du-Vu Doll":21,"OrangePellets":25,"Nunchaku":5,"Centennial Puzzle":5,"Emotion Chip":6,"Bloody Idol":9,"Strawberry":10,"Snecko Eye":16,"Orrery":18,"Art of War":4,"Cracked Core":0,"InkBottle":18},{"Calipers":89,"Singing Bowl":58,"Happy Flower":109,"Golden Idol":3,"Omamori":51,"Cursed Key":39,"Peace Pipe":50,"Du-Vu Doll":103,"OrangePellets":163,"Nunchaku":20,"Centennial Puzzle":20,"Emotion Chip":26,"Bloody Idol":41,"Strawberry":43,"Snecko Eye":72,"Orrery":80,"Art of War":15,"Cracked Core":0,"InkBottle":80}],"InkBottle":[50]},"card_choices":[{"not_picked":["Thunder Strike","Amplify"],"picked":"Core Surge","floor":0},{"not_picked":["Capacitor","Barrage"],"picked":"Sunder","floor":1},{"not_picked":["Conserve Battery","Cold Snap"],"picked":"Ball Lightning","floor":4},{"not_picked":["Hologram","Tempest"],"picked":"Sweeping Beam","floor":5},{"not_picked":["Streamline","Melter"],"picked":"Loop","floor":7},{"not_picked":["Force Field","Steam Power","Stack"],"picked":"SKIP","floor":10},{"not_picked":["Compile Driver","Conserve Battery"],"picked":"Core Surge","floor":13},{"not_picked":["Scrape","Barrage"],"picked":"Force Field","floor":14},{"not_picked":["Reboot","Meteor Strike"],"picked":"Electrodynamics","floor":16},{"not_picked":["Ball Lightning","Steam"],"picked":"Capacitor","floor":18},{"not_picked":["Redo","Gash+1"],"picked":"Cold Snap+1","floor":21},{"not_picked":["Compile Driver","Coolheaded"],"picked":"Hologram+1","floor":23},{"not_picked":["Streamline","Barrage","Blizzard"],"picked":"SKIP","floor":25},{"not_picked":["Reboot","Conserve Battery"],"picked":"Cold Snap","floor":28},{"not_picked":["Hologram+1","Cold Snap"],"picked":"Force Field+1","floor":30},{"not_picked":["Go for the Eyes","Ball Lightning","Steam"],"picked":"Singing Bowl","floor":31},{"not_picked":["Amplify","Core Surge"],"picked":"Fission","floor":33},{"not_picked":["Ball Lightning+1","Streamline+1"],"picked":"Compile Driver","floor":35},{"not_picked":["Beam Cell","Hello World","Barrage"],"picked":"Singing Bowl","floor":36},{"not_picked":["Stack","Machine Learning"],"picked":"Defragment","floor":39},{"not_picked":["Sweeping Beam","BootSequence","Barrage"],"picked":"Singing Bowl","floor":39},{"not_picked":["White Noise","Streamline","Hyperbeam"],"picked":"Singing Bowl","floor":39},{"not_picked":["Leap+1","Chill"],"picked":"Cold Snap","floor":39},{"not_picked":["Stack+1","Seek"],"picked":"Cold Snap","floor":39},{"not_picked":["Steam","Go for the Eyes+1"],"picked":"Echo Form","floor":44},{"not_picked":["Rebound","Sweeping Beam","Redo"],"picked":"Singing Bowl","floor":45},{"not_picked":["Conserve Battery","Rebound"],"picked":"Force Field+1","floor":46},{"not_picked":["Compile Driver+1","Beam Cell"],"picked":"Glacier","floor":47},{"not_picked":["Redo","Conserve Battery","Turbo"],"picked":"Singing Bowl","floor":48},{"not_picked":["Chill","Buffer"],"picked":"Static Discharge+1","floor":55}],"player_experience":8649551,"relics_obtained":[{"floor":7,"key":"Art of War"},{"floor":10,"key":"Nunchaku"},{"floor":13,"key":"Emotion Chip"},{"floor":25,"key":"Peace Pipe"},{"floor":28,"key":"Omamori"},{"floor":30,"key":"Singing Bowl"},{"floor":43,"key":"InkBottle"},{"floor":44,"key":"Calipers"},{"floor":46,"key":"Du-Vu Doll"},{"floor":47,"key":"Happy Flower"}],"event_choices":[{"damage_healed":0,"gold_gain":0,"player_choice":"Lose Max HP","damage_taken":0,"relics_obtained":["Golden Idol"],"max_hp_gain":0,"max_hp_loss":6,"event_name":"Golden Idol","floor":2,"gold_loss":0},{"damage_healed":0,"gold_gain":0,"cards_transformed":["Strike_B"],"player_choice":"Change","damage_taken":0,"max_hp_gain":0,"max_hp_loss":0,"event_name":"Living Wall","floor":3,"gold_loss":0,"cards_obtained":["Hello World"]},{"damage_healed":0,"gold_gain":0,"player_choice":"Ignored","damage_taken":0,"max_hp_gain":0,"max_hp_loss":0,"event_name":"Liars Game","floor":12,"gold_loss":0},{"damage_healed":0,"gold_gain":0,"player_choice":"Gave Idol","damage_taken":0,"relics_obtained":["Bloody Idol"],"max_hp_gain":0,"max_hp_loss":0,"event_name":"Forgotten Altar","floor":19,"relics_lost":["Golden Idol"],"gold_loss":0},{"damage_healed":0,"gold_gain":0,"player_choice":"Paid Gold","damage_taken":0,"relics_obtained":["Strawberry"],"max_hp_gain":0,"max_hp_loss":0,"event_name":"WeMeetAgain","floor":22,"gold_loss":71},{"damage_healed":0,"gold_gain":50,"player_choice":"Stole From Cult","damage_taken":0,"max_hp_gain":0,"max_hp_loss":0,"event_name":"Nest","floor":27,"gold_loss":0},{"cards_removed":["Compile Driver"],"damage_healed":0,"gold_gain":0,"player_choice":"Removed Attack","damage_taken":0,"max_hp_gain":0,"max_hp_loss":0,"event_name":"Falling","floor":37,"gold_loss":0},{"damage_healed":14,"gold_gain":0,"player_choice":"Writhe","damage_taken":0,"max_hp_gain":0,"max_hp_loss":0,"event_name":"Winding Halls","floor":38,"gold_loss":0,"cards_obtained":["Writhe"]},{"damage_healed":0,"gold_gain":0,"player_choice":"Fight","damage_taken":0,"max_hp_gain":0,"max_hp_loss":0,"event_name":"Mysterious Sphere","floor":46,"gold_loss":0}],"is_beta":false,"boss_relics":[{"not_picked":["SlaversCollar","Fusion Hammer"],"picked":"Cursed Key"},{"not_picked":["Runic Dome","Tiny House"],"picked":"Snecko Eye"}],"items_purged_floors":[20],"is_endless":false,"potions_floor_spawned":[1,4,5,14,16,21,28,35,36,48,55],"ascension_level":20}}