{"host":"2l5k2wp87eek7qja","time":1613497011,"event":{"mods":["BaseMod","Colored Map","Minty Spire (QoL Compilation)","Relic Stats"],"gold_per_floor":[114,39,50,100,15,15,42,42,123,141,167,167,182,198,198,270,270,222,142,142,158,26,26,26,53,53,53,53,53,79,93,93,167,167,187,187,201,201,201,228,228,259,259,259,291,191,226,246,246,246,246,246,246,50,79,79],"floor_reached":57,"language":"ENG","playtime":2951,"items_purged":["Strike_G","Strike_G","Strike_G+1"],"score":3399,"play_id":"13e8aad1-3e69-4228-b09b-199a0ab3b052","local_time":"20210216193651","is_ascension_mode":true,"campfire_choices":[{"data":"Noxious Fumes","floor":6.0,"key":"SMITH"},{"data":"Poisoned Stab","floor":8.0,"key":"SMITH"},{"data":"Footwork","floor":12.0,"key":"SMITH"},{"floor":15.0,"key":"REST"},{"data":"Wraith Form v2","floor":23.0,"key":"SMITH"},{"data":"Catalyst","floor":27.0,"key":"SMITH"},{"data":"Well Laid Plans","floor":29.0,"key":"SMITH"},{"data":"Wraith Form v2","floor":32.0,"key":"SMITH"},{"data":"Night Terror","floor":41.0,"key":"SMITH"},{"floor":44.0,"key":"RECALL"},{"floor":49.0,"key":"REST"},{"data":"Acrobatics","floor":53,"key":"SMITH"}],"circlet_count":0,"master_deck":["AscendersBane","Strike_G+1","Defend_G+1","Defend_G+1","Defend_G+1","Defend_G+1","Defend_G+1","Survivor","Neutralize","Poisoned Stab+1","Predator","Noxious Fumes+1","Well Laid Plans+1","Footwork+1","Noxious Fumes","Dash","Wraith Form v2+1","Backflip+1","Catalyst+1","Wraith Form v2+1","Corpse Explosion","Acrobatics+1","Night Terror+1","Leg Sweep+1","PiercingWail","Blur+1","Night Terror+1","Wraith Form v2"],"relics":["Ring of the Snake","NeowsBlessing","Vajra","The Courier","Tingsha","Sozu","War Paint","Regal Pillow","Bottled Tornado","Mummified Hand","Velvet Choker","Gambling Chip","TungstenRod","Sundial","PreservedInsect","DollysMirror","Ornamental Fan"],"acts_visited":["Exordium","TheCity","TheBeyond","TheEnding"],"potions_floor_usage":[50],"damage_taken":[{"damage":0.0,"enemies":"Small Slimes","floor":1.0,"turns":1.0},{"damage":0.0,"enemies":"Cultist","floor":3.0,"turns":1.0},{"damage":0.0,"enemies":"Lagavulin","floor":7.0,"turns":1.0},{"damage":0.0,"enemies":"2 Louse","floor":10.0,"turns":2.0},{"damage":27.0,"enemies":"Gremlin Nob","floor":11.0,"turns":4.0},{"damage":16.0,"enemies":"Exordium Thugs","floor":13.0,"turns":5.0},{"damage":8.0,"enemies":"3 Louse","floor":14.0,"turns":3.0},{"damage":11.0,"enemies":"The Guardian","floor":16.0,"turns":10.0},{"damage":5.0,"enemies":"2 Thieves","floor":18.0,"turns":5.0},{"damage":7.0,"enemies":"Chosen","floor":21.0,"turns":5.0},{"damage":16.0,"enemies":"Book of Stabbing","floor":25.0,"turns":6.0},{"damage":5.0,"enemies":"Slavers","floor":30.0,"turns":6.0},{"damage":0.0,"enemies":"Shelled Parasite and Fungi","floor":31.0,"turns":6.0},{"damage":0.0,"enemies":"Automaton","floor":33.0,"turns":9.0},{"damage":0.0,"enemies":"3 Darklings","floor":35.0,"turns":4.0},{"damage":0.0,"enemies":"3 Shapes","floor":37.0,"turns":4.0},{"damage":0.0,"enemies":"Reptomancer","floor":40.0,"turns":6.0},{"damage":7.0,"enemies":"Nemesis","floor":42.0,"turns":9.0},{"damage":28.0,"enemies":"Giant Head","floor":45.0,"turns":8.0},{"damage":0.0,"enemies":"Reptomancer","floor":47.0,"turns":7.0},{"damage":0.0,"enemies":"Sphere and 2 Shapes","floor":48.0,"turns":5.0},{"damage":37,"enemies":"Awakened One","floor":50,"turns":21},{"damage":0,"enemies":"Donu and Deca","floor":51,"turns":9},{"damage":0,"enemies":"Shield and Spear","floor":55,"turns":6},{"damage":0,"enemies":"The Heart","floor":56,"turns":11}],"seed_played":"3086850412218083610","potions_obtained":[{"floor":10.0,"key":"LiquidMemories"},{"floor":14.0,"key":"Swift Potion"},{"floor":16.0,"key":"Regen Potion"}],"is_trial":false,"path_per_floor":["M","$","M","?","$","R","E","R","T","M","E","R","M","M","R","B",null,"M","$","?","M","$","R","?","E","T","R","?","R","E","M","R","B",null,"M","?","M","?","?","E","R","E","T","R","E","$","E","M","R","B","B",null,"R","$","E","B",null],"character_chosen":"THE_SILENT","items_purchased":["Noxious Fumes","War Paint","DollysMirror","Wraith Form v2"],"campfire_rested":2,"item_purchase_floors":[5,22,54,54],"current_hp_per_floor":[59,59,59,59,59,59,59,59,59,59,32,32,16,8,27,16,54,49,49,49,42,42,42,42,26,26,26,26,26,21,21,21,21,55,55,55,55,55,55,55,55,48,48,48,20,20,20,20,53,31,31,55,55,55,55,55],"gold":79,"neow_bonus":"THREE_ENEMY_KILL","is_daily":false,"chose_seed":false,"campfire_upgraded":9,"win_rate":0.0,"timestamp":1613497011,"path_taken":["M","$","M","?","$","R","E","R","T","M","E","R","?","M","R","BOSS","M","$","?","?","$","R","?","E","T","R","?","R","E","M","R","BOSS","M","?","M","?","?","E","R","E","T","R","E","$","E","M","R","BOSS","BOSS","R","$","E","BOSS"],"items_purchased_type":["Card","Relic","Relic","Card"],"build_version":"2020-12-22","purchased_purges":3,"victory":true,"max_hp_per_floor":[66,66,66,66,66,66,66,66,66,66,66,66,66,66,66,66,66,66,66,66,66,66,66,66,66,66,66,66,66,66,66,66,66,66,66,63,63,63,63,63,63,63,63,63,63,63,63,63,63,63,63,63,63,63,63,63],"relic_stats":{"Regal Pillow":15,"counters":[25,154],"Tingsha":[151],"PreservedInsect":77,"War Paint":["Defend_G","Backflip"],"Sozu":8,"Mummified Hand":[123],"Sundial":[10],"Ornamental Fan":[0],"Gambling Chip":[34],"obtain_stats":[{"Regal Pillow":25,"NeowsBlessing":0,"Vajra":7,"Velvet Choker":34,"Tingsha":11,"The Courier":9,"PreservedInsect":47,"War Paint":22,"Bottled Tornado":26,"Sozu":17,"Mummified Hand":30,"Sundial":45,"DollysMirror":54,"Ornamental Fan":55,"Gambling Chip":40,"TungstenRod":42,"Ring of the Snake":0},{"Regal Pillow":11,"NeowsBlessing":0,"Vajra":3,"Velvet Choker":14,"Tingsha":5,"The Courier":3,"PreservedInsect":20,"War Paint":10,"Bottled Tornado":11,"Sozu":8,"Mummified Hand":12,"Sundial":19,"DollysMirror":23,"Ornamental Fan":24,"Gambling Chip":17,"TungstenRod":18,"Ring of the Snake":0},{"Regal Pillow":43,"NeowsBlessing":0,"Vajra":3,"Velvet Choker":64,"Tingsha":9,"The Courier":3,"PreservedInsect":102,"War Paint":37,"Bottled Tornado":43,"Sozu":27,"Mummified Hand":49,"Sundial":95,"DollysMirror":137,"Ornamental Fan":143,"Gambling Chip":78,"TungstenRod":87,"Ring of the Snake":0}],"TungstenRod":88,"Ring of the Snake":[50]},"card_choices":[{"not_picked":["Sucker Punch","Backstab"],"picked":"Poisoned Stab","floor":1.0},{"not_picked":["Outmaneuver","Flechettes"],"picked":"Predator","floor":3.0},{"not_picked":["Prepared","Tactician"],"picked":"Well Laid Plans","floor":7.0},{"not_picked":["Well Laid Plans","Choke","Escape Plan"],"picked":"SKIP","floor":10.0},{"not_picked":["Dash","Predator"],"picked":"Footwork","floor":11.0},{"not_picked":["Deflect","Dodge and Roll"],"picked":"Noxious Fumes","floor":13.0},{"not_picked":["Expertise","Backstab"],"picked":"Dash","floor":14.0},{"not_picked":["A Thousand Cuts","Die Die Die"],"picked":"Wraith Form v2","floor":16.0},{"not_picked":["Outmaneuver","Slice"],"picked":"Backflip","floor":18.0},{"not_picked":["Heel Hook","Accuracy"],"picked":"Catalyst","floor":21.0},{"not_picked":["Calculated Gamble","Poisoned Stab"],"picked":"Corpse Explosion","floor":25.0},{"not_picked":["Underhanded Strike","Bane"],"picked":"Acrobatics","floor":30.0},{"not_picked":["Bane","Expertise+1","Dagger Throw"],"picked":"SKIP","floor":31.0},{"not_picked":["Unload","Die Die Die"],"picked":"Night Terror","floor":33.0},{"not_picked":["Sucker Punch","Backstab"],"picked":"Leg Sweep+1","floor":35.0},{"not_picked":["Predator","Concentrate","Deflect"],"picked":"SKIP","floor":37.0},{"not_picked":["Tactician+1","Quick Slash","Dodge and Roll"],"picked":"SKIP","floor":40.0},{"not_picked":["Concentrate","Flying Knee","Reflex"],"picked":"SKIP","floor":42.0},{"not_picked":["Heel Hook","Grand Finale","Bane"],"picked":"SKIP","floor":45.0},{"not_picked":["Underhanded Strike","Outmaneuver"],"picked":"PiercingWail","floor":47.0},{"not_picked":["Quick Slash+1","Glass Knife"],"picked":"Blur+1","floor":48.0},{"not_picked":["Dash","Prepared","Flechettes"],"picked":"SKIP","floor":55}],"player_experience":791147,"relics_obtained":[{"floor":7.0,"key":"Vajra"},{"floor":9.0,"key":"The Courier"},{"floor":11.0,"key":"Tingsha"},{"floor":25.0,"key":"Regal Pillow"},{"floor":26.0,"key":"Bottled Tornado"},{"floor":30.0,"key":"Mummified Hand"},{"floor":40.0,"key":"Gambling Chip"},{"floor":42.0,"key":"TungstenRod"},{"floor":45.0,"key":"Sundial"},{"floor":47.0,"key":"PreservedInsect"},{"floor":55,"key":"Ornamental Fan"}],"event_choices":[{"damage_healed":0.0,"max_hp_gain":0.0,"max_hp_loss":0.0,"gold_gain":50.0,"event_name":"Golden Shrine","player_choice":"Pray","floor":4.0,"gold_loss":0.0,"damage_taken":0.0},{"cards_removed":["Strike_G"],"damage_healed":0.0,"max_hp_gain":0.0,"max_hp_loss":0.0,"gold_gain":0.0,"event_name":"Purifier","player_choice":"Purged","floor":20.0,"gold_loss":0.0,"damage_taken":0.0},{"damage_healed":0.0,"max_hp_gain":0.0,"max_hp_loss":0.0,"gold_gain":0.0,"event_name":"The Library","player_choice":"Read","floor":24.0,"gold_loss":0.0,"damage_taken":0.0,"cards_obtained":["Wraith Form v2"]},{"damage_healed":0.0,"max_hp_gain":0.0,"max_hp_loss":0.0,"gold_gain":0.0,"event_name":"Back to Basics","player_choice":"Simplicity","floor":28.0,"gold_loss":0.0,"damage_taken":0.0,"cards_upgraded":["Strike_G","Strike_G","Defend_G","Defend_G","Defend_G","Defend_G"]},{"damage_healed":0.0,"max_hp_gain":0.0,"max_hp_loss":3.0,"gold_gain":0.0,"event_name":"Winding Halls","player_choice":"Max HP","floor":36.0,"gold_loss":0.0,"damage_taken":0.0},{"damage_healed":0.0,"max_hp_gain":0.0,"max_hp_loss":0.0,"gold_gain":0.0,"event_name":"SensoryStone","player_choice":"Memory 1","floor":38.0,"gold_loss":0.0,"damage_taken":0.0},{"damage_healed":0.0,"max_hp_gain":0.0,"max_hp_loss":0.0,"gold_gain":0.0,"event_name":"Lab","player_choice":"Got Potions","floor":39.0,"gold_loss":0.0,"damage_taken":0.0}],"is_beta":false,"boss_relics":[{"not_picked":["SlaversCollar","Ectoplasm"],"picked":"Sozu"},{"not_picked":["Astrolabe","Cursed Key"],"picked":"Velvet Choker"}],"items_purged_floors":[2,19,46],"is_endless":false,"potions_floor_spawned":[10,14,16,21,30,33,40,42,48],"ascension_level":20}}