{"host":"whloki2o3dp1b07n","time":1613495138,"event":{"mods":["100% Spire Juice","Abigail Mod","Act Like it!","Arknights","BaseMod","Better Synergies","Block Reminder","Bossed Relics","CapriCore","Colored Map","Colored Powertips","DNKmod","Friendly Minions","GifTheSpireLib","GungeonMod","HexUI Lib","Koishi","Marked Mod","Minty Spire (QoL Compilation)","Poor People Problems","Shapeshifter Mod","StSLib","Swap Starting Deck Mod","The Bug Knight","The Marked","TheSurvivalist","Transform Curses"],"gold_per_floor":[209,224,240,259,71,71,96,96,96,96,126,140,152,152,152,253,253,193,193],"floor_reached":18,"language":"ENG","playtime":6278,"items_purged":[],"score":247,"play_id":"672d15b6-905e-4e62-9ccd-1e4b25f87301","local_time":"20210216120538","is_ascension_mode":false,"campfire_choices":[{"floor":6,"key":"REST"},{"floor":8,"key":"REST"},{"floor":10,"key":"REST"},{"data":"StSShapeShifter:DragonForm","floor":15,"key":"SMITH"}],"circlet_count":0,"master_deck":["StSShapeShifter:ShapeShifter_Strike","StSShapeShifter:ShapeShifter_Strike","StSShapeShifter:ShapeShifter_Strike","StSShapeShifter:ShapeShifter_Strike","StSShapeShifter:ShapeShifter_Strike","StSShapeShifter:ShapeShifter_Defend","StSShapeShifter:ShapeShifter_Defend","StSShapeShifter:ShapeShifter_Defend","StSShapeShifter:ShapeShifter_Defend","StSShapeShifter:ShapeShifter_Defend","StSShapeShifter:Tortoise_Form","StSShapeShifter:Lynx_Form","StSShapeShifter:OwlForm","StSShapeShifter:PantherForm","StSShapeShifter:Ensconce","StSShapeShifter:VineHandcuffs","StSShapeShifter:WiltingWrath","StSShapeShifter:DeepWound","StSShapeShifter:Consume","StSShapeShifter:DragonForm+1","StSShapeShifter:BladeOfGrass","StSShapeShifter:MonkeyForm","StSShapeShifter:FullMoon"],"relics":["StSShapeShifter:AnimalHeart","StSShapeShifter:TheShapeShiftersMagnolia","Vajra","Shuriken","Matryoshka","Astrolabe"],"acts_visited":["Exordium","TheCity"],"potions_floor_usage":[12,16,16,16],"damage_taken":[{"damage":0,"enemies":"2 Louse","floor":1,"turns":2},{"damage":11,"enemies":"Cultist","floor":2,"turns":5},{"damage":0,"enemies":"Jaw Worm","floor":3,"turns":5},{"damage":22,"enemies":"Large Slime","floor":4,"turns":7},{"damage":59,"enemies":"Gremlin Nob","floor":7,"turns":6},{"damage":0,"enemies":"3 Sentries","floor":11,"turns":3},{"damage":12,"enemies":"2 Fungi Beasts","floor":12,"turns":5},{"damage":0,"enemies":"Exordium Thugs","floor":13,"turns":3},{"damage":0,"enemies":"Slime Boss","floor":16,"turns":7},{"damage":33,"enemies":"2 Thieves","floor":18,"turns":3}],"seed_played":"-4823176673742781932","potions_obtained":[{"floor":2,"key":"Strength Potion"},{"floor":4,"key":"EssenceOfSteel"},{"floor":11,"key":"StSShapeShifter:PolyBeastPotion"},{"floor":12,"key":"Strength Potion"},{"floor":16,"key":"Dexterity Potion"}],"is_trial":false,"path_per_floor":["M","M","M","M","$","R","E","R","T","R","E","M","M","?","R","B",null,"M"],"character_chosen":"SHAPESHIFTER","items_purchased":["StSShapeShifter:WiltingWrath","StSShapeShifter:DeepWound","StSShapeShifter:Consume"],"campfire_rested":3,"item_purchase_floors":[5,5,5],"current_hp_per_floor":[78,67,67,45,45,68,9,32,32,55,55,43,43,78,78,78,78,45,45],"gold":193,"neow_bonus":"HUNDRED_GOLD","is_daily":false,"chose_seed":false,"campfire_upgraded":1,"win_rate":0.0,"timestamp":1613495138,"path_taken":["M","M","M","M","$","R","E","R","T","R","E","M","M","?","R","BOSS","M"],"items_purchased_type":["Card","Card","Card"],"build_version":"2020-12-22","purchased_purges":0,"victory":false,"max_hp_per_floor":[78,78,78,78,78,78,78,78,78,78,78,78,78,78,78,78,78,78,78],"card_choices":[{"not_picked":["StSShapeShifter:DeerForm","StSShapeShifter:BurstingSpore"],"picked":"StSShapeShifter:OwlForm","floor":1},{"not_picked":["StSShapeShifter:Maul","StSShapeShifter:DeerForm"],"picked":"StSShapeShifter:PantherForm","floor":2},{"not_picked":["StSShapeShifter:AdaptiveStrikes","StSShapeShifter:EmbraceTheCycle"],"picked":"StSShapeShifter:Ensconce","floor":3},{"not_picked":["StSShapeShifter:AdaptiveStrikes","StSShapeShifter:BarkSkin"],"picked":"StSShapeShifter:VineHandcuffs","floor":4},{"not_picked":["StSShapeShifter:BloomingSlash","StSShapeShifter:BulwarkOfDiscovery"],"picked":"StSShapeShifter:DragonForm","floor":7},{"not_picked":["StSShapeShifter:AdaptiveStrikes","StSShapeShifter:FesteringBite"],"picked":"StSShapeShifter:BladeOfGrass","floor":11},{"not_picked":["StSShapeShifter:Sapling","StSShapeShifter:FesteringBite"],"picked":"StSShapeShifter:MonkeyForm","floor":12},{"not_picked":["StSShapeShifter:SunflowerShuriken","StSShapeShifter:Sapling"],"picked":"StSShapeShifter:PorcupineForm","floor":13},{"not_picked":["StSShapeShifter:Blossom2","StSShapeShifter:Winter"],"picked":"StSShapeShifter:FullMoon","floor":16}],"player_experience":1147623,"relics_obtained":[{"floor":7,"key":"Vajra"},{"floor":9,"key":"Shuriken"},{"floor":11,"key":"Matryoshka"}],"event_choices":[{"cards_removed":["StSShapeShifter:PorcupineForm"],"damage_healed":35,"gold_gain":0,"player_choice":"Offered Uncommon","damage_taken":0,"max_hp_gain":0,"max_hp_loss":0,"event_name":"Bonfire Elementals","floor":14,"gold_loss":0}],"is_beta":false,"boss_relics":[{"not_picked":["DemoMod:WaxWing","Black Star"],"picked":"Astrolabe"}],"items_purged_floors":[],"is_endless":false,"potions_floor_spawned":[2,4,11,12,16],"killed_by":"2 Thieves","ascension_level":0}}